{"host":"t7mx8yfj1no5p62f","time":1613519744,"event":{"mods":["BaseMod","Colored Map","Colored Powertips","Curses Come First","Minty Spire (QoL Compilation)","Relic Stats","StSLib"],"gold_per_floor":[118,118,131,149,164,164,164,199,199,199,199,199],"floor_reached":11,"language":"ENG","playtime":240,"items_purged":[],"score":146,"play_id":"77101701-fa58-48b4-bb9b-2b8601983e0f","local_time":"20210216185544","is_ascension_mode":true,"campfire_choices":[{"data":"Clothesline","floor":6.0,"key":"SMITH"}],"circlet_count":0,"master_deck":["AscendersBane","Strike_R","Strike_R","Strike_R","Strike_R","Defend_R","Defend_R","Defend_R","Defend_R","Bash+1","Headbutt","Clothesline+1","Dual Wield","Seeing Red","Second Wind"],"relics":["Burning Blood","Frozen Egg 2","Peace Pipe","Shuriken"],"acts_visited":["Exordium"],"potions_floor_usage":[8],"damage_taken":[{"damage":4.0,"enemies":"Small Slimes","floor":1.0,"turns":4.0},{"damage":15.0,"enemies":"2 Louse","floor":3.0,"turns":3.0},{"damage":4.0,"enemies":"Jaw Worm","floor":4.0,"turns":3.0},{"damage":12.0,"enemies":"Blue Slaver","floor":5.0,"turns":3.0},{"damage":32,"enemies":"Lagavulin","floor":8,"turns":6},{"damage":20,"enemies":"3 Sentries","floor":11,"turns":2}],"seed_played":"7135418094935027465","potions_obtained":[{"floor":3.0,"key":"GamblersBrew"}],"is_trial":false,"path_per_floor":["M","?","M","M","M","R","?","E","T","?","E"],"character_chosen":"IRONCLAD","items_purchased":[],"campfire_rested":0,"item_purchase_floors":[],"current_hp_per_floor":[70,59,50,52,46,46,46,20,20,20,0,0],"gold":199,"neow_bonus":"UPGRADE_CARD","is_daily":false,"chose_seed":false,"campfire_upgraded":1,"win_rate":0.0,"timestamp":1613519744,"path_taken":["M","?","M","M","M","R","?","E","T","?","E"],"items_purchased_type":[],"build_version":"2020-12-22","purchased_purges":0,"victory":false,"max_hp_per_floor":[75,75,75,75,75,75,75,75,75,75,75,75],"relic_stats":{"Peace Pipe":0,"counters":[6,21],"Shuriken":[0],"obtain_stats":[{"Peace Pipe":8,"Shuriken":9,"Frozen Egg 2":2,"Burning Blood":0},{"Peace Pipe":5,"Shuriken":5,"Frozen Egg 2":1,"Burning Blood":0},{"Peace Pipe":19,"Shuriken":19,"Frozen Egg 2":4,"Burning Blood":0}],"Burning Blood":30},"card_choices":[{"not_picked":["Heavy Blade","Blood for Blood"],"picked":"Headbutt","floor":1.0},{"not_picked":["Iron Wave","True Grit"],"picked":"Clothesline","floor":3.0},{"not_picked":["Flex","Wild Strike","Sentinel"],"picked":"SKIP","floor":4.0},{"not_picked":["Body Slam","Headbutt"],"picked":"Dual Wield","floor":5.0},{"not_picked":["Wild Strike","Entrench"],"picked":"Second Wind","floor":8}],"player_experience":1974445,"relics_obtained":[{"floor":8,"key":"Peace Pipe"},{"floor":9,"key":"Shuriken"}],"event_choices":[{"damage_healed":0.0,"max_hp_gain":0.0,"max_hp_loss":0.0,"gold_gain":0.0,"event_name":"Scrap Ooze","player_choice":"Success","floor":2.0,"gold_loss":0.0,"damage_taken":11.0,"relics_obtained":["Frozen Egg 2"]},{"damage_healed":0.0,"max_hp_gain":0.0,"max_hp_loss":0.0,"gold_gain":0.0,"cards_transformed":["Strike_R"],"event_name":"Living Wall","player_choice":"Change","floor":7.0,"gold_loss":0.0,"damage_taken":0.0,"cards_obtained":["Seeing Red"]},{"damage_healed":0,"gold_gain":0,"player_choice":"Ignored","damage_taken":0,"max_hp_gain":0,"max_hp_loss":0,"event_name":"Shining Light","floor":10,"gold_loss":0}],"is_beta":false,"boss_relics":[],"items_purged_floors":[],"is_endless":false,"potions_floor_spawned":[3],"killed_by":"3 Sentries","ascension_level":20}}