{"host":"phapnj0danpxvjlm","time":1613442378,"event":{"mods":["BaseMod","Better Note","Better Third Choice","BetterRewards","Bossed Relics","Colored Powertips","Downfall","Hermit","Minty Spire (QoL Compilation)","Permanent Neow","Quick Restart","Rare Cards Sparkle","Spire Arcade","StSLib","The Animator","The Necromancer","The Wild Card"],"gold_per_floor":[99,113,113,125,125,25,52,65,65,121,121,133,147,167,180,285,285,285,297,297,297,317,333,333,333,344,344,29,29,29,40,55,156,156,156,171,171,189,189,221,273,273,290,310,324,335,335,78,92,92,92,92],"floor_reached":50,"language":"ENG","playtime":2240,"items_purged":[],"score":522,"play_id":"1626e4cc-ed11-4a20-8862-588f768d8586","local_time":"20210216032618","is_ascension_mode":false,"campfire_choices":[{"floor":1.0,"key":"RECALL"},{"data":"champ:Taunt","floor":6.0,"key":"SMITH"},{"data":"champ:Haymaker","floor":9.0,"key":"SMITH"},{"data":"champ:TornadoPunch","floor":11.0,"key":"SMITH"},{"data":"champ:LastStand","floor":18.0,"key":"SMITH"},{"floor":25.0,"key":"REST"},{"data":"champ:Execute","floor":27.0,"key":"SMITH"},{"floor":30.0,"key":"REST"},{"data":"champ:LastStand","floor":35.0,"key":"SMITH"},{"floor":47,"key":"REST"}],"circlet_count":0,"master_deck":["champ:Strike","champ:Strike","champ:Strike","champ:Strike","champ:Defend","champ:Defend","champ:Defend","champ:Execute+1","champ:Taunt+1","champ:ArenaPreparation+1","champ:Haymaker+1","champ:TornadoPunch+1","champ:Shatter","champ:FanOfKnives","champ:CrownThrow","champ:LastStand+1","champ:Backstep","champ:Endure","champ:FaceSlap+1","champ:LastStand+1","champ:Devastate","champ:CalledShot+1","champ:PreciseThrust","champ:LastStand+1","champ:Circumvent+1","champ:CheapShot","champ:ShieldWall+1"],"relics":["champ:ChampionCrown","downfall:HeartBlessingRed","Omamori","Orichalcum","Lizard Tail","champ:BerserkersGuideToSlaughter","Anchor","Tiny House","Ginger","champ:FightingForDummies","Lee\u0027s Waffle"],"acts_visited":["Exordium","TheCity","TheBeyond"],"potions_floor_usage":[48,50,50,50],"damage_taken":[{"damage":28.0,"enemies":"Jaw Worm","floor":2.0,"turns":3.0},{"damage":30.0,"enemies":"Cultist","floor":4.0,"turns":3.0},{"damage":0.0,"enemies":"2 Louse","floor":8.0,"turns":2.0},{"damage":12.0,"enemies":"Gremlin Nob","floor":10.0,"turns":3.0},{"damage":20.0,"enemies":"Blue Slaver","floor":12.0,"turns":3.0},{"damage":15.0,"enemies":"2 Fungi Beasts","floor":13.0,"turns":2.0},{"damage":11.0,"enemies":"Lots of Slimes","floor":14.0,"turns":3.0},{"damage":14.0,"enemies":"downfall:LooterAlt","floor":15.0,"turns":3.0},{"damage":60.0,"enemies":"DF_ARCHETYPE_STREAMLINE","floor":16.0,"turns":7.0},{"damage":5.0,"enemies":"3 Byrds","floor":19.0,"turns":3.0},{"damage":31.0,"enemies":"Spheric Guardian","floor":22.0,"turns":4.0},{"damage":34.0,"enemies":"Snecko","floor":23.0,"turns":5.0},{"damage":16.0,"enemies":"Chosen and Byrds","floor":26.0,"turns":6.0},{"damage":29.0,"enemies":"downfall:FleeingMerchant","floor":28.0,"turns":4.0},{"damage":0.0,"enemies":"3 Cultists","floor":29.0,"turns":1.0},{"damage":33.0,"enemies":"Snecko","floor":31.0,"turns":5.0},{"damage":40.0,"enemies":"Centurion and Healer","floor":32.0,"turns":6.0},{"damage":70.0,"enemies":"IC_MUSHROOM_ARCHETYPE","floor":33.0,"turns":9.0},{"damage":60.0,"enemies":"3 Darklings","floor":36.0,"turns":16.0},{"damage":22.0,"enemies":"Orb Walker","floor":38.0,"turns":4.0},{"damage":40.0,"enemies":"Nemesis","floor":40.0,"turns":9.0},{"damage":25.0,"enemies":"Transient","floor":43.0,"turns":5.0},{"damage":36.0,"enemies":"4 Shapes","floor":44.0,"turns":5.0},{"damage":22.0,"enemies":"Maw","floor":45.0,"turns":5.0},{"damage":17,"enemies":"3 Darklings","floor":46,"turns":5},{"damage":10,"enemies":"downfall:FleeingMerchant","floor":48,"turns":5},{"damage":35,"enemies":"Spire Growth","floor":49,"turns":7},{"damage":171,"enemies":"WA_ARCHETYPE_DIVINITY","floor":50,"turns":9}],"seed_played":"-1646635632951584734","potions_obtained":[{"floor":8.0,"key":"Fire Potion"},{"floor":12.0,"key":"LiquidBronze"},{"floor":13.0,"key":"FearPotion"},{"floor":22.0,"key":"SmokeBomb"},{"floor":33.0,"key":"champ:CounterPotion"},{"floor":36.0,"key":"Guardian:BlockOnCardUsePotion"},{"floor":44.0,"key":"sneckomod:MuddlingPotion"},{"floor":46,"key":"AttackPotion"}],"is_trial":false,"path_per_floor":["R","M","?","M","?","R","T","M","R","?","R","M","M","M","M","B",null,"R","M","?","?","M","M","T","R","M","R","$","M","R","M","M","B",null,"R","M","?","M","?","E","T","?","M","M","M","M","R","$","M","B"],"character_chosen":"THE_CHAMP","items_purchased":["champ:BerserkersGuideToSlaughter","Anchor","Lee\u0027s Waffle","Slimebound:ThreeZeroPotion"],"campfire_rested":3,"item_purchase_floors":[28,28,48,48],"current_hp_per_floor":[99,91,91,91,91,91,91,91,91,89,89,84,84,83,79,39,99,99,99,99,99,83,59,59,88,82,82,78,78,99,81,71,36,99,99,84,84,77,77,52,52,52,37,19,59,47,76,106,99,0,0,0],"gold":92,"neow_bonus":"TEN_PERCENT_HP_BONUS","is_daily":false,"chose_seed":false,"campfire_upgraded":6,"win_rate":0.0,"timestamp":1613442378,"path_taken":["R","M","?","?","?","R","T","M","R","?","R","M","M","M","M","BOSS","R","M","?","?","M","M","T","R","?","R","?","M","R","M","M","BOSS","R","M","?","M","?","E","T","?","M","M","M","?","R","$","M","BOSS"],"items_purchased_type":["Relic","Relic","Relic","Potion"],"build_version":"2020-12-22","purchased_purges":0,"victory":false,"max_hp_per_floor":[99,99,99,99,99,99,99,99,99,99,99,99,99,99,99,99,99,99,99,99,99,99,99,99,99,99,99,99,99,99,99,99,99,99,99,99,99,99,99,99,99,99,99,99,99,99,99,106,106,106,106,106],"card_choices":[{"not_picked":["champ:BerserkersShout","champ:FlashCut"],"picked":"champ:ArenaPreparation","floor":2.0},{"not_picked":["champ:Circumvent","champ:FocusedBerserking"],"picked":"champ:Haymaker","floor":4.0},{"not_picked":["champ:PreemptiveStrike","champ:StanceDance","champ:EnGarde"],"picked":"SKIP","floor":8.0},{"not_picked":["champ:AdrenalArmor","champ:HoldFirm"],"picked":"champ:TornadoPunch","floor":10.0},{"not_picked":["champ:Parry","champ:FlashCut"],"picked":"champ:Shatter","floor":12.0},{"not_picked":["champ:Parry","champ:Circumvent","champ:StanceDance"],"picked":"SKIP","floor":13.0},{"not_picked":["champ:ShieldWall","champ:AdrenalArmor"],"picked":"champ:FanOfKnives","floor":14.0},{"not_picked":["champ:PreemptiveStrike","champ:FocusedBerserking"],"picked":"champ:CrownThrow","floor":15.0},{"not_picked":["champ:CheapShot","champ:DancingMaster"],"picked":"champ:LastStand","floor":16.0},{"not_picked":["champ:BladeFlurry","champ:Backstep","champ:Haymaker"],"picked":"SKIP","floor":19.0},{"not_picked":["champ:DefensiveShout","champ:FocusedBerserking"],"picked":"champ:Endure","floor":22.0},{"not_picked":["champ:ArenaPreparation","champ:HeartStrike","champ:FanOfKnives"],"picked":"SKIP","floor":23.0},{"not_picked":["champ:DefensiveShout","champ:Circumvent","champ:Backstep"],"picked":"SKIP","floor":26.0},{"not_picked":["champ:RecklessLeap","champ:Lariat"],"picked":"champ:FaceSlap+1","floor":28.0},{"not_picked":["champ:CrownThrow","champ:PreciseThrust"],"picked":"champ:LastStand","floor":31.0},{"not_picked":["champ:GutPunch","champ:EnGarde","champ:CrownThrow"],"picked":"SKIP","floor":32.0},{"not_picked":["champ:UltimateStance","champ:CheapShot"],"picked":"champ:Devastate","floor":33.0},{"not_picked":["champ:Shatter","champ:Haymaker"],"picked":"champ:CalledShot+1","floor":36.0},{"not_picked":["champ:Backstep+1","champ:TornadoPunch+1"],"picked":"champ:PreciseThrust","floor":38.0},{"not_picked":["champ:GladiatorStyle+1","champ:ShieldWall","champ:GutPunch+1"],"picked":"SKIP","floor":40.0},{"not_picked":["champ:Backstep+1","champ:Circumvent","champ:StanceDance+1"],"picked":"SKIP","floor":43.0},{"not_picked":["champ:TornadoPunch","champ:RecklessLeap+1","champ:PerfectedStrike+1"],"picked":"SKIP","floor":44.0},{"not_picked":["champ:PreciseThrust+1","champ:ShieldSlam"],"picked":"champ:Circumvent+1","floor":45.0},{"not_picked":["champ:BladeFlurry+1","champ:TornadoPunch"],"picked":"champ:CheapShot","floor":46},{"not_picked":["champ:PreemptiveStrike+1","champ:DefensiveShout"],"picked":"champ:ShieldWall+1","floor":48},{"not_picked":["champ:FalseCounter","champ:IronFortress","champ:CrownThrow+1"],"picked":"SKIP","floor":49}],"player_experience":554467,"relics_obtained":[{"floor":7.0,"key":"Omamori"},{"floor":10.0,"key":"Orichalcum"},{"floor":24.0,"key":"Lizard Tail"},{"floor":40.0,"key":"Ginger"},{"floor":41.0,"key":"champ:FightingForDummies"}],"event_choices":[{"damage_healed":0.0,"max_hp_gain":0.0,"max_hp_loss":0.0,"gold_gain":0.0,"event_name":"betterNote:BetterNote","player_choice":"Ignored","floor":20.0,"gold_loss":0.0,"damage_taken":0.0,"cards_obtained":["Slimebound:MassRepurpose"]},{"cards_removed":["champ:Defend"],"damage_healed":0.0,"max_hp_gain":0.0,"max_hp_loss":0.0,"gold_gain":0.0,"event_name":"Falling","player_choice":"Removed Skill","floor":37.0,"gold_loss":0.0,"damage_taken":0.0},{"damage_healed":0.0,"max_hp_gain":0.0,"max_hp_loss":0.0,"gold_gain":0.0,"event_name":"Mysterious Sphere","player_choice":"Ignored","floor":39.0,"gold_loss":0.0,"damage_taken":0.0}],"is_beta":false,"boss_relics":[{"not_picked":["Fusion Hammer","Snecko Eye","Busted Crown"]},{"not_picked":["bronze:MakeshiftBattery","Runic Dome"],"picked":"Tiny House"}],"items_purged_floors":[],"is_endless":false,"potions_floor_spawned":[8,12,13,22,29,33,36,44,46,49],"killed_by":"WA_ARCHETYPE_DIVINITY","ascension_level":0}}