{"host":"kig4ty9d1aubg29s","time":1613448646,"event":{"mods":["BaseMod","Minty Spire (QoL Compilation)","READ ME - Guardian Mod","READ ME - Snecko Mod","StSLib","The Cursed","The Gatherer","The Hierophant","The Runesmith"],"gold_per_floor":[110,75,88,101,101,130,142,54,54,54,54,88,88,88,88,88,88],"floor_reached":16,"language":"KOR","playtime":550,"items_purged":[],"score":200,"play_id":"03980b1c-7b6d-4827-b3b8-3def7c90b9b4","local_time":"20210216131046","is_ascension_mode":true,"campfire_choices":[{"floor":11,"key":"DIG"},{"floor":13,"key":"REST"},{"floor":15,"key":"DIG"}],"circlet_count":0,"master_deck":["AscendersBane","Strike_G","Strike_G","Strike_G","Strike_G","Strike_G","Defend_G","Defend_G+1","Defend_G","Defend_G","Defend_G","Survivor+1","Neutralize","Grand Finale","Crippling Poison","Noxious Fumes","Bane","Regret","Backflip","Bane","Corpse Explosion","Parasite","Heel Hook","Injury"],"relics":["Ring of the Snake","Shuriken","Thread and Needle","Shovel","War Paint","Question Card","Golden Idol","Juzu Bracelet"],"acts_visited":["Exordium"],"potions_floor_usage":[12,16],"damage_taken":[{"damage":3,"enemies":"Small Slimes","floor":1,"turns":4},{"damage":7,"enemies":"Jaw Worm","floor":3,"turns":5},{"damage":0,"enemies":"2 Louse","floor":4,"turns":3},{"damage":38,"enemies":"Lagavulin","floor":6,"turns":9},{"damage":0,"enemies":"Looter","floor":7,"turns":3},{"damage":9,"enemies":"3 Sentries","floor":12,"turns":4},{"damage":48,"enemies":"Hexaghost","floor":16,"turns":9}],"seed_played":"8659688009798255946","potions_obtained":[{"floor":6,"key":"ColorlessPotion"},{"floor":12,"key":"LiquidBronze"}],"is_trial":false,"path_per_floor":["M","?","M","M","?","E","M","$","T","?","R","E","R","?","R","B"],"character_chosen":"THE_SILENT","items_purchased":["Corpse Explosion"],"campfire_rested":1,"item_purchase_floors":[8],"current_hp_per_floor":[56,66,59,59,59,21,21,21,21,37,37,28,47,47,47,0,0],"gold":88,"neow_bonus":"ONE_RANDOM_RARE_CARD","is_daily":false,"chose_seed":false,"campfire_upgraded":0,"win_rate":0.0,"timestamp":1613448646,"path_taken":["M","?","M","M","?","E","?","$","T","?","R","E","R","?","R","BOSS"],"items_purchased_type":["Card"],"build_version":"2020-12-22","purchased_purges":0,"victory":false,"max_hp_per_floor":[66,66,66,66,66,66,66,66,66,66,66,66,66,66,66,66,66],"card_choices":[{"not_picked":["Underhanded Strike","Flying Knee"],"picked":"Crippling Poison","floor":1},{"not_picked":["Dagger Spray","Concentrate"],"picked":"Noxious Fumes","floor":3},{"not_picked":["Prepared","Setup"],"picked":"Bane","floor":4},{"not_picked":["Dagger Spray","Endless Agony"],"picked":"Backflip","floor":6},{"not_picked":["Outmaneuver","Backflip"],"picked":"Bane","floor":7},{"not_picked":["Outmaneuver","Prepared"],"picked":"Heel Hook","floor":12}],"player_experience":1980554,"relics_obtained":[{"floor":6,"key":"Thread and Needle"},{"floor":9,"key":"Shovel"},{"floor":11,"key":"War Paint"},{"floor":12,"key":"Question Card"},{"floor":15,"key":"Juzu Bracelet"}],"event_choices":[{"damage_healed":16,"gold_gain":0,"player_choice":"Healed","damage_taken":0,"max_hp_gain":0,"max_hp_loss":0,"event_name":"The Cleric","floor":2,"gold_loss":35},{"damage_healed":0,"gold_gain":0,"player_choice":"Box","damage_taken":0,"relics_obtained":["Shuriken"],"max_hp_gain":0,"max_hp_loss":0,"event_name":"Big Fish","floor":5,"gold_loss":0,"cards_obtained":["Regret"]},{"damage_healed":16,"gold_gain":0,"player_choice":"Healed and dodged fight","damage_taken":0,"max_hp_gain":0,"max_hp_loss":0,"event_name":"Mushrooms","floor":10,"gold_loss":0,"cards_obtained":["Parasite"]},{"damage_healed":0,"gold_gain":0,"player_choice":"Take Wound","damage_taken":0,"relics_obtained":["Golden Idol"],"max_hp_gain":0,"max_hp_loss":0,"event_name":"Golden Idol","floor":14,"gold_loss":0,"cards_obtained":["Injury"]}],"is_beta":false,"boss_relics":[],"items_purged_floors":[],"is_endless":false,"potions_floor_spawned":[6,12],"killed_by":"Hexaghost","ascension_level":17}}