{"host":"zjc1tzo4ovig5lll","time":1613491611,"event":{"mods":["AchievementEnabler","Aspiration","BaseMod","Beaked The Cultist","Better Altar","Better Match","Better Note","Better Sensory Stone","Colored Map","Colored Powertips","Conspire","Energized Spire","Friendly Minions","GifTheSpireLib","Hermit","Minty Spire (QoL Compilation)","Rare Cards Sparkle","Reliquary","Replay The Spire","StSLib","The Blue Laboratory","The Construct","The Jungle","everything is the same but u backflip on backflip"],"gold_per_floor":[111,124,71,88,88,88,119,119,119,132,132,132,132,132,132,102,102,102,102],"floor_reached":18,"language":"ENG","playtime":751,"items_purged":[],"score":207,"play_id":"e4e307c7-c093-40da-b26b-7d16008ea4fd","local_time":"20210216180651","is_ascension_mode":true,"campfire_choices":[{"data":"construct:ScopeCore","floor":6.0,"key":"SMITH"},{"data":"construct:ScopeCore+1","floor":12.0,"key":"SMITH"},{"floor":17.0,"key":"DIG"}],"circlet_count":0,"master_deck":["conspire:GhostlyStrike","conspire:GhostlyStrike","conspire:GhostlyStrike","conspire:GhostlyStrike","conspire:GhostlyStrike","conspire:GhostlyDefend","conspire:GhostlyDefend","conspire:GhostlyDefend","conspire:GhostlyDefend","conspire:GhostlyDefend","construct:DefenseMode","construct:ScopeCore+2","construct:Autoturret","ReplayTheSpireMod:Trickstab","construct:PointDefense"],"relics":["construct:ClockworkPhoenix","reliquary:OuijaBoard","reliquary:RosewoodLute"],"acts_visited":["Exordium"],"potions_floor_usage":[],"damage_taken":[{"damage":4.0,"enemies":"conspire:RoseBush","floor":1.0,"turns":6.0},{"damage":5.0,"enemies":"Small Slimes","floor":2.0,"turns":4.0},{"damage":3.0,"enemies":"2 Louse","floor":4.0,"turns":7.0},{"damage":7.0,"enemies":"Replay:BlueRogue","floor":7.0,"turns":18.0},{"damage":16.0,"enemies":"Exordium Wildlife","floor":10.0,"turns":9.0},{"damage":2.0,"enemies":"Looter","floor":16.0,"turns":4.0},{"damage":39,"enemies":"Fading Forest","floor":18,"turns":9}],"seed_played":"-6066746341650415647","potions_obtained":[{"floor":7.0,"key":"blueLaboratory:EmptyBottle"},{"floor":10.0,"key":"blueLaboratory:FrostheartPotion"}],"is_trial":false,"path_per_floor":["M","M","$","M","?","R","E","?","T","M","?","R","PTL","PTL","?","M","R_BF","B"],"character_chosen":"THE_CONSTRUCT_MOD","items_purchased":["construct:Autoturret"],"campfire_rested":0,"item_purchase_floors":[3],"current_hp_per_floor":[81,76,76,73,73,73,66,66,66,50,50,50,50,50,50,48,48,17,17],"gold":102,"neow_bonus":"TEN_PERCENT_HP_BONUS","is_daily":false,"chose_seed":false,"campfire_upgraded":2,"win_rate":0.0,"timestamp":1613491611,"path_taken":["M","M","$","M","?","R","E","?","T","M","?","R","PTL","PTL","?","M","R_BF","BOSS"],"items_purchased_type":["Card"],"build_version":"2020-12-22","purchased_purges":0,"victory":false,"max_hp_per_floor":[93,93,93,93,93,93,93,93,93,93,93,93,93,93,93,93,93,93,93],"card_choices":[{"not_picked":["construct:Autoturret","construct:VentSteam"],"picked":"construct:ScopeCore","floor":1.0},{"not_picked":["construct:SweepLaser","construct:Missile","construct:Backfire"],"picked":"SKIP","floor":2.0},{"not_picked":["construct:VentSteam","construct:ScrapCannon","construct:FocusedBeam"],"picked":"SKIP","floor":4.0},{"not_picked":["construct:MemoryTap","construct:Backfire","construct:HeavyBolt"],"picked":"SKIP","floor":7.0},{"not_picked":["Violence","Secret Weapon"],"picked":"ReplayTheSpireMod:Trickstab","floor":8.0},{"not_picked":["construct:Impenetrable","construct:Disrupt","construct:Zapper"],"picked":"SKIP","floor":10.0},{"not_picked":["construct:Backfire","construct:Versatility"],"picked":"construct:PointDefense","floor":16.0}],"player_experience":739320,"relics_obtained":[{"floor":7.0,"key":"reliquary:OuijaBoard"},{"floor":17.0,"key":"reliquary:RosewoodLute"}],"event_choices":[{"damage_healed":0.0,"max_hp_gain":0.0,"max_hp_loss":0.0,"gold_gain":0.0,"event_name":"conspire:Investor","player_choice":"Leave","floor":5.0,"gold_loss":0.0,"damage_taken":0.0},{"damage_healed":0.0,"max_hp_gain":0.0,"max_hp_loss":0.0,"gold_gain":1.0,"event_name":"betterStone:BetterStone","player_choice":"1","floor":8.0,"gold_loss":0.0,"damage_taken":0.0},{"damage_healed":0.0,"max_hp_gain":0.0,"max_hp_loss":0.0,"gold_gain":0.0,"event_name":"conspire:LoneGhost","player_choice":"Agree","floor":11.0,"gold_loss":0.0,"damage_taken":0.0},{"cards_removed":["construct:AttackMode"],"damage_healed":0.0,"max_hp_gain":0.0,"max_hp_loss":0.0,"gold_gain":0.0,"event_name":"Living Wall","player_choice":"Forget","floor":15.0,"gold_loss":0.0,"damage_taken":0.0}],"is_beta":false,"boss_relics":[],"items_purged_floors":[],"is_endless":false,"potions_floor_spawned":[7,10],"killed_by":"Fading Forest","ascension_level":9}}