{"host":"cpsutu8lprjuipd6","time":1613489208,"event":{"mods":["BaseMod","Colored Map","Minty Spire (QoL Compilation)","Permanent Neow","Quick Restart","StSLib","SuperFastMode","The Bug Knight","Together in Spire"],"gold_per_floor":[115,115,133,133,133,162,162,173,173,187,187,215,215,549,549,644,644,663,695,695,720,742,754,785,815,879,891,360,378,72,89,89,189,189,204,204,52,71,87,87,87],"floor_reached":40,"language":"KOR","playtime":2688,"items_purged":["Strike_P"],"score":480,"play_id":"83b74b18-f1f6-4d69-b79a-2b1be169f6ac","local_time":"20210217002648","is_ascension_mode":true,"campfire_choices":[{"data":"Eruption","floor":7,"key":"SMITH"},{"floor":15,"key":"REST"},{"floor":23,"key":"REST"},{"floor":27,"key":"REST"},{"floor":32,"key":"RECALL"}],"circlet_count":0,"master_deck":["Strike_P","Defend_P","Defend_P","Defend_P","Eruption+1","Vigilance","FlyingSleeves+1","Halt+1","Consecrate+1","Consecrate+1","Vengeance+1","ClearTheMind+1","Judgement+1","Vault+1","DevaForm+1","Collect+1","MentalFortress+1","Conclude+1","Adaptation","Writhe","ClearTheMind+1","WindmillStrike+1","EmptyMind+1","Consecrate+1","CutThroughFate+1","Halt+1","Indignation+1","Consecrate+1","SashWhip+1","Ragnarok+1","SignatureMove+1","Vengeance+1","Crescendo+1"],"relics":["PureWater","NeowsBlessing","Toxic Egg 2","Molten Egg 2","Regal Pillow","Singing Bowl","HollowMod:LifeEnderRelic","Old Coin","Astrolabe","Red Mask","MawBank","Strawberry","Yang","Tiny Chest","Question Card","VioletLotus","Vajra"],"acts_visited":["Exordium","TheCity","TheBeyond"],"potions_floor_usage":[19],"damage_taken":[{"damage":0,"enemies":"Jaw Worm","floor":1,"turns":1},{"damage":0,"enemies":"2 Louse","floor":3,"turns":1},{"damage":0,"enemies":"Lagavulin","floor":6,"turns":1},{"damage":0,"enemies":"Cultist","floor":8,"turns":3},{"damage":3,"enemies":"Red Slaver","floor":10,"turns":3},{"damage":18,"enemies":"3 Sentries","floor":12,"turns":6},{"damage":11,"enemies":"Gremlin Nob","floor":14,"turns":3},{"damage":41,"enemies":"Slime Boss","floor":16,"turns":7},{"damage":10,"enemies":"3 Byrds","floor":18,"turns":5},{"damage":0,"enemies":"Masked Bandits","floor":19,"turns":2},{"damage":35,"enemies":"Shell Parasite","floor":21,"turns":6},{"damage":16,"enemies":"3 Cultists","floor":22,"turns":4},{"damage":0,"enemies":"Centurion and Healer","floor":24,"turns":4},{"damage":1,"enemies":"Chosen and Byrds","floor":25,"turns":3},{"damage":0,"enemies":"Sentry and Sphere","floor":29,"turns":3},{"damage":0,"enemies":"Snecko","floor":31,"turns":3},{"damage":73,"enemies":"Champ","floor":33,"turns":11},{"damage":48,"enemies":"3 Darklings","floor":35,"turns":3},{"damage":12,"enemies":"3 Shapes","floor":38,"turns":3},{"damage":5,"enemies":"Transient","floor":39,"turns":6},{"damage":0,"enemies":"Giant Head","floor":40,"turns":4}],"seed_played":"-1473281516553370584","potions_obtained":[{"floor":1,"key":"Dexterity Potion"},{"floor":8,"key":"Explosive Potion"},{"floor":14,"key":"CultistPotion"},{"floor":18,"key":"FearPotion"},{"floor":21,"key":"Strength Potion"},{"floor":22,"key":"Fire Potion"}],"is_trial":false,"path_per_floor":["M","?","M","$","?","E","R","M","T","M","$","E","?","E","R","B",null,"M","?","?","M","M","R","M","M","T","R","$","M","$","M","R","B",null,"M","?","$","M","M","E"],"character_chosen":"WATCHER","items_purchased":["CutThroughFate+1","Yang","Tiny Chest","Halt+1","Consecrate+1","Question Card","Vajra"],"campfire_rested":3,"item_purchase_floors":[28,28,28,28,30,30,37],"current_hp_per_floor":[72,69,69,69,69,69,69,69,69,66,66,48,48,37,72,31,72,62,62,62,27,11,47,47,46,53,79,79,79,79,79,79,6,79,31,31,31,19,14,14,14],"gold":87,"neow_bonus":"THREE_ENEMY_KILL","is_daily":false,"chose_seed":false,"campfire_upgraded":1,"win_rate":0.0,"timestamp":1613489208,"path_taken":["M","?","M","$","?","E","R","M","T","?","?","E","?","E","R","BOSS","M","?","?","M","M","R","M","M","T","R","$","M","$","M","R","BOSS","M","?","$","M","M","E"],"items_purchased_type":["Card","Relic","Relic","Card","Card","Relic","Relic"],"build_version":"2020-12-22","purchased_purges":1,"victory":false,"max_hp_per_floor":[72,72,72,72,72,72,72,72,72,72,72,72,72,72,72,72,72,72,72,72,72,72,72,72,72,79,79,79,79,79,79,79,79,79,79,79,79,79,79,79,79],"card_choices":[{"not_picked":["Sanctity","ClearTheMind"],"picked":"FlyingSleeves","floor":1},{"not_picked":["FollowUp","JustLucky"],"picked":"Halt+1","floor":3},{"not_picked":["WindmillStrike+1","Pray+1"],"picked":"Consecrate+1","floor":6},{"not_picked":["Protect+1","ClearTheMind+1"],"picked":"Consecrate+1","floor":8},{"not_picked":["Evaluate+1","DeusExMachina+1"],"picked":"Vengeance+1","floor":10},{"not_picked":["SandsOfTime+1","Worship+1"],"picked":"ClearTheMind+1","floor":12},{"not_picked":["WreathOfFlame+1","Protect+1"],"picked":"Judgement+1","floor":14},{"not_picked":["Blasphemy+1","Wish+1"],"picked":"Vault+1","floor":16},{"not_picked":["Evaluate+1","WindmillStrike+1"],"picked":"Conclude+1","floor":18},{"not_picked":["WaveOfTheHand+1","Evaluate+1"],"picked":"Adaptation","floor":19},{"not_picked":["Prostrate+1","WindmillStrike+1"],"picked":"ClearTheMind+1","floor":21},{"not_picked":["Pray+1","WaveOfTheHand+1"],"picked":"WindmillStrike+1","floor":22},{"not_picked":["Weave+1","FlurryOfBlows+1"],"picked":"EmptyMind+1","floor":24},{"not_picked":["WheelKick+1","EmptyBody+1"],"picked":"Consecrate+1","floor":25},{"not_picked":["WaveOfTheHand+1","EmptyFist+1"],"picked":"Indignation+1","floor":29},{"not_picked":["Protect+1","Evaluate+1","ClearTheMind+1"],"picked":"SashWhip+1","floor":31},{"not_picked":["Omniscience+1","MasterReality","Establishment"],"picked":"Ragnarok+1","floor":33},{"not_picked":["JustLucky+1","EmptyBody+1","Evaluate+1"],"picked":"SignatureMove+1","floor":35},{"not_picked":["Swivel+1","JustLucky+1","FlurryOfBlows+1"],"picked":"Vengeance+1","floor":38},{"not_picked":["ForeignInfluence+1","ReachHeaven+1","FlyingSleeves+1"],"picked":"Crescendo+1","floor":39}],"player_experience":111314,"relics_obtained":[{"floor":6,"key":"Regal Pillow"},{"floor":9,"key":"Singing Bowl"},{"floor":12,"key":"HollowMod:LifeEnderRelic"},{"floor":14,"key":"Old Coin"},{"floor":19,"key":"Red Mask"},{"floor":26,"key":"Strawberry"}],"event_choices":[{"damage_healed":0,"gold_gain":0,"player_choice":"Success","damage_taken":3,"relics_obtained":["Toxic Egg 2"],"max_hp_gain":0,"max_hp_loss":0,"event_name":"Scrap Ooze","floor":2,"gold_loss":0},{"damage_healed":0,"gold_gain":0,"player_choice":"Gave Potion","damage_taken":0,"relics_obtained":["Molten Egg 2"],"max_hp_gain":0,"max_hp_loss":0,"event_name":"WeMeetAgain","floor":5,"gold_loss":0},{"damage_healed":0,"gold_gain":0,"player_choice":"Upgraded","damage_taken":0,"max_hp_gain":0,"max_hp_loss":0,"event_name":"Upgrade Shrine","floor":13,"gold_loss":0,"cards_upgraded":["FlyingSleeves"]},{"damage_healed":0,"gold_gain":0,"player_choice":"Fought Bandits","damage_taken":0,"max_hp_gain":0,"max_hp_loss":0,"event_name":"Masked Bandits","floor":19,"gold_loss":0},{"damage_healed":0,"gold_gain":0,"player_choice":"Opened","damage_taken":0,"relics_obtained":["MawBank"],"max_hp_gain":0,"max_hp_loss":0,"event_name":"The Mausoleum","floor":20,"gold_loss":0,"cards_obtained":["Writhe"]},{"damage_healed":0,"gold_gain":0,"player_choice":"Ignored","damage_taken":0,"max_hp_gain":0,"max_hp_loss":0,"event_name":"Mysterious Sphere","floor":36,"gold_loss":0}],"is_beta":false,"boss_relics":[{"not_picked":["Sozu","Fusion Hammer"],"picked":"Astrolabe"},{"not_picked":["Runic Dome","Calling Bell"],"picked":"VioletLotus"}],"items_purged_floors":[28],"is_endless":false,"potions_floor_spawned":[1,8,14,18,21,22,25,31,38],"killed_by":"Giant Head","ascension_level":1}}