{"host":"2d926qfvvz477zl6","time":1613515661,"event":{"mods":["Aspiration","BaseMod","Challenge The Spire","Conspire","Downfall","GifTheSpireLib","GungeonMod","Halation","Hermit","Hubris","Infinite Spire","Minty Spire (QoL Compilation)","Morshu Shopkeeper","Permanent Neow","Quick Restart","Rare Cards Sparkle","Reliquary","Replay The Spire","Shedinja","Somnambulant","Spicy Shops","StSLib","Stuff the Spire","Td1madao Mod","The Blue Laboratory","The Bug Knight","The Construct","The Cursed","The Disciple","The Forsaken","The Hierophant","The Senshi","TheFirefly","Wandering Minibosses","Wide Potions","everything is the same but u backflip on backflip","slay the spire mod where everything is the same but ironclad has a cowboy hat"],"gold_per_floor":[99,16,29,29,39,49,73,73,87,87,121,121,131,131,146,146,146,146],"floor_reached":16,"language":"ENG","playtime":647,"items_purged":[],"score":107,"play_id":"5edc8314-36ea-40d3-a805-dfe5a1a7e702","local_time":"20210216174741","is_ascension_mode":true,"campfire_choices":[{"floor":1,"key":"RECALL"},{"data":"Guardian:SentryBeam","floor":10,"key":"SMITH"}],"circlet_count":0,"master_deck":["Guardian:Strike_Guardian","Guardian:Strike_Guardian","Guardian:Defend_Guardian","Guardian:Defend_Guardian","Guardian:Defend_Guardian","Guardian:CurlUp","Guardian:TwinSlam+1","Guardian:Gem_Red","Normality","expansioncontent:AwakenDeath","Guardian:Gem_Blue","Quick Slash","Heel Hook","Replay:Poison Smokescreen","Guardian:SentryBeam+1","Guardian:GemFinder","Guardian:Gem_Red","Guardian:Preprogram","Guardian:Gem_Cyan","Guardian:Reroute","Guardian:Gem_Red","Guardian:StasisField"],"relics":["Guardian:ModeShifter","Strawberry","Vajra","Smiling Mask","Bottled Lightning"],"acts_visited":["Exordium"],"potions_floor_usage":[6],"damage_taken":[{"damage":5,"enemies":"downfall:FleeingMerchant","floor":2,"turns":6},{"damage":17,"enemies":"Jaw Worm","floor":3,"turns":5},{"damage":0,"enemies":"Cultist","floor":5,"turns":4},{"damage":0,"enemies":"2 Louse","floor":6,"turns":1},{"damage":8,"enemies":"Exordium Wildlife","floor":9,"turns":4},{"damage":11,"enemies":"3 Sentries","floor":11,"turns":8},{"damage":27,"enemies":"3 Louse","floor":13,"turns":6},{"damage":8,"enemies":"Lots of Slimes","floor":15,"turns":3},{"damage":4,"enemies":"SI_SHIV_ARCHETYPE","floor":16,"turns":2}],"seed_played":"2195352781605545448","potions_obtained":[{"floor":3,"key":"Explosive Potion"},{"floor":9,"key":"blueLaboratory:NullPotion"},{"floor":15,"key":"LiquidBronze"}],"is_trial":false,"path_per_floor":["R","$","M","?","M","M","T","?","M","R","E","T","M","?","M","B"],"character_chosen":"GUARDIAN","items_purchased":["Strawberry","expansioncontent:AwakenDeath"],"campfire_rested":0,"item_purchase_floors":[2,2],"current_hp_per_floor":[72,74,57,57,57,57,57,57,49,49,38,38,11,11,3,0,0,0],"gold":146,"neow_bonus":"THREE_RARE_CARDS","is_daily":false,"chose_seed":false,"campfire_upgraded":1,"win_rate":0.0,"timestamp":1613515661,"path_taken":["R","$","M","?","M","?","T","?","M","R","E","?","M","?","M","BOSS"],"items_purchased_type":["Relic","Card"],"build_version":"2020-12-22","purchased_purges":0,"victory":false,"max_hp_per_floor":[72,79,79,79,79,79,79,79,79,79,79,79,79,79,79,79,79,79],"card_choices":[{"not_picked":["Guardian:FierceBash","Guardian:AncientConstruct"],"picked":"Guardian:Gem_Orange","floor":0},{"not_picked":["Guardian:DecasProtection","Guardian:PiercingHide"],"picked":"Guardian:Gem_Red","floor":2},{"not_picked":["Guardian:RollAttack","Guardian:Repulse"],"picked":"Guardian:Gem_Blue","floor":3},{"not_picked":["Guardian:Gem_Blue","Guardian:DecasProtection"],"picked":"Guardian:SentryBeam","floor":5},{"not_picked":["Guardian:Gem_Cyan","Guardian:TemporalShield"],"picked":"Guardian:Gem_Fragmented","floor":6},{"not_picked":["Guardian:Reroute","Guardian:TemporalShield"],"picked":"Guardian:GemFinder","floor":9},{"not_picked":["Guardian:Gem_Green","Guardian:Gem_Cyan"],"picked":"Guardian:Gem_Red","floor":11},{"not_picked":["Guardian:Gem_Red","Guardian:ChargeCore"],"picked":"Guardian:Preprogram","floor":11},{"not_picked":["Guardian:Gem_Green","Guardian:Gem_Red"],"picked":"Guardian:Gem_Cyan","floor":13},{"not_picked":["Guardian:ChargeCore","Guardian:ShieldCharger"],"picked":"Guardian:Reroute","floor":13},{"not_picked":["Guardian:Gem_Green","Guardian:Gem_Lightblue"],"picked":"Guardian:Gem_Red","floor":15},{"not_picked":["Guardian:ChargeCore","Guardian:Clone"],"picked":"Guardian:StasisField","floor":15}],"player_experience":462360,"relics_obtained":[{"floor":7,"key":"Vajra"},{"floor":11,"key":"Smiling Mask"},{"floor":12,"key":"Bottled Lightning"}],"event_choices":[],"is_beta":false,"boss_relics":[],"items_purged_floors":[],"is_endless":false,"potions_floor_spawned":[3,9,15],"killed_by":"SI_SHIV_ARCHETYPE","ascension_level":1}}