{"host":"8d3fefv2347kqkpz","time":1613451527,"event":{"mods":["AchievementEnabler","Aspiration","BaseMod","Better Vampires","BetterRewards","Colored Map","Colored Powertips","Downfall","Emptier Cage","Highlight Path","Marked Mod","Minty Spire (QoL Compilation)","Permanent Neow","Quick Restart","Rare Cards Sparkle","Relic Stats","Say the Spire","Spicy Shops","StSLib","Waifu the Spire"],"gold_per_floor":[0,19,32,50,50,50,50,50,69,93,93,122,22,40,56,151,151,51,70,87,87,97,97,124,143,161,96,96,109,109,44,61,161,161,161,173,173,144,154,164,164,164,184,198,211,244,144,163,181,181,181,211,58,58,58,58,58],"floor_reached":55,"language":"ZHS","playtime":3101,"items_purged":["Guardian:Strike_Guardian","Guardian:Strike_Guardian","Guardian:Defend_Guardian"],"score":757,"play_id":"c0a507cd-7d51-4743-b87f-7a8fa42d89a5","local_time":"20210216125847","is_ascension_mode":false,"campfire_choices":[{"floor":1.0,"key":"RECALL"},{"data":"Guardian:TwinSlam","floor":11.0,"key":"SMITH"},{"floor":13.0,"key":"REST"},{"data":"Guardian:GemFinder","floor":18.0,"key":"SMITH"},{"floor":28.0,"key":"REST"},{"data":"Guardian:PrismaticBeam","floor":30.0,"key":"SMITH"},{"data":"1","floor":35.0,"key":"LIFT"},{"data":"2","floor":47.0,"key":"LIFT"},{"data":"3","floor":54.0,"key":"LIFT"}],"circlet_count":0,"master_deck":["Guardian:Defend_Guardian+1","Guardian:TwinSlam+1","Guardian:SentryBeam","Guardian:VentSteam+1","Guardian:Planning+1","Guardian:PrismaticBeam+1","Guardian:PrismaticBeam+1","Guardian:GemFire","CurseOfTheBell","Guardian:Planning+1","Guardian:SphericShield","Guardian:PiercingHide+1","Guardian:CrystalBeam+1","Guardian:PrismaticBeam","Guardian:PrismaticBarrier","Guardian:PiercingHide"],"relics":["Guardian:ModeShifter","Smiling Mask","MealTicket","downfall:HeartBlessingRed","expansioncontent:StudyCardRelic","downfall:HeartBlessingBlue","Calling Bell","Singing Bowl","Girya","Guardian:GemstoneGun","War Paint","Strawberry","downfall:HeartBlessingGreen","Guardian:StasisCodex","Lee\u0027s Waffle"],"acts_visited":["Exordium","TheCity","TheBeyond","TheEnding"],"potions_floor_usage":[55,55,55],"damage_taken":[{"damage":2.0,"enemies":"2 Louse","floor":2.0,"turns":3.0},{"damage":0.0,"enemies":"Small Slimes","floor":3.0,"turns":3.0},{"damage":5.0,"enemies":"Jaw Worm","floor":4.0,"turns":4.0},{"damage":2.0,"enemies":"downfall:LooterAlt","floor":9.0,"turns":5.0},{"damage":23.0,"enemies":"3 Sentries","floor":12.0,"turns":13.0},{"damage":11.0,"enemies":"Exordium Thugs","floor":14.0,"turns":4.0},{"damage":0.0,"enemies":"3 Louse","floor":15.0,"turns":4.0},{"damage":27.0,"enemies":"DF_ARCHETYPE_STREAMLINE","floor":16.0,"turns":14.0},{"damage":1.0,"enemies":"Shell Parasite","floor":19.0,"turns":5.0},{"damage":15.0,"enemies":"Spheric Guardian","floor":20.0,"turns":4.0},{"damage":7.0,"enemies":"Shelled Parasite and Fungi","floor":22.0,"turns":7.0},{"damage":25.0,"enemies":"Snecko","floor":25.0,"turns":8.0},{"damage":19.0,"enemies":"Centurion and Healer","floor":26.0,"turns":9.0},{"damage":0.0,"enemies":"downfall:FleeingMerchant","floor":27.0,"turns":4.0},{"damage":0.0,"enemies":"Snake Plant","floor":29.0,"turns":3.0},{"damage":0.0,"enemies":"downfall:FleeingMerchant","floor":31.0,"turns":4.0},{"damage":0.0,"enemies":"Chosen and Byrds","floor":32.0,"turns":4.0},{"damage":15.0,"enemies":"SI_MIRROR_ARCHETYPE","floor":33.0,"turns":16.0},{"damage":0.0,"enemies":"Orb Walker","floor":36.0,"turns":1.0},{"damage":0.0,"enemies":"downfall:FleeingMerchant","floor":38.0,"turns":3.0},{"damage":0.0,"enemies":"3 Darklings","floor":39.0,"turns":2.0},{"damage":0.0,"enemies":"Sphere and 2 Shapes","floor":40.0,"turns":2.0},{"damage":0.0,"enemies":"Writhing Mass","floor":43.0,"turns":3.0},{"damage":0.0,"enemies":"Spire Growth","floor":44.0,"turns":2.0},{"damage":10.0,"enemies":"Maw","floor":45.0,"turns":3.0},{"damage":15.0,"enemies":"Reptomancer","floor":46.0,"turns":4.0},{"damage":0.0,"enemies":"Sphere and 2 Shapes","floor":48.0,"turns":3.0},{"damage":0.0,"enemies":"Spire Growth","floor":49.0,"turns":2.0},{"damage":8.0,"enemies":"IC_BLOCK_ARCHETYPE","floor":50.0,"turns":7.0},{"damage":0.0,"enemies":"downfall:CharBossMerchant","floor":52.0,"turns":2.0},{"damage":142,"enemies":"downfall:NeowBoss","floor":55,"turns":23}],"seed_played":"-8628254945782541816","potions_obtained":[{"floor":3.0,"key":"Ancient Potion"},{"floor":4.0,"key":"FearPotion"},{"floor":12.0,"key":"FearPotion"},{"floor":22.0,"key":"bronze:BurnAndBuffPotion"},{"floor":25.0,"key":"Explosive Potion"},{"floor":40.0,"key":"SkillPotion"},{"floor":44.0,"key":"SkillPotion"},{"floor":45.0,"key":"Fire Potion"},{"floor":49.0,"key":"PowerPotion"}],"is_trial":false,"path_per_floor":["R","M","M","M","?","?","T","?","M","T","R","E","R","M","M","B",null,"R","M","M","?","M","?","T","M","M","$","R","M","R","$","M","B",null,"R","M","?","$","M","M","T","?","M","M","M","E","R","M","M","B",null,"E","$","R","B"],"character_chosen":"GUARDIAN","items_purchased":["Guardian:GemstoneGun","Lee\u0027s Waffle"],"campfire_rested":2,"item_purchase_floors":[38,53],"current_hp_per_floor":[80,78,78,73,73,73,73,73,71,71,71,48,72,61,61,34,80,90,89,74,74,67,67,67,42,23,38,65,65,65,80,80,65,90,90,90,90,90,92,94,94,94,94,94,84,76,76,76,76,68,101,101,108,108,0,0,0],"gold":58,"neow_bonus":"TRANSFORM_TWO_CARDS","is_daily":false,"chose_seed":false,"campfire_upgraded":3,"win_rate":0.0,"timestamp":1613451527,"path_taken":["R","M","M","M","?","?","T","?","M","?","R","E","R","M","M","BOSS","R","M","M","?","M","?","T","M","?","$","R","M","R","$","M","BOSS","R","M","?","?","?","M","T","?","M","M","M","E","R","M","M","BOSS","E","$","R","BOSS"],"items_purchased_type":["Relic","Relic"],"build_version":"2020-12-22","purchased_purges":3,"victory":false,"max_hp_per_floor":[80,80,80,80,80,80,80,80,80,80,80,80,80,80,80,80,80,90,90,90,90,90,90,90,90,90,90,90,90,90,90,90,90,90,90,90,90,90,92,94,94,94,94,94,94,101,101,101,101,101,101,101,108,108,108,108,108],"relic_stats":{"Lee\u0027s Waffle":7,"Singing Bowl":4,"counters":[31,171],"MealTicket":30,"War Paint":["Guardian:VentSteam","Guardian:Defend_Guardian"],"Smiling Mask":150,"obtain_stats":[{"Girya":34,"Lee\u0027s Waffle":53,"downfall:HeartBlessingRed":13,"Happy Flower":34,"Singing Bowl":34,"Guardian:GemstoneGun":38,"Guardian:ModeShifter":0,"downfall:HeartBlessingGreen":47,"Guardian:StasisCodex":52,"expansioncontent:StudyCardRelic":17,"War Paint":41,"Smiling Mask":10,"Calling Bell":34,"downfall:HeartBlessingBlue":18,"Strawberry":46,"MealTicket":12},{"Girya":18,"Lee\u0027s Waffle":30,"downfall:HeartBlessingRed":5,"Happy Flower":18,"Singing Bowl":18,"Guardian:GemstoneGun":20,"Guardian:ModeShifter":0,"downfall:HeartBlessingGreen":26,"Guardian:StasisCodex":30,"expansioncontent:StudyCardRelic":8,"War Paint":22,"Smiling Mask":4,"Calling Bell":18,"downfall:HeartBlessingBlue":8,"Strawberry":26,"MealTicket":5},{"Girya":114,"Lee\u0027s Waffle":148,"downfall:HeartBlessingRed":28,"Happy Flower":114,"Singing Bowl":114,"Guardian:GemstoneGun":118,"Guardian:ModeShifter":0,"downfall:HeartBlessingGreen":134,"Guardian:StasisCodex":148,"expansioncontent:StudyCardRelic":50,"War Paint":122,"Smiling Mask":15,"Calling Bell":114,"downfall:HeartBlessingBlue":50,"Strawberry":134,"MealTicket":28}]},"card_choices":[{"not_picked":["Guardian:WalkerClaw","Guardian:RollAttack","Guardian:TemporalShield"],"picked":"SKIP","floor":2.0},{"not_picked":["Guardian:MultiBeam","Guardian:ChargeCore","Guardian:Incinerate"],"picked":"SKIP","floor":3.0},{"not_picked":["Guardian:CrystalBeam","Guardian:SentryBeam"],"picked":"Guardian:Gem_Cyan","floor":4.0},{"not_picked":["Guardian:Suspension","Guardian:Reroute","Guardian:WalkerClaw"],"picked":"SKIP","floor":9.0},{"not_picked":["Guardian:BodySlam","Guardian:EvasiveProtocol"],"picked":"Guardian:Gem_Purple","floor":12.0},{"not_picked":["Guardian:Repulse","Guardian:Orbwalk"],"picked":"Guardian:Gem_Purple","floor":14.0},{"not_picked":["Guardian:Incinerate","Guardian:BodySlam"],"picked":"Guardian:SentryBeam","floor":15.0},{"not_picked":["Guardian:StasisEngine","Guardian:FastForward"],"picked":"Guardian:GemFinder","floor":16.0},{"not_picked":["Guardian:Incinerate+1","Guardian:ShieldCharger"],"picked":"Guardian:VentSteam","floor":19.0},{"not_picked":["Guardian:Gem_Red","Guardian:Gem_Green"],"picked":"Guardian:Gem_Cyan","floor":19.0},{"not_picked":["Guardian:Gem_Red","Guardian:Gem_Lightblue"],"picked":"Guardian:Gem_Cyan","floor":20.0},{"not_picked":["Guardian:VentSteam+1","Guardian:Orbwalk"],"picked":"Guardian:Planning+1","floor":20.0},{"not_picked":["Guardian:Gem_Green","Guardian:Gem_Red"],"picked":"Guardian:Gem_Cyan","floor":22.0},{"not_picked":["Guardian:SentryBeam","Guardian:Orbwalk"],"picked":"Guardian:PrismaticBeam+1","floor":22.0},{"not_picked":["Guardian:Gem_Lightblue","Guardian:Gem_Red"],"picked":"Guardian:Gem_Cyan","floor":25.0},{"not_picked":["Guardian:ChargeCore+1","Guardian:RefractedBeam"],"picked":"Guardian:Gem_Lightblue","floor":25.0},{"not_picked":["Guardian:Gem_Green","Guardian:Gem_Red"],"picked":"Guardian:Gem_Cyan","floor":26.0},{"not_picked":["Guardian:Gem_Purple","Guardian:Reroute+1","Guardian:PrimingBeam"],"picked":"SKIP","floor":26.0},{"not_picked":["Guardian:Gem_Lightblue","Guardian:Gem_Green"],"picked":"Guardian:Gem_Cyan","floor":27.0},{"not_picked":["Guardian:ShieldCharger","Guardian:Gem_Yellow","Guardian:Incinerate+1"],"picked":"SKIP","floor":27.0},{"not_picked":["Guardian:Gem_Lightblue","Guardian:Gem_Green"],"picked":"Guardian:Gem_Cyan","floor":29.0},{"not_picked":["Guardian:ShieldCharger","Guardian:ChargeCore"],"picked":"Guardian:Gem_Green","floor":29.0},{"not_picked":["Guardian:Gem_Lightblue","Guardian:Gem_Green"],"picked":"Guardian:Gem_Cyan","floor":31.0},{"not_picked":["Guardian:PiercingHide","Guardian:GatlingBeam"],"picked":"Guardian:Gem_Crimson","floor":31.0},{"not_picked":["Guardian:Gem_Red","Guardian:Gem_Lightblue"],"picked":"Guardian:Gem_Cyan","floor":32.0},{"not_picked":["Guardian:Reroute","Guardian:Recover","Guardian:SpikerProtocol"],"picked":"SKIP","floor":32.0},{"not_picked":["Guardian:Gem_Green","Guardian:Gem_Red"],"picked":"Guardian:Gem_Cyan","floor":33.0},{"not_picked":["Guardian:StasisStrike","Guardian:FastForward"],"picked":"Guardian:GemFire","floor":33.0},{"not_picked":["Guardian:TemporalStrike+1","Guardian:TimeBomb"],"picked":"Guardian:Planning+1","floor":36.0},{"not_picked":["Guardian:Gem_Lightblue","Guardian:Gem_Red"],"picked":"Guardian:Gem_Green","floor":38.0},{"not_picked":["Guardian:Repulse","Guardian:Gem_Blue"],"picked":"Guardian:PiercingHide+1","floor":38.0},{"not_picked":["Guardian:PrimingBeam","Guardian:Gem_Red","Guardian:ChargeCore"],"picked":"Singing Bowl","floor":39.0},{"not_picked":["Guardian:BronzeArmor+1","Guardian:DecasProtection+1","Guardian:Reroute+1"],"picked":"Singing Bowl","floor":40.0},{"not_picked":["Guardian:BodySlam","Guardian:FloatingOrbs"],"picked":"Guardian:Gem_Crimson","floor":43.0},{"not_picked":["Guardian:FloatingOrbs","Guardian:EvasiveProtocol+1"],"picked":"Guardian:CrystalBeam+1","floor":44.0},{"not_picked":["Guardian:CompilePackage","Guardian:VentSteam"],"picked":"Guardian:PrismaticBeam","floor":45.0},{"not_picked":["Guardian:Orbwalk","Guardian:FloatingOrbs"],"picked":"Guardian:Gem_White","floor":46.0},{"not_picked":["Guardian:ChargeCore","Guardian:TemporalShield+1"],"picked":"Guardian:Gem_Blue","floor":48.0},{"not_picked":["Guardian:GuardianWhirl","Guardian:StasisEngine"],"picked":"Guardian:PrismaticBarrier","floor":49.0},{"not_picked":["Guardian:TemporalStrike+1","Guardian:CrystalBeam+1"],"picked":"Guardian:PiercingHide","floor":52.0}],"player_experience":421085,"relics_obtained":[{"floor":10.0,"key":"Smiling Mask"},{"floor":12.0,"key":"MealTicket"},{"floor":34.0,"key":"Happy Flower"},{"floor":34.0,"key":"Singing Bowl"},{"floor":34.0,"key":"Girya"},{"floor":41.0,"key":"War Paint"},{"floor":46.0,"key":"Strawberry"},{"floor":52.0,"key":"Guardian:StasisCodex"}],"event_choices":[{"damage_healed":0.0,"max_hp_gain":0.0,"max_hp_loss":0.0,"gold_gain":0.0,"event_name":"The Library","player_choice":"Read","floor":23.0,"gold_loss":0.0,"damage_taken":0.0,"cards_obtained":["Guardian:PrismaticBeam"]},{"cards_removed":["Guardian:GemFinder"],"damage_healed":0.0,"max_hp_gain":0.0,"max_hp_loss":0.0,"gold_gain":0.0,"event_name":"Falling","player_choice":"Removed Power","floor":42.0,"gold_loss":0.0,"damage_taken":0.0}],"is_beta":false,"boss_relics":[{"not_picked":["sneckomod:SneckoTalon","aspiration:SecretTechniqueScroll"],"picked":"expansioncontent:StudyCardRelic"},{"not_picked":["aspiration:DefectSkillbook","Runic Pyramid"],"picked":"Calling Bell"}],"items_purged_floors":[27,31,38],"is_endless":false,"potions_floor_spawned":[3,4,12,22,25,26,29,32,40,44,45,46,49],"killed_by":"downfall:NeowBoss","ascension_level":0}}