{"host":"1ooxfz79hmpvpehx","time":1613437107,"event":{"mods":["BaseMod","Better Altar","Better Match","Better Note","Better Sensory Stone","Better Skull","Better Third Choice","Infinite Spire","Marked Mod","Minty Spire (QoL Compilation)","Quick Restart","RNG Fix","Replay The Spire","StSLib","SuperFastMode"],"gold_per_floor":[109,59,71,71,71,106,106,106,129,146,146,157,177,223,223,319,319,335,350,350,54,54,54,54,54],"floor_reached":24,"language":"ENG","playtime":519,"items_purged":["Strike_B"],"score":229,"play_id":"eadd3ae1-5d56-4df9-a89d-05ee9a84736a","local_time":"20210215215827","is_ascension_mode":false,"campfire_choices":[{"data":"Double Energy","floor":8.0,"key":"SMITH"},{"floor":15.0,"key":"DIG"},{"data":"Hologram","floor":23.0,"key":"SMITH"}],"circlet_count":0,"master_deck":["Strike_B","Strike_B","Strike_B","Defend_B","Defend_B","Zap","Dualcast","Double Energy+1","Double Energy+1","Fusion","Hologram+1","Skim","Meteor Strike","Echo Form","Aggregate"],"relics":["Cracked Core","NeowsBlessing","ReplayTheSpireMod:TigerMarble","Blood Vial","Strawberry","MealTicket","Pet Ghost","Busted Crown","Membership Card","betterThird:NestCultRelic"],"acts_visited":["Exordium","TheCity"],"potions_floor_usage":[],"damage_taken":[{"damage":0.0,"enemies":"Small Slimes","floor":1.0,"turns":1.0},{"damage":0.0,"enemies":"2 Louse","floor":3.0,"turns":1.0},{"damage":0.0,"enemies":"3 Sentries","floor":6.0,"turns":1.0},{"damage":0.0,"enemies":"Jaw Worm","floor":10.0,"turns":2.0},{"damage":5.0,"enemies":"3 Louse","floor":12.0,"turns":3.0},{"damage":0.0,"enemies":"Looter","floor":13.0,"turns":2.0},{"damage":12.0,"enemies":"Gremlin Nob","floor":14.0,"turns":3.0},{"damage":21.0,"enemies":"Slime Boss","floor":16.0,"turns":9.0},{"damage":48.0,"enemies":"Chosen","floor":18.0,"turns":7.0},{"damage":17.0,"enemies":"Spheric Guardian","floor":19.0,"turns":4.0},{"damage":44,"enemies":"Slavers","floor":24,"turns":3}],"seed_played":"3905816140751042712","potions_obtained":[{"floor":3.0,"key":"Block Potion"},{"floor":6.0,"key":"Swift Potion"},{"floor":12.0,"key":"SteroidPotion"},{"floor":13.0,"key":"ColorlessPotion"}],"is_trial":false,"path_per_floor":["M","?","M","?","?","E","?","R","T","M","?","M","M","E","R","B",null,"M","M","?","$","?","R","E"],"character_chosen":"DEFECT","items_purchased":["Membership Card","Echo Form","Aggregate"],"campfire_rested":0,"item_purchase_floors":[21,21,21],"current_hp_per_floor":[75,75,75,75,75,75,75,75,82,82,82,77,79,69,69,50,82,34,19,19,34,34,34,0,0],"gold":54,"neow_bonus":"THREE_ENEMY_KILL","is_daily":false,"chose_seed":false,"campfire_upgraded":2,"win_rate":0.0,"timestamp":1613437107,"path_taken":["M","?","M","?","?","E","?","R","T","M","?","M","M","E","R","BOSS","M","M","?","$","?","R","E"],"items_purchased_type":["Relic","Card","Card"],"build_version":"2020-12-22","purchased_purges":1,"victory":false,"max_hp_per_floor":[75,75,75,75,75,75,75,75,82,82,82,82,82,82,82,82,82,82,82,82,82,82,82,82,82],"card_choices":[{"not_picked":["BasicCrystalCard","ReplayTheSpireMod:GoodbyeWorld","Leap"],"picked":"SKIP","floor":1.0},{"not_picked":["BasicCrystalCard","Hello World"],"picked":"Double Energy","floor":3.0},{"not_picked":["Leap","Stack"],"picked":"Double Energy","floor":6.0},{"not_picked":["Rebound","BasicCrystalCard","Glacier"],"picked":"SKIP","floor":10.0},{"not_picked":["Leap","Redo"],"picked":"Hologram","floor":12.0},{"not_picked":["Redo","Steam","Hello World"],"picked":"SKIP","floor":13.0},{"not_picked":["Melter","ReplayTheSpireMod:Reroute Power"],"picked":"Skim","floor":14.0},{"not_picked":["Machine Learning","All For One"],"picked":"Meteor Strike","floor":16.0},{"not_picked":["Compile Driver+1"],"picked":"SKIP","floor":18.0},{"not_picked":["Conserve Battery"],"picked":"SKIP","floor":19.0},{"not_picked":["Conserve Battery"],"picked":"SKIP","floor":19.0}],"player_experience":39873,"relics_obtained":[{"floor":6.0,"key":"Blood Vial"},{"floor":9.0,"key":"Strawberry"},{"floor":14.0,"key":"MealTicket"},{"floor":15.0,"key":"Pet Ghost"}],"event_choices":[{"cards_removed":["Defend_B"],"damage_healed":0.0,"max_hp_gain":0.0,"max_hp_loss":0.0,"gold_gain":0.0,"event_name":"The Cleric","player_choice":"Card Removal","floor":2.0,"gold_loss":50.0,"damage_taken":0.0},{"damage_healed":0.0,"max_hp_gain":0.0,"max_hp_loss":0.0,"gold_gain":0.0,"event_name":"WeMeetAgain","player_choice":"Gave Potion","floor":4.0,"gold_loss":0.0,"damage_taken":0.0,"relics_obtained":["ReplayTheSpireMod:TigerMarble"]},{"damage_healed":0.0,"max_hp_gain":0.0,"max_hp_loss":0.0,"gold_gain":0.0,"event_name":"Living Wall","player_choice":"Grow","floor":5.0,"gold_loss":0.0,"damage_taken":0.0,"cards_upgraded":["Double Energy"]},{"damage_healed":0.0,"max_hp_gain":0.0,"max_hp_loss":0.0,"gold_gain":0.0,"cards_transformed":["Defend_B"],"event_name":"Transmorgrifier","player_choice":"Transformed","floor":11.0,"gold_loss":0.0,"damage_taken":0.0,"cards_obtained":["Fusion"]},{"cards_removed":["Strike_B"],"damage_healed":0.0,"max_hp_gain":0.0,"max_hp_loss":0.0,"gold_gain":0.0,"event_name":"betterNote:BetterNote","player_choice":"Give","floor":20.0,"gold_loss":0.0,"damage_taken":0.0,"cards_obtained":["Strike_B"]},{"damage_healed":0.0,"max_hp_gain":0.0,"max_hp_loss":0.0,"gold_gain":0.0,"event_name":"betterThird:BetterNest","player_choice":"Madness","floor":22.0,"gold_loss":0.0,"damage_taken":0.0,"relics_obtained":["betterThird:NestCultRelic"]}],"is_beta":false,"boss_relics":[{"not_picked":["SacredBark","Runic Pyramid"],"picked":"Busted Crown"}],"items_purged_floors":[21],"is_endless":false,"potions_floor_spawned":[3,6,12,13],"killed_by":"Slavers","ascension_level":0}}