{"host":"gvmmh8a4dbuurnvz","time":1613442479,"event":{"mods":["AchievementEnabler","Aspiration","BaseMod","Better Vampires","BetterRewards","Colored Powertips","Highlight Path","Minty Spire (QoL Compilation)","MostiFishMod","Spicy Shops","StSLib","¡¾ÒÅÎï¿¨ÅÆ¡¿REMEMod"],"gold_per_floor":[114,129,144,69,69,69,99,114,114,129,29,44,44,44,44,144,144,159,174,49,64,79,79,4,19,44,74,174,189,219,219,219,319,319,334,334,184,184,199,199,214,229,229,79,94,124,124,124,124,124],"floor_reached":51,"language":"ZHS","playtime":2732,"items_purged":["Defend_P","Defend_P","Injury","Defend_P","Vigilance"],"score":894,"play_id":"f4b00646-eb0d-459a-bc1a-36f23d5cf9b1","local_time":"20210216102759","daily_mods":["Specialized","ControlledChaos","Lethality"],"is_ascension_mode":false,"campfire_choices":[{"data":"MostiFishMod:FireWorks","floor":6.0,"key":"SMITH"},{"data":"Eruption","floor":15,"key":"SMITH"},{"data":"MostiFishMod:StarWish","floor":23,"key":"SMITH"},{"floor":32,"key":"REST"},{"data":"ForeignInfluence","floor":40,"key":"SMITH"},{"data":"MostiFishMod:PerfectForm","floor":49,"key":"SMITH"}],"circlet_count":0,"master_deck":["Strike_P","Strike_P","Strike_P","Eruption+1","MostiFishMod:FireWorks+1","ThirdEye","ThirdEye","ThirdEye","ThirdEye+1","ThirdEye+1","ForeignInfluence+1","MostiFishMod:StarWish+1","Tantrum+1","MostiFishMod:PerfectForm+1"],"relics":["PureWater","Frozen Eye","DaveBox","REME_ComplimentaryCards","MetatronsCube","SynthV:TestCard","Molten Egg 2","Singing Bowl","Regal Pillow","Anchor","RhineSuit","War Paint","Juzu Bracelet","Tiny Chest","Bird Faced Urn","aspiration:RitualStick","GreenFoldingFan","Bottled Lightning","TeardropLocket","DiscerningMonocle","Vajra","Potion Belt","Damaru"],"acts_visited":["Exordium","TheCity","TheBeyond"],"potions_floor_usage":[8,8,10,16,22,27,27,28,50],"damage_taken":[{"damage":4.0,"enemies":"Small Slimes","floor":1.0,"turns":2.0},{"damage":4.0,"enemies":"Jaw Worm","floor":2.0,"turns":2.0},{"damage":4.0,"enemies":"Cultist","floor":3.0,"turns":2.0},{"damage":0.0,"enemies":"Gremlin Nob","floor":7.0,"turns":2.0},{"damage":0,"enemies":"3 Louse","floor":8,"turns":2},{"damage":18,"enemies":"2 Fungi Beasts","floor":10,"turns":3},{"damage":4,"enemies":"Exordium Wildlife","floor":12,"turns":2},{"damage":11,"enemies":"The Guardian","floor":16,"turns":6},{"damage":0,"enemies":"Shell Parasite","floor":18,"turns":2},{"damage":0,"enemies":"Spheric Guardian","floor":19,"turns":2},{"damage":0,"enemies":"Snake Plant","floor":21,"turns":3},{"damage":20,"enemies":"Shelled Parasite and Fungi","floor":22,"turns":3},{"damage":4,"enemies":"Cultist and Chosen","floor":25,"turns":3},{"damage":2,"enemies":"Slavers","floor":27,"turns":1},{"damage":4,"enemies":"Colosseum Slavers","floor":28,"turns":4},{"damage":2,"enemies":"Colosseum Nobs","floor":28,"turns":2},{"damage":0,"enemies":"Centurion and Healer","floor":29,"turns":4},{"damage":31,"enemies":"Book of Stabbing","floor":30,"turns":3},{"damage":44,"enemies":"Automaton","floor":33,"turns":3},{"damage":8,"enemies":"Orb Walker","floor":35,"turns":2},{"damage":6,"enemies":"3 Shapes","floor":39,"turns":1},{"damage":38,"enemies":"Maw","floor":41,"turns":3},{"damage":8,"enemies":"Spire Growth","floor":42,"turns":2},{"damage":4,"enemies":"4 Shapes","floor":45,"turns":2},{"damage":4,"enemies":"Giant Head","floor":46,"turns":2},{"damage":4,"enemies":"Donu and Deca","floor":50,"turns":2}],"seed_played":"2711566965655028651","potions_obtained":[{"floor":1.0,"key":"SpeedPotion"},{"floor":2.0,"key":"BottledMiracle"},{"floor":7.0,"key":"SkillPotion"},{"floor":10,"key":"Weak Potion"},{"floor":21,"key":"BlessingOfTheForge"},{"floor":22,"key":"Ancient Potion"},{"floor":25,"key":"PowerPotion"},{"floor":27,"key":"BlessingOfTheForge"},{"floor":42,"key":"Swift Potion"},{"floor":45,"key":"Swift Potion"}],"is_trial":false,"path_per_floor":["M","M","M","$","?","R","E","M","T","M","$","M","T","?","R","B",null,"M","M","$","M","M","R","$","M","T","E","?","M","E","?","R","B",null,"M","?","$","T","M","R","M","M","T","$","M","E","?","?","R","B",null],"character_chosen":"WATCHER","items_purchased":["War Paint","DiscerningMonocle","Vajra","Potion Belt"],"campfire_rested":1,"item_purchase_floors":[24,44,44,44],"current_hp_per_floor":[68,64,60,60,60,60,62,64,64,48,48,46,46,46,46,35,80,82,84,84,86,68,68,68,66,66,66,62,66,39,19,63,21,100,102,102,102,102,104,104,78,82,82,82,90,96,96,96,96,104],"gold":124,"neow_bonus":"","is_daily":true,"chose_seed":false,"campfire_upgraded":5,"win_rate":0.0,"timestamp":1613442479,"path_taken":["M","M","M","$","?","R","E","M","T","M","$","M","?","?","R","BOSS","M","M","$","M","M","R","$","M","T","E","?","M","E","?","R","BOSS","M","?","$","?","M","R","M","M","T","$","M","E","?","?","R","BOSS"],"items_purchased_type":["Relic","Relic","Relic","Relic"],"build_version":"2020-12-22","purchased_purges":5,"victory":true,"max_hp_per_floor":[72,72,72,72,72,72,74,76,76,78,78,80,80,80,80,80,80,82,84,84,86,88,88,88,90,90,92,94,96,98,98,98,100,100,102,102,102,102,104,104,106,108,108,108,110,110,104,104,104,104],"card_choices":[{"not_picked":["EmptyFist","Meditate","Study"],"picked":"SKIP","floor":1.0},{"not_picked":["MostiFishMod:Clarity","Wallop","SignatureMove","Crescendo","Protect"],"picked":"SKIP","floor":2.0},{"not_picked":["Study","WreathOfFlame","Halt","FollowUp","Evaluate"],"picked":"SKIP","floor":3.0},{"not_picked":["SashWhip+1","MostiFishMod:Pointsdynamics","Perseverance","FearNoEvil+1","Crescendo"],"picked":"Singing Bowl","floor":7.0},{"not_picked":["Evaluate","FlyingSleeves+1","Perseverance","Wallop+1","ThirdEye"],"picked":"Singing Bowl","floor":8},{"not_picked":["Swivel","Ragnarok+1","MentalFortress","PathToVictory","Protect"],"picked":"Singing Bowl","floor":10},{"not_picked":["FlyingSleeves+1","Crescendo","CarveReality+1","PathToVictory","EmptyFist+1"],"picked":"Singing Bowl","floor":12},{"not_picked":["MostiFishMod:DisColor","SpiritShield","Alpha","REME_CRH"],"picked":"MostiFishMod:StarWish","floor":16},{"not_picked":["REME_Repentance","LikeWater","Consecrate+1","MostiFishMod:LegendTransform","Indignation"],"picked":"Singing Bowl","floor":18},{"not_picked":["REME_Repentance","Conclude+1","ClearTheMind","FollowUp+1","MostiFishMod:LegendTransform"],"picked":"Singing Bowl","floor":19},{"not_picked":["MostiFishMod:FlowState","Halt+1","Protect+1","CrushJoints+1","JustLucky+1"],"picked":"Singing Bowl","floor":21},{"not_picked":["Evaluate","Protect","FollowUp+1","TalkToTheHand+1","Halt"],"picked":"Singing Bowl","floor":22},{"not_picked":["Meditate","Alpha","EmptyBody","JustLucky+1","Halt+1"],"picked":"Singing Bowl","floor":25},{"not_picked":["MostiFishMod:DisColor","ClearTheMind","Meditate+1","FlyingSleeves+1","FlurryOfBlows+1"],"picked":"Singing Bowl","floor":27},{"not_picked":["FlurryOfBlows+1","WheelKick+1","SashWhip+1","Pray","WaveOfTheHand"],"picked":"Singing Bowl","floor":28},{"not_picked":["FlyingSleeves+1","JustLucky+1","BattleHymn","Consecrate+1","FlurryOfBlows+1"],"picked":"Singing Bowl","floor":29},{"not_picked":["Wireheading+1","ThirdEye","EmptyBody","Vengeance","WaveOfTheHand+1"],"picked":"Singing Bowl","floor":30},{"not_picked":["MostiFishMod:StarWish","DevaForm","MostiFishMod:KamiSmash+1","DeusExMachina","MostiFishMod:Pointsdynamics"],"picked":"Singing Bowl","floor":33},{"not_picked":["Wireheading+1","BowlingBash+1","Consecrate+1","FearNoEvil+1","FlurryOfBlows+1"],"picked":"Singing Bowl","floor":35},{"not_picked":["Collect","Meditate","Sanctity+1","ThirdEye+1","MostiFishMod:Clarity+1"],"picked":"Singing Bowl","floor":39},{"not_picked":["Crescendo+1","JustLucky+1","InnerPeace+1","Prostrate","BowlingBash+1"],"picked":"Singing Bowl","floor":41},{"not_picked":["MostiFishMod:StarOceanP","EmptyFist+1","Evaluate+1","FlurryOfBlows+1","ThirdEye"],"picked":"Singing Bowl","floor":42},{"not_picked":["WreathOfFlame","Wallop+1","ThirdEye+1","BowlingBash+1","REME_EmptyShield"],"picked":"Singing Bowl","floor":45},{"not_picked":["Crescendo","Consecrate+1","Study+1","REME_Repentance"],"picked":"Tantrum+1","floor":46},{"not_picked":["HandOfGreed+1","MostiFishMod:SupremeArchaeology","Dramatic Entrance+1","Madness"],"picked":"MostiFishMod:PerfectForm","floor":48}],"player_experience":327012,"relics_obtained":[{"floor":1.0,"key":"SynthV:TestCard"},{"floor":7.0,"key":"Singing Bowl"},{"floor":9,"key":"Regal Pillow"},{"floor":13,"key":"Anchor"},{"floor":26,"key":"Juzu Bracelet"},{"floor":27,"key":"Tiny Chest"},{"floor":28,"key":"Bird Faced Urn"},{"floor":38,"key":"Bottled Lightning"},{"floor":43,"key":"TeardropLocket"},{"floor":46,"key":"Damaru"}],"event_choices":[{"damage_healed":0,"gold_gain":0,"cards_transformed":["Defend_P"],"player_choice":"Transformed","damage_taken":0,"max_hp_gain":0,"max_hp_loss":0,"event_name":"Transmorgrifier","floor":14,"gold_loss":0,"cards_obtained":["ForeignInfluence"]},{"damage_healed":0,"gold_gain":0,"player_choice":"Fight","damage_taken":0,"max_hp_gain":0,"max_hp_loss":0,"event_name":"Colosseum","floor":28,"gold_loss":0},{"damage_healed":0,"gold_gain":0,"player_choice":"Fought Nobs","damage_taken":0,"max_hp_gain":0,"max_hp_loss":0,"event_name":"Colosseum","floor":28,"gold_loss":0},{"cards_removed":["Strike_P"],"damage_healed":0,"gold_gain":0,"player_choice":"Removed Attack","damage_taken":0,"max_hp_gain":0,"max_hp_loss":0,"event_name":"Falling","floor":36,"gold_loss":0},{"damage_healed":0,"gold_gain":0,"player_choice":"Max HP","damage_taken":0,"max_hp_gain":0,"max_hp_loss":6,"event_name":"Winding Halls","floor":47,"gold_loss":0},{"damage_healed":0,"gold_gain":0,"player_choice":"Memory 1","damage_taken":0,"max_hp_gain":0,"max_hp_loss":0,"event_name":"SensoryStone","floor":48,"gold_loss":0}],"is_beta":false,"boss_relics":[{"not_picked":["Runic Pyramid","Cursed Key"],"picked":"RhineSuit"},{"not_picked":["HereWithMe","FeatherPendant"],"picked":"GreenFoldingFan"}],"items_purged_floors":[4,11,20,37,44],"is_endless":false,"potions_floor_spawned":[1,2,7,10,21,22,25,27,42,45],"ascension_level":0}}