{"host":"nlbr7nnijupf3yfg","time":1613494761,"event":{"mods":["AchievementEnabler","BaseMod","BetterRewards","Colored Powertips","DeckTracker","Downfall","Hermit","Hubris","Infinite Spire","Minty Spire (QoL Compilation)","Quick Restart","Replay The Spire","StSLib","SuperFastMode","The Servant 0.9.4"],"gold_per_floor":[114,114,114,129,143,143,160,160,160,160,160,160],"floor_reached":11,"language":"ENG","playtime":142,"items_purged":[],"score":101,"play_id":"16ac65d0-08d6-4f19-a9db-35baecc91c7f","local_time":"20210216115921","is_ascension_mode":true,"campfire_choices":[{"data":"Corruption","floor":6,"key":"SMITH"},{"data":"infinitespire:Menacing","floor":8,"key":"SMITH"}],"circlet_count":0,"master_deck":["AscendersBane","Strike_R+1","Strike_R+1","Strike_R","Strike_R","Strike_R","Defend_R","Defend_R","Defend_R","Defend_R","Bash","Sword Boomerang","Delirium","Sickly","infinitespire:Menacing+1","Corruption+1","Twin Strike","Dark Embrace"],"relics":["Burning Blood","NeowsBlessing","hubris:Towel","Matryoshka"],"acts_visited":["Exordium"],"potions_floor_usage":[11,11],"damage_taken":[{"damage":0,"enemies":"Small Slimes","floor":1,"turns":1},{"damage":0,"enemies":"2 Louse","floor":4,"turns":1},{"damage":0,"enemies":"Jaw Worm","floor":5,"turns":1},{"damage":15,"enemies":"Red Slaver","floor":7,"turns":5},{"damage":58,"enemies":"3 Sentries","floor":11,"turns":7}],"seed_played":"5887146988416860599","potions_obtained":[{"floor":1,"key":"ColorlessPotion"},{"floor":7,"key":"Strength Potion"}],"is_trial":false,"path_per_floor":["M","?","?","M","M","R","M","R","T","?","E"],"character_chosen":"IRONCLAD","items_purchased":[],"campfire_rested":0,"item_purchase_floors":[],"current_hp_per_floor":[78,78,78,80,80,80,71,71,71,55,0,0],"gold":160,"neow_bonus":"THREE_ENEMY_KILL","is_daily":false,"chose_seed":false,"campfire_upgraded":2,"win_rate":0.0,"timestamp":1613494761,"path_taken":["M","?","?","M","M","R","M","R","T","?","E"],"items_purchased_type":[],"build_version":"2020-12-22","purchased_purges":0,"victory":false,"max_hp_per_floor":[80,80,80,80,80,80,80,80,80,80,80,80],"card_choices":[{"not_picked":["Shockwave","Pummel"],"picked":"Sword Boomerang","floor":1},{"not_picked":["infinitespire:TheBestDefense","infinitespire:UltimateForm"],"picked":"infinitespire:Menacing","floor":3},{"not_picked":["Metallicize","hubris:CleavingFinish"],"picked":"Corruption","floor":4},{"not_picked":["Flex","Battle Trance"],"picked":"Twin Strike","floor":5},{"not_picked":["Combust","Rampage"],"picked":"Dark Embrace","floor":7}],"player_experience":86972,"relics_obtained":[{"floor":9,"key":"Matryoshka"}],"event_choices":[{"damage_healed":0,"gold_gain":0,"player_choice":"Entered Light","damage_taken":16,"max_hp_gain":0,"max_hp_loss":0,"event_name":"Shining Light","floor":10,"gold_loss":0,"cards_upgraded":["Strike_R","Strike_R"]}],"is_beta":false,"boss_relics":[],"items_purged_floors":[],"is_endless":false,"potions_floor_spawned":[1,7],"killed_by":"3 Sentries","ascension_level":12}}