{"host":"Baz","time":1613444421,"event":{"mods":["BaseMod","Colored Map","Filter the Spire","Googly Eyes","Highlight Path","Minty Spire (QoL Compilation)","Quick Restart","Rare Cards Sparkle","Relic Stats","StSLib"],"gold_per_floor":[116,135,149,160,28,28,60,140,140,140,163,198,225,253,253,337,346,366,13,33,52,52,52,52,89,113,113,122,122,157,192,192,274,274,284,309,154,174,185,221,221,221,221,264,264,288,288,308,308,308,308],"floor_reached":52,"language":"ENG","playtime":2852,"items_purged":["Strike_G+1"],"score":2030,"play_id":"83a158ef-641f-4f52-8ced-f4e92b9251ca","local_time":"20210215210021","is_ascension_mode":true,"campfire_choices":[{"data":"Glass Knife","floor":6,"key":"SMITH"},{"floor":10,"key":"REST"},{"data":"Noxious Fumes","floor":15,"key":"SMITH"},{"data":"Wraith Form v2","floor":23,"key":"SMITH"},{"data":"Crippling Poison","floor":24,"key":"SMITH"},{"data":"Catalyst","floor":27,"key":"SMITH"},{"data":"Catalyst","floor":29,"key":"SMITH"},{"data":"Well Laid Plans","floor":32,"key":"SMITH"},{"floor":41,"key":"REST"},{"data":"Bouncing Flask","floor":47,"key":"SMITH"},{"data":"Footwork","floor":49,"key":"SMITH"}],"circlet_count":0,"master_deck":["AscendersBane","Strike_G+1","Strike_G+1","Strike_G+1","Strike_G+1","Defend_G+1","Defend_G+1","Defend_G+1","Defend_G+1","Defend_G+1","Survivor","Neutralize","Dagger Throw","Blade Dance","Glass Knife+1","Noxious Fumes+1","Deadly Poison","PiercingWail","Footwork+1","Poisoned Stab","Wraith Form v2+1","CurseOfTheBell","Dash+1","Crippling Poison+1","Dagger Spray+1","Flying Knee+1","Skewer+1","Catalyst+1","Catalyst+1","Leg Sweep","Well Laid Plans+1","Adrenaline","PiercingWail","Bouncing Flask+1","Dodge and Roll+1","PiercingWail","Acrobatics"],"relics":["Ring of the Snake","Snake Skull","Akabeko","CeramicFish","Pantograph","Bag of Preparation","Calling Bell","Juzu Bracelet","Molten Egg 2","WingedGreaves","Mummified Hand","Potion Belt","HornCleat","White Beast Statue","Cursed Key","Mercury Hourglass","Toy Ornithopter"],"acts_visited":["Exordium","TheCity","TheBeyond"],"potions_floor_usage":[11,12,16,18,25,40,40,44,46,48,50,51,51],"damage_taken":[{"damage":0,"enemies":"Small Slimes","floor":1,"turns":4},{"damage":4,"enemies":"Jaw Worm","floor":2,"turns":5},{"damage":0,"enemies":"2 Louse","floor":3,"turns":2},{"damage":29,"enemies":"Exordium Thugs","floor":4,"turns":6},{"damage":11,"enemies":"Gremlin Nob","floor":7,"turns":3},{"damage":3,"enemies":"Large Slime","floor":11,"turns":5},{"damage":8,"enemies":"3 Sentries","floor":12,"turns":7},{"damage":1,"enemies":"2 Fungi Beasts","floor":13,"turns":3},{"damage":12,"enemies":"Lagavulin","floor":14,"turns":6},{"damage":27,"enemies":"Slime Boss","floor":16,"turns":8},{"damage":15,"enemies":"Shell Parasite","floor":18,"turns":6},{"damage":4,"enemies":"Chosen","floor":20,"turns":3},{"damage":0,"enemies":"Snecko","floor":21,"turns":5},{"damage":16,"enemies":"Gremlin Leader","floor":25,"turns":6},{"damage":14,"enemies":"Slavers","floor":30,"turns":6},{"damage":5,"enemies":"Book of Stabbing","floor":31,"turns":4},{"damage":13,"enemies":"Automaton","floor":33,"turns":8},{"damage":5,"enemies":"3 Shapes","floor":35,"turns":3},{"damage":0,"enemies":"3 Darklings","floor":36,"turns":3},{"damage":45,"enemies":"Sphere and 2 Shapes","floor":38,"turns":7},{"damage":1,"enemies":"Transient","floor":39,"turns":6},{"damage":0,"enemies":"Reptomancer","floor":40,"turns":3},{"damage":14,"enemies":"Nemesis","floor":44,"turns":5},{"damage":10,"enemies":"Writhing Mass","floor":46,"turns":6},{"damage":0,"enemies":"Sphere and 2 Shapes","floor":48,"turns":4},{"damage":32,"enemies":"Donu and Deca","floor":50,"turns":11},{"damage":29,"enemies":"Time Eater","floor":51,"turns":9}],"seed_played":"-8203149252623288166","potions_obtained":[{"floor":4,"key":"LiquidMemories"},{"floor":7,"key":"AttackPotion"},{"floor":11,"key":"CultistPotion"},{"floor":12,"key":"GamblersBrew"},{"floor":16,"key":"Block Potion"},{"floor":21,"key":"Regen Potion"},{"floor":25,"key":"FearPotion"},{"floor":30,"key":"FearPotion"},{"floor":33,"key":"CunningPotion"},{"floor":35,"key":"SteroidPotion"},{"floor":38,"key":"PowerPotion"},{"floor":40,"key":"Explosive Potion"},{"floor":44,"key":"Strength Potion"},{"floor":46,"key":"Block Potion"},{"floor":48,"key":"EssenceOfSteel"}],"is_trial":false,"path_per_floor":["M","M","M","M","$","R","E","?","T","R","M","E","M","E","R","B",null,"M","$","M","M","?","R","R","E","T","R","?","R","E","E","R","B",null,"M","M","$","M","M","E","R","?","T","E","?","M","R","M","R","B","B",null],"character_chosen":"THE_SILENT","items_purchased":["Noxious Fumes","Deadly Poison","Mummified Hand","Crippling Poison","Dagger Spray+1","Bouncing Flask"],"campfire_rested":2,"item_purchase_floors":[5,5,19,19,19,37],"current_hp_per_floor":[59,55,55,26,26,26,15,15,15,34,31,23,22,10,10,8,52,37,37,33,33,33,33,33,32,32,32,32,32,18,13,13,25,56,51,51,51,6,5,5,24,24,24,10,10,5,5,10,10,8,14],"gold":308,"neow_bonus":"RANDOM_COMMON_RELIC","is_daily":false,"chose_seed":false,"campfire_upgraded":9,"win_rate":0.0,"timestamp":1613444421,"path_taken":["M","M","M","M","$","R","E","?","T","R","M","E","M","E","R","BOSS","M","$","M","M","?","R","R","E","T","R","?","R","E","E","R","BOSS","M","M","$","M","M","E","R","?","T","E","?","M","R","M","R","BOSS","BOSS"],"items_purchased_type":["Card","Card","Relic","Card","Card","Card"],"build_version":"2020-12-18","purchased_purges":1,"victory":true,"max_hp_per_floor":[66,66,66,66,66,66,66,66,66,66,66,66,66,66,66,66,66,66,66,66,66,66,66,66,66,66,66,66,66,66,66,66,66,66,66,66,66,66,66,66,66,66,66,66,66,66,66,66,66,66,66],"relic_stats":{"counters":[27,144],"Mummified Hand":[48],"CeramicFish":180,"Pantograph":100,"Snake Skull":[201],"Bag of Preparation":[36],"Juzu Bracelet":1,"Cursed Key":0,"obtain_stats":[{"Potion Belt":25,"CeramicFish":9,"Snake Skull":0,"Bag of Preparation":14,"Juzu Bracelet":17,"Cursed Key":34,"Akabeko":7,"White Beast Statue":31,"Mercury Hourglass":40,"Calling Bell":17,"HornCleat":30,"Mummified Hand":19,"Pantograph":12,"Molten Egg 2":17,"WingedGreaves":17,"Toy Ornithopter":44,"Ring of the Snake":0},{"Potion Belt":14,"CeramicFish":5,"Snake Skull":0,"Bag of Preparation":9,"Juzu Bracelet":10,"Cursed Key":17,"Akabeko":5,"White Beast Statue":16,"Mercury Hourglass":22,"Calling Bell":10,"HornCleat":15,"Mummified Hand":11,"Pantograph":7,"Molten Egg 2":10,"WingedGreaves":10,"Toy Ornithopter":23,"Ring of the Snake":0},{"Potion Belt":69,"CeramicFish":20,"Snake Skull":0,"Bag of Preparation":41,"Juzu Bracelet":49,"Cursed Key":87,"Akabeko":20,"White Beast Statue":79,"Mercury Hourglass":109,"Calling Bell":49,"HornCleat":75,"Mummified Hand":55,"Pantograph":32,"Molten Egg 2":49,"WingedGreaves":49,"Toy Ornithopter":114,"Ring of the Snake":0}],"Toy Ornithopter":25,"Ring of the Snake":[54],"Mercury Hourglass":[79]},"card_choices":[{"not_picked":["Bane","Slice"],"picked":"Dagger Throw","floor":1},{"not_picked":["Cloak And Dagger","Quick Slash"],"picked":"Blade Dance","floor":2},{"not_picked":["Accuracy","Sucker Punch"],"picked":"Glass Knife","floor":3},{"not_picked":["Outmaneuver","Eviscerate","Deflect"],"picked":"SKIP","floor":4},{"not_picked":["Deflect","Cloak And Dagger","Eviscerate"],"picked":"SKIP","floor":7},{"not_picked":["Blade Dance","Accuracy"],"picked":"PiercingWail","floor":11},{"not_picked":["PiercingWail","Flechettes"],"picked":"Footwork","floor":12},{"not_picked":["Bane","Accuracy"],"picked":"Poisoned Stab","floor":13},{"not_picked":["Setup","Slice","Outmaneuver"],"picked":"SKIP","floor":14},{"not_picked":["Phantasmal Killer","Night Terror"],"picked":"Wraith Form v2","floor":16},{"not_picked":["Poisoned Stab+1","Blade Dance"],"picked":"Dash+1","floor":18},{"not_picked":["Blade Dance","Tactician"],"picked":"Flying Knee+1","floor":20},{"not_picked":["Infinite Blades","Blade Dance"],"picked":"Skewer+1","floor":21},{"not_picked":["Grand Finale+1","Die Die Die+1"],"picked":"Catalyst","floor":25},{"not_picked":["Poisoned Stab+1","Bullet Time"],"picked":"Leg Sweep","floor":30},{"not_picked":["Dodge and Roll","Choke+1"],"picked":"Well Laid Plans","floor":31},{"not_picked":["Grand Finale+1","Malaise"],"picked":"Adrenaline","floor":33},{"not_picked":["Dash+1","Distraction","Blade Dance"],"picked":"SKIP","floor":35},{"not_picked":["Dodge and Roll","Finisher+1"],"picked":"PiercingWail","floor":36},{"not_picked":["Endless Agony+1","Sucker Punch+1","Dash+1"],"picked":"SKIP","floor":38},{"not_picked":["Underhanded Strike+1","Sucker Punch+1","Flying Knee+1"],"picked":"SKIP","floor":39},{"not_picked":["Prepared","Dash+1"],"picked":"Dodge and Roll+1","floor":40},{"not_picked":["Slice+1","Sucker Punch+1"],"picked":"PiercingWail","floor":44},{"not_picked":["Sucker Punch+1","Venomology"],"picked":"Acrobatics","floor":46},{"not_picked":["Dagger Spray+1","Terror","Quick Slash+1"],"picked":"SKIP","floor":48}],"player_experience":1319008,"relics_obtained":[{"floor":7,"key":"Akabeko"},{"floor":9,"key":"CeramicFish"},{"floor":12,"key":"Pantograph"},{"floor":14,"key":"Bag of Preparation"},{"floor":17,"key":"Juzu Bracelet"},{"floor":17,"key":"Molten Egg 2"},{"floor":17,"key":"WingedGreaves"},{"floor":25,"key":"Potion Belt"},{"floor":30,"key":"HornCleat"},{"floor":31,"key":"White Beast Statue"},{"floor":40,"key":"Mercury Hourglass"},{"floor":44,"key":"Toy Ornithopter"}],"event_choices":[{"damage_healed":0,"gold_gain":80,"player_choice":"Gained Gold","damage_taken":0,"max_hp_gain":0,"max_hp_loss":0,"event_name":"Golden Wing","floor":8,"gold_loss":0},{"damage_healed":0,"gold_gain":0,"player_choice":"Simplicity","damage_taken":0,"max_hp_gain":0,"max_hp_loss":0,"event_name":"Back to Basics","floor":22,"gold_loss":0,"cards_upgraded":["Strike_G","Strike_G","Strike_G","Strike_G","Strike_G","Defend_G","Defend_G","Defend_G","Defend_G","Defend_G"]},{"damage_healed":0,"gold_gain":0,"player_choice":"Read","damage_taken":0,"max_hp_gain":0,"max_hp_loss":0,"event_name":"The Library","floor":28,"gold_loss":0,"cards_obtained":["Catalyst"]},{"damage_healed":0,"gold_gain":0,"player_choice":"Ignored","damage_taken":0,"max_hp_gain":0,"max_hp_loss":0,"event_name":"SecretPortal","floor":42,"gold_loss":0},{"damage_healed":0,"gold_gain":0,"player_choice":"Ignored","damage_taken":0,"max_hp_gain":0,"max_hp_loss":0,"event_name":"The Moai Head","floor":45,"gold_loss":0}],"is_beta":true,"boss_relics":[{"not_picked":["Busted Crown","Empty Cage"],"picked":"Calling Bell"},{"not_picked":["Snecko Eye","Ring of the Serpent"],"picked":"Cursed Key"}],"items_purged_floors":[37],"is_endless":false,"potions_floor_spawned":[4,7,11,12,16,21,25,30,33,35,36,38,39,40,44,46,48],"ascension_level":20}}