{"host":"jx3f6ezc0g3s9edc","time":1613509881,"event":{"mods":["AchievementEnabler","BaseMod","Bestiary","Colored Map","Highlight Path","Minty Spire (QoL Compilation)","StSLib"],"gold_per_floor":[11,111,126,141,151,183,183,196,220,235,235,254,284,234,234,331,331,343,359,359,371,389,415,415,76,76,76,30,59,23,23,23,145,145,157,157,231,131,163,183,213,213,213,11,36,36,74,74,74,74,74,74,26,61,61],"floor_reached":56,"language":"ENG","playtime":5356,"items_purged":["Defend_P","Defend_P"],"score":1280,"play_id":"a03ee8e3-b411-4fed-951a-c7bce53227b4","local_time":"20210216161121","is_ascension_mode":false,"campfire_choices":[{"data":"Apotheosis","floor":7.0,"key":"SMITH"},{"data":"Weave","floor":15.0,"key":"SMITH"},{"floor":24.0,"key":"REST"},{"floor":27.0,"key":"RECALL"},{"floor":32.0,"key":"REST"},{"floor":46.0,"key":"REST"},{"floor":49.0,"key":"REST"},{"floor":52,"key":"REST"}],"circlet_count":0,"master_deck":["Strike_P","Strike_P","Defend_P","Eruption","Vigilance","Apotheosis+1","CrushJoints","Crescendo","FlyingSleeves","ThirdEye","FollowUp","BowlingBash","JustLucky","Vault","EmptyBody","Weave+1","Vault","WheelKick","EmptyFist","Ghostly","Ghostly","Ghostly","Ghostly","Ghostly","ClearTheMind","CutThroughFate","HandOfGreed","Dark Shackles","Crescendo","CutThroughFate+1","SandsOfTime","DevaForm","Fasting2","ThirdEye","Study+1"],"relics":["HolyWater","Ancient Tea Set","Regal Pillow","Blood Vial","Bronze Scales","Mango","Art of War","Fusion Hammer","Torii","Dead Branch","Pantograph","Medical Kit","Mummified Hand","Bag of Marbles"],"acts_visited":["Exordium","TheCity","TheBeyond","TheEnding"],"potions_floor_usage":[50,54,55],"damage_taken":[{"damage":0.0,"enemies":"Small Slimes","floor":1.0,"turns":2.0},{"damage":1.0,"enemies":"Cultist","floor":3.0,"turns":4.0},{"damage":0.0,"enemies":"2 Louse","floor":4.0,"turns":3.0},{"damage":0.0,"enemies":"Exordium Thugs","floor":5.0,"turns":3.0},{"damage":0.0,"enemies":"Gremlin Nob","floor":6.0,"turns":2.0},{"damage":1.0,"enemies":"3 Louse","floor":8.0,"turns":3.0},{"damage":3.0,"enemies":"Exordium Wildlife","floor":10.0,"turns":3.0},{"damage":0.0,"enemies":"Blue Slaver","floor":12.0,"turns":3.0},{"damage":18.0,"enemies":"3 Sentries","floor":13.0,"turns":8.0},{"damage":27.0,"enemies":"Hexaghost","floor":16.0,"turns":10.0},{"damage":0.0,"enemies":"Chosen","floor":18.0,"turns":3.0},{"damage":6.0,"enemies":"Shell Parasite","floor":19.0,"turns":4.0},{"damage":0.0,"enemies":"Snecko","floor":21.0,"turns":4.0},{"damage":0.0,"enemies":"Chosen and Byrds","floor":22.0,"turns":4.0},{"damage":12.0,"enemies":"Book of Stabbing","floor":23.0,"turns":7.0},{"damage":14.0,"enemies":"Gremlin Leader","floor":29.0,"turns":5.0},{"damage":16.0,"enemies":"Collector","floor":33.0,"turns":9.0},{"damage":0.0,"enemies":"Orb Walker","floor":35.0,"turns":4.0},{"damage":5.0,"enemies":"2 Orb Walkers","floor":37.0,"turns":5.0},{"damage":2.0,"enemies":"3 Shapes","floor":39.0,"turns":4.0},{"damage":4.0,"enemies":"Sphere and 2 Shapes","floor":40.0,"turns":6.0},{"damage":1.0,"enemies":"Giant Head","floor":41.0,"turns":8.0},{"damage":0.0,"enemies":"Nemesis","floor":45.0,"turns":4.0},{"damage":0.0,"enemies":"Jaw Worm Horde","floor":47.0,"turns":5.0},{"damage":21,"enemies":"Time Eater","floor":50,"turns":6},{"damage":2,"enemies":"Shield and Spear","floor":54,"turns":5},{"damage":34,"enemies":"The Heart","floor":55,"turns":10}],"seed_played":"5441001017139623698","potions_obtained":[{"floor":4.0,"key":"DistilledChaos"},{"floor":5.0,"key":"DuplicationPotion"},{"floor":6.0,"key":"Regen Potion"},{"floor":16.0,"key":"DistilledChaos"},{"floor":18.0,"key":"EntropicBrew"},{"floor":21.0,"key":"EntropicBrew"},{"floor":22.0,"key":"PowerPotion"},{"floor":39.0,"key":"BlessingOfTheForge"},{"floor":45.0,"key":"SteroidPotion"},{"floor":54,"key":"BottledMiracle"}],"is_trial":false,"path_per_floor":["M","?","M","M","M","E","R","M","T","M","?","M","E","?","R","B",null,"M","M","?","M","M","E","R","$","T","R","$","E","$","?","R","B",null,"M","?","?","$","M","M","E","T","T","$","E","R","M","$","R","B",null,"R","$","E","B",null],"character_chosen":"WATCHER","items_purchased":["HandOfGreed","Dark Shackles","Crescendo","SandsOfTime","Medical Kit","Block Potion","SpeedPotion"],"campfire_rested":5,"item_purchase_floors":[25,25,28,30,44,44,53],"current_hp_per_floor":[72,72,71,71,71,71,71,70,70,67,67,67,64,64,64,39,72,72,66,36,36,36,24,36,36,50,50,50,36,36,36,50,34,50,50,50,45,45,45,43,44,44,44,44,46,50,50,50,50,29,50,50,50,48,16],"gold":61,"neow_bonus":"RANDOM_COLORLESS_2","is_daily":false,"chose_seed":false,"campfire_upgraded":2,"win_rate":0.0,"timestamp":1613509881,"path_taken":["M","?","M","M","?","E","R","M","T","M","?","M","E","?","R","BOSS","M","M","?","M","M","E","R","$","T","R","$","E","$","?","R","BOSS","M","?","?","?","M","M","E","?","T","?","E","R","?","$","R","BOSS","R","$","E","BOSS"],"items_purchased_type":["Card","Card","Card","Card","Relic","Potion","Potion"],"build_version":"2020-12-22","purchased_purges":2,"victory":true,"max_hp_per_floor":[72,72,72,72,72,72,72,72,72,72,72,72,72,72,72,72,72,72,72,36,36,36,36,36,36,50,50,50,50,50,50,50,50,50,50,50,50,50,50,50,50,50,50,50,50,50,50,50,50,50,50,50,50,50,50],"card_choices":[{"not_picked":["Transmutation","Panache"],"picked":"Apotheosis","floor":0.0},{"not_picked":["Meditate","ClearTheMind"],"picked":"CrushJoints","floor":1.0},{"not_picked":["CrushJoints","Prostrate"],"picked":"Crescendo","floor":3.0},{"not_picked":["CrushJoints","ThirdEye"],"picked":"FlyingSleeves","floor":4.0},{"not_picked":["Vengeance","Worship"],"picked":"ThirdEye","floor":5.0},{"not_picked":["EmptyBody","JustLucky"],"picked":"FollowUp","floor":6.0},{"not_picked":["ThirdEye","FlurryOfBlows"],"picked":"BowlingBash","floor":8.0},{"not_picked":["FollowUp","Swivel"],"picked":"JustLucky","floor":10.0},{"not_picked":["CrushJoints","Evaluate"],"picked":"EmptyBody","floor":12.0},{"not_picked":["Collect","ThirdEye"],"picked":"Weave","floor":13.0},{"not_picked":["LessonLearned","Alpha"],"picked":"Vault","floor":16.0},{"not_picked":["JustLucky","EmptyFist"],"picked":"WheelKick","floor":18.0},{"not_picked":["Halt","FollowUp"],"picked":"EmptyFist","floor":19.0},{"not_picked":["LikeWater","Collect"],"picked":"ClearTheMind","floor":21.0},{"not_picked":["Halt","Vengeance","Fasting2"],"picked":"SKIP","floor":22.0},{"not_picked":["DeusExMachina","JustLucky+1"],"picked":"CutThroughFate","floor":23.0},{"not_picked":["BowlingBash","Devotion"],"picked":"CutThroughFate+1","floor":29.0},{"not_picked":["DeusExMachina","Brilliance"],"picked":"DevaForm","floor":33.0},{"not_picked":["PathToVictory+1","MentalFortress","EmptyBody"],"picked":"SKIP","floor":35.0},{"not_picked":["Wallop+1","ForeignInfluence"],"picked":"Fasting2","floor":39.0},{"not_picked":["Wireheading","CrushJoints+1"],"picked":"ThirdEye","floor":40.0},{"not_picked":["Crescendo+1","EmptyFist","Brilliance"],"picked":"SKIP","floor":41.0},{"not_picked":["Wallop+1","DeceiveReality"],"picked":"Study+1","floor":45.0},{"not_picked":["EmptyMind+1","JustLucky+1","BattleHymn+1"],"picked":"SKIP","floor":47.0},{"not_picked":["Brilliance","EmptyFist+1","Vault"],"picked":"SKIP","floor":54}],"player_experience":868735,"relics_obtained":[{"floor":6.0,"key":"Ancient Tea Set"},{"floor":9.0,"key":"Regal Pillow"},{"floor":13.0,"key":"Blood Vial"},{"floor":23.0,"key":"Bronze Scales"},{"floor":26.0,"key":"Mango"},{"floor":29.0,"key":"Art of War"},{"floor":37.0,"key":"Torii"},{"floor":41.0,"key":"Dead Branch"},{"floor":43.0,"key":"Pantograph"},{"floor":45.0,"key":"Mummified Hand"},{"floor":54,"key":"Bag of Marbles"}],"event_choices":[{"damage_healed":0.0,"max_hp_gain":0.0,"max_hp_loss":0.0,"gold_gain":100.0,"event_name":"Golden Shrine","player_choice":"Pray","floor":2.0,"gold_loss":0.0,"damage_taken":0.0},{"damage_healed":0.0,"max_hp_gain":0.0,"max_hp_loss":0.0,"gold_gain":0.0,"cards_transformed":["Strike_P"],"event_name":"Living Wall","player_choice":"Change","floor":11.0,"gold_loss":0.0,"damage_taken":0.0,"cards_obtained":["Vault"]},{"cards_removed":["Defend_P"],"damage_healed":0.0,"max_hp_gain":0.0,"max_hp_loss":0.0,"gold_gain":0.0,"event_name":"The Cleric","player_choice":"Card Removal","floor":14.0,"gold_loss":50.0,"damage_taken":0.0},{"damage_healed":0.0,"max_hp_gain":0.0,"max_hp_loss":36.0,"gold_gain":0.0,"event_name":"Ghosts","player_choice":"Became a Ghost","floor":20.0,"gold_loss":0.0,"damage_taken":0.0,"cards_obtained":["Ghostly","Ghostly","Ghostly","Ghostly","Ghostly"]},{"damage_healed":0.0,"max_hp_gain":0.0,"max_hp_loss":0.0,"gold_gain":0.0,"event_name":"NoteForYourself","player_choice":"Ignored","floor":31.0,"gold_loss":0.0,"damage_taken":0.0},{"cards_removed":["Strike_P"],"damage_healed":0.0,"max_hp_gain":0.0,"max_hp_loss":0.0,"gold_gain":0.0,"event_name":"Falling","player_choice":"Removed Attack","floor":36.0,"gold_loss":0.0,"damage_taken":0.0},{"damage_healed":0.0,"max_hp_gain":0.0,"max_hp_loss":0.0,"gold_gain":0.0,"event_name":"Mysterious Sphere","player_choice":"Fight","floor":37.0,"gold_loss":0.0,"damage_taken":0.0}],"is_beta":false,"boss_relics":[{"not_picked":["Empty Cage","Sozu"],"picked":"HolyWater"},{"not_picked":["Astrolabe","Tiny House"],"picked":"Fusion Hammer"}],"items_purged_floors":[25,38],"is_endless":false,"potions_floor_spawned":[4,5,6,16,18,21,22,29,39,45,54],"ascension_level":0}}