{"host":"uzp1tn8qxn9571p9","time":1613448922,"event":{"mods":["Aspiration","BaseMod","Bossed Relics","Colored Map","Colored Powertips","Curses Come First","Hermit","Marisa£®ÏF”Í°°ƒß¿Ì…≥£©","Mimic Mod","Minty Spire (QoL Compilation)","StSLib","The Jungle","The Marked","The Poker Player","The Runesmith"],"gold_per_floor":[114,124,74,85,185,185,210,221,244,262,278,50,50,62,62,164,164,181,7,24,24,38,72,72,72,72,103,103,136,136,152,152,256,256,276,329,349,361,361,361,394,394,394,394,405,421,421,438,438,438,438,438],"floor_reached":50,"language":"ZHS","playtime":3735,"items_purged":["PokerPlayerMod:Spade1"],"score":659,"play_id":"c3cda483-637f-4396-909d-f61565d73163","local_time":"20210216121522","is_ascension_mode":false,"metric_token":982,"campfire_choices":[{"data":"PokerPlayerMod:TrumpStrike","floor":6.0,"key":"SMITH"},{"data":"PokerPlayerMod:Diamond2","floor":13.0,"key":"SMITH"},{"data":"PokerPlayerMod:Diamond3","floor":15.0,"key":"SMITH"},{"data":"PokerPlayerMod:Diamond5","floor":24.0,"key":"SMITH"},{"data":"PokerPlayerMod:Diamond5","floor":28.0,"key":"SMITH"},{"data":"PokerPlayerMod:Mulligan","floor":32,"key":"SMITH"},{"data":"PokerPlayerMod:Club1","floor":40,"key":"SMITH"},{"data":"PokerPlayerMod:Diamond2","floor":42,"key":"SMITH"},{"data":"PokerPlayerMod:Diamond2","floor":44,"key":"SMITH"},{"data":"PokerPlayerMod:Heart5","floor":47,"key":"SMITH"},{"data":"PokerPlayerMod:Configure","floor":49,"key":"SMITH"}],"circlet_count":0,"master_deck":["PokerPlayerMod:Diamond3","PokerPlayerMod:Diamond3","PokerPlayerMod:Diamond4","PokerPlayerMod:Diamond6","PokerPlayerMod:Spade2","PokerPlayerMod:Spade3","PokerPlayerMod:Spade4","PokerPlayerMod:Club2","PokerPlayerMod:Club2","PokerPlayerMod:Heart2","PokerPlayerMod:TrumpStrike+1","PokerPlayerMod:BadJoker+1","PokerPlayerMod:Mulligan+1","PokerPlayerMod:Diamond6","PokerPlayerMod:Diamond4","PokerPlayerMod:Diamond4","PokerPlayerMod:Heart6","PokerPlayerMod:RiskyBet","PokerPlayerMod:DartThrow+1","PokerPlayerMod:Configure+1","PokerPlayerMod:ClubsClub+1","PokerPlayerMod:FakeSymbols","PokerPlayerMod:Configure+1","PokerPlayerMod:Diamond6","PokerPlayerMod:Diamond3","PokerPlayerMod:Club6","Shame","PokerPlayerMod:Diamond6","PokerPlayerMod:Diamond3","PokerPlayerMod:Mulligan+1","PokerPlayerMod:GamblerForm+1","PokerPlayerMod:Diamond3","PokerPlayerMod:Diamond10+","PokerPlayerMod:Spade10+","PokerPlayerMod:TheDieIsCast","Writhe","PokerPlayerMod:Sharpen+1","Parasite","PokerPlayerMod:Diamond6","PokerPlayerMod:Diamond3","PokerPlayerMod:Diamond3"],"relics":["PokerPlayerMod:DeckCase","Molten Egg 2","Boot","Runic Dome","DollysMirror","Torii","theJungle:SneckoAutograph","Frozen Egg 2","War Paint","HornCleat","Philosopher\u0027s Stone","CatCart","Regal Pillow","Happy Flower"],"acts_visited":["Exordium","Exordium","TheBeyond"],"potions_floor_usage":[33,37,50,50],"damage_taken":[{"damage":0.0,"enemies":"2 Louse","floor":1.0,"turns":2.0},{"damage":1.0,"enemies":"Cultist","floor":2.0,"turns":3.0},{"damage":11.0,"enemies":"Jaw Worm","floor":4.0,"turns":3.0},{"damage":18.0,"enemies":"Gremlin Nob","floor":7.0,"turns":5.0},{"damage":5.0,"enemies":"Looter","floor":8.0,"turns":2.0},{"damage":13.0,"enemies":"2 Fungi Beasts","floor":10.0,"turns":3.0},{"damage":10.0,"enemies":"Red Slaver","floor":11.0,"turns":2.0},{"damage":0.0,"enemies":"Blue Slaver","floor":14.0,"turns":2.0},{"damage":0.0,"enemies":"Slime Boss","floor":16.0,"turns":4.0},{"damage":16.0,"enemies":"theJungle:Flameango_and_Byrd","floor":18.0,"turns":4.0},{"damage":25.0,"enemies":"theJungle:GiantWrat","floor":20.0,"turns":4.0},{"damage":13.0,"enemies":"theJungle:Snecko_Cultist_And_Trap","floor":22.0,"turns":4.0},{"damage":3.0,"enemies":"theJungle:2_Phrogs","floor":23.0,"turns":4.0},{"damage":13.0,"enemies":"theJungle:MamaSnecko","floor":27.0,"turns":4.0},{"damage":1.0,"enemies":"theJungle:2_Phrogs","floor":29.0,"turns":5.0},{"damage":3,"enemies":"theJungle:SlimyTreeVines","floor":31,"turns":5},{"damage":54,"enemies":"theJungle:TotemBoss","floor":33,"turns":7},{"damage":11,"enemies":"Orb Walker","floor":35,"turns":2},{"damage":6,"enemies":"Orin","floor":36,"turns":8},{"damage":6,"enemies":"3 Darklings","floor":37,"turns":4},{"damage":39,"enemies":"Jaw Worm Horde","floor":38,"turns":5},{"damage":65,"enemies":"Reptomancer","floor":41,"turns":5},{"damage":32,"enemies":"Writhing Mass","floor":45,"turns":4},{"damage":14,"enemies":"Spire Growth","floor":46,"turns":3},{"damage":15,"enemies":"4 Shapes","floor":48,"turns":3},{"damage":73,"enemies":"Donu and Deca","floor":50,"turns":6}],"seed_played":"-4603732426689953892","potions_obtained":[{"floor":4.0,"key":"Dexterity Potion"},{"floor":7.0,"key":"FearPotion"},{"floor":11.0,"key":"Fire Potion"},{"floor":27.0,"key":"ColorlessPotion"},{"floor":33,"key":"LiquidMemories"},{"floor":37,"key":"Fire Potion"},{"floor":48,"key":"Energy Potion"}],"is_trial":false,"path_per_floor":["M","M","?","M","?","R","E","M","T","M","M","$","R","M","R","B",null,"M","$","M","?","M","E","R","?","T","E","R","E","?","M","R","B",null,"M","?","M","M","?","R","E","R","T","R","M","M","R","M","R","B"],"character_chosen":"THE_POKER_PLAYER","items_purchased":["Boot","DollysMirror","PokerPlayerMod:Diamond2"],"campfire_rested":0,"item_purchase_floors":[12,19,19],"current_hp_per_floor":[57,56,56,48,48,48,32,37,37,32,24,24,24,35,35,42,57,45,45,28,28,18,28,28,28,28,17,17,37,37,55,55,10,57,46,46,57,23,37,37,6,6,6,6,16,2,2,29,29,0,0,0],"gold":438,"neow_bonus":"TEN_PERCENT_HP_BONUS","is_daily":false,"chose_seed":false,"campfire_upgraded":11,"win_rate":0.0,"timestamp":1613448922,"path_taken":["M","M","?","M","?","R","E","M","T","M","?","?","R","M","R","BOSS","M","$","M","?","M","E","R","?","T","E","R","E","?","?","R","BOSS","M","?","M","M","?","R","E","R","T","R","M","M","R","M","R","BOSS"],"items_purchased_type":["Relic","Relic","Card"],"build_version":"2020-12-22","purchased_purges":1,"victory":false,"max_hp_per_floor":[57,57,57,57,57,57,57,57,57,57,57,57,57,57,57,57,57,57,57,57,57,57,57,57,57,57,57,57,57,57,57,57,57,57,57,57,57,57,57,57,57,57,57,57,57,57,57,57,57,57,57,57],"card_choices":[{"not_picked":["PokerPlayerMod:Diamond3","PokerPlayerMod:MagicTrick"],"picked":"PokerPlayerMod:Diamond6","floor":1.0},{"not_picked":["PokerPlayerMod:CloakAndDiamond","PokerPlayerMod:Trickery"],"picked":"PokerPlayerMod:Diamond3","floor":2.0},{"not_picked":["PokerPlayerMod:Heart1","PokerPlayerMod:Extraction"],"picked":"PokerPlayerMod:Diamond4","floor":4.0},{"not_picked":["PokerPlayerMod:Trickery+1","PokerPlayerMod:CloakAndDiamond"],"picked":"PokerPlayerMod:Heart5","floor":7.0},{"not_picked":["PokerPlayerMod:Harden","PokerPlayerMod:Raise"],"picked":"PokerPlayerMod:RiskyBet","floor":8.0},{"not_picked":["PokerPlayerMod:Spade5","PokerPlayerMod:Diamond3"],"picked":"PokerPlayerMod:DartThrow+1","floor":10.0},{"not_picked":["PokerPlayerMod:FakeSymbols","PokerPlayerMod:MagicTrick"],"picked":"PokerPlayerMod:Configure","floor":11.0},{"not_picked":["PokerPlayerMod:MagicTrick","PokerPlayerMod:DiamondStrike+1"],"picked":"PokerPlayerMod:ClubsClub+1","floor":14.0},{"not_picked":["PokerPlayerMod:SecretDealer","PokerPlayerMod:Spade7"],"picked":"PokerPlayerMod:FakeSymbols","floor":16.0},{"not_picked":["PokerPlayerMod:CloakAndDiamond","PokerPlayerMod:FlyingCard+1"],"picked":"PokerPlayerMod:Configure+1","floor":18.0},{"not_picked":["PokerPlayerMod:Raise","PokerPlayerMod:Spade3","PokerPlayerMod:Spade1"],"picked":"SKIP","floor":20.0},{"not_picked":["PokerPlayerMod:Club4","PokerPlayerMod:Configure","PokerPlayerMod:Spade1"],"picked":"SKIP","floor":22.0},{"not_picked":["PokerPlayerMod:Spade4","PokerPlayerMod:Club2"],"picked":"PokerPlayerMod:Club6","floor":23.0},{"not_picked":["PokerPlayerMod:Manipulation","PokerPlayerMod:CloakAndDiamond+1"],"picked":"PokerPlayerMod:Diamond5","floor":27.0},{"not_picked":["PokerPlayerMod:Spade1","PokerPlayerMod:CloakAndDiamond+1"],"picked":"PokerPlayerMod:Diamond2","floor":29.0},{"not_picked":["PokerPlayerMod:Spade4","PokerPlayerMod:Club3"],"picked":"PokerPlayerMod:Diamond3","floor":31},{"not_picked":["PokerPlayerMod:Spade7","PokerPlayerMod:Diamond9"],"picked":"PokerPlayerMod:Diamond10+","floor":33},{"not_picked":["PokerPlayerMod:Spade4","PokerPlayerMod:HeartStrike+1","PokerPlayerMod:Raise+1"],"picked":"SKIP","floor":35},{"not_picked":["PokerPlayerMod:Manipulation+1","PokerPlayerMod:Spade3"],"picked":"PokerPlayerMod:Spade10+","floor":36},{"not_picked":["PokerPlayerMod:Raise","PokerPlayerMod:Spade4","PokerPlayerMod:Spade2"],"picked":"SKIP","floor":37},{"not_picked":["PokerPlayerMod:Club2","PokerPlayerMod:Club6"],"picked":"PokerPlayerMod:TheDieIsCast","floor":38},{"not_picked":["PokerPlayerMod:DiamondStrike+1","PokerPlayerMod:DartThrow+1"],"picked":"PokerPlayerMod:Sharpen+1","floor":41},{"not_picked":["PokerPlayerMod:Diamond4","PokerPlayerMod:ClubsClub+1"],"picked":"PokerPlayerMod:Diamond6","floor":45},{"not_picked":["PokerPlayerMod:Spade3","PokerPlayerMod:Diamond2"],"picked":"PokerPlayerMod:Diamond3","floor":46},{"not_picked":["PokerPlayerMod:Fold+1","PokerPlayerMod:Diamond2"],"picked":"PokerPlayerMod:Diamond3","floor":48}],"player_experience":434775,"relics_obtained":[{"floor":7.0,"key":"Molten Egg 2"},{"floor":23.0,"key":"Torii"},{"floor":26.0,"key":"Frozen Egg 2"},{"floor":27.0,"key":"War Paint"},{"floor":29.0,"key":"HornCleat"},{"floor":36,"key":"CatCart"},{"floor":41,"key":"Regal Pillow"},{"floor":43,"key":"Happy Flower"}],"event_choices":[{"cards_removed":["PokerPlayerMod:Diamond1"],"damage_healed":0.0,"max_hp_gain":0.0,"max_hp_loss":0.0,"gold_gain":0.0,"event_name":"The Cleric","player_choice":"Card Removal","floor":3.0,"gold_loss":50.0,"damage_taken":0.0},{"damage_healed":0.0,"max_hp_gain":0.0,"max_hp_loss":0.0,"gold_gain":100.0,"event_name":"Wheel of Change","player_choice":"Gold","floor":5.0,"gold_loss":0.0,"damage_taken":0.0},{"damage_healed":0,"gold_gain":0,"player_choice":"2 cards matched","damage_taken":0,"max_hp_gain":0,"max_hp_loss":0,"event_name":"Match and Keep!","floor":30,"gold_loss":0,"cards_obtained":["PokerPlayerMod:Mulligan","PokerPlayerMod:GamblerForm"]},{"damage_healed":0,"gold_gain":0,"player_choice":"Fight","damage_taken":0,"max_hp_gain":0,"max_hp_loss":0,"event_name":"OrinTheCat","floor":36,"gold_loss":0},{"damage_healed":14,"gold_gain":0,"player_choice":"Writhe","damage_taken":0,"max_hp_gain":0,"max_hp_loss":0,"event_name":"Winding Halls","floor":39,"gold_loss":0,"cards_obtained":["Writhe"]}],"is_beta":false,"boss_relics":[{"not_picked":["PokerPlayerMod:AceCard","aspiration:RitualDagger"],"picked":"Runic Dome"},{"not_picked":["aspiration:FutureDiary","Tiny House"],"picked":"Philosopher\u0027s Stone"}],"items_purged_floors":[12],"is_endless":false,"potions_floor_spawned":[4,7,11,16,27,33,35,37,46,48],"killed_by":"Donu and Deca","ascension_level":0}}