{"host":"xc18ixkpjvqrt8st","time":1613488829,"event":{"mods":["Act Like it!","BaseMod","Better Match","Better Third Choice","Conspire","Hallownest","Hermit","Hubris","Jorbs\u0027s Wanderer Trilogy","Minty Spire (QoL Compilation)","Reliquary","Robot Space Explorer","Shade Mod","Shop Mod","Spicy Shops","Spire Arcade","StSLib","The Jungle","The Sage"],"gold_per_floor":[118,118,72,91,5,5,38,38,38,38,38,63,97,110,110,110,110],"floor_reached":16,"language":"ENG","playtime":786,"items_purged":[],"score":133,"play_id":"9dac1e9b-e28b-42dc-816b-1779f0b7baec","local_time":"20210216092029","is_ascension_mode":false,"campfire_choices":[{"floor":6,"key":"RECALL"},{"floor":15,"key":"REST"}],"circlet_count":0,"master_deck":["stsjorbsmod:ForbiddenGrimoire+1","stsjorbsmod:Strike_Wanderer","stsjorbsmod:Strike_Wanderer","stsjorbsmod:Strike_Wanderer","stsjorbsmod:Strike_Wanderer","stsjorbsmod:Defend_Wanderer","stsjorbsmod:Defend_Wanderer","stsjorbsmod:Defend_Wanderer","stsjorbsmod:Defend_Wanderer","stsjorbsmod:FreshAdventure","stsjorbsmod:EyeOfTheStorm","stsjorbsmod:Prestidigitation","stsjorbsmod:ArcaneWeapon","stsjorbsmod:FracturedMind","Bandage Up","stsjorbsmod:ArcaneWeapon","Injury","stsjorbsmod:SiphonEnergy","stsjorbsmod:BookOfTongues","stsjorbsmod:ColorSpray"],"relics":["stsjorbsmod:GrimoireRelic","NeowsBlessing","hubris:TinFlute","Golden Idol","Sundial"],"acts_visited":["Exordium"],"potions_floor_usage":[13,16],"damage_taken":[{"damage":0,"enemies":"Jaw Worm","floor":1,"turns":1},{"damage":0,"enemies":"Small Slimes","floor":4,"turns":1},{"damage":0,"enemies":"Lagavulin","floor":7,"turns":2},{"damage":0,"enemies":"conspire:RoseBush","floor":12,"turns":3},{"damage":28,"enemies":"Gremlin Nob","floor":13,"turns":4},{"damage":10,"enemies":"Exordium Thugs","floor":14,"turns":5},{"damage":33,"enemies":"The Guardian","floor":16,"turns":9}],"seed_played":"-56355092848860372","potions_obtained":[{"floor":1,"key":"FearPotion"},{"floor":11,"key":"stsjorbsmod:LiquidClarity"},{"floor":11,"key":"CultistPotion"}],"is_trial":false,"path_per_floor":["M","?","$","M","$","R","E","?","T","?","?","M","E","M","R","B"],"character_chosen":"WANDERER","items_purchased":["stsjorbsmod:ArcaneWeapon","Bandage Up"],"campfire_rested":1,"item_purchase_floors":[3,5],"current_hp_per_floor":[68,68,68,68,68,68,68,68,68,73,73,73,45,41,62,33,33],"gold":110,"neow_bonus":"THREE_ENEMY_KILL","is_daily":false,"chose_seed":false,"campfire_upgraded":0,"win_rate":0.0,"timestamp":1613488829,"path_taken":["M","?","$","M","$","R","E","?","T","?","?","M","E","?","R","BOSS"],"items_purchased_type":["Card","Card"],"build_version":"2020-12-22","purchased_purges":0,"victory":false,"max_hp_per_floor":[68,68,68,68,68,68,68,68,68,73,73,73,73,73,73,73,73],"card_choices":[{"not_picked":["stsjorbsmod:TinyHut","stsjorbsmod:DisguiseSelf"],"picked":"stsjorbsmod:Prestidigitation","floor":1},{"not_picked":["stsjorbsmod:BlackTentacles","stsjorbsmod:LocateObject"],"picked":"stsjorbsmod:FracturedMind","floor":4},{"not_picked":["stsjorbsmod:Mania","stsjorbsmod:BlackTentacles"],"picked":"stsjorbsmod:ArcaneWeapon","floor":7},{"not_picked":["stsjorbsmod:Prestidigitation","stsjorbsmod:RefuseToForget"],"picked":"stsjorbsmod:SiphonEnergy","floor":12},{"not_picked":["stsjorbsmod:Mania","stsjorbsmod:Hurt"],"picked":"stsjorbsmod:BookOfTongues","floor":13},{"not_picked":["stsjorbsmod:Thorns","stsjorbsmod:BurningFlask"],"picked":"stsjorbsmod:ColorSpray","floor":14}],"player_experience":519790,"relics_obtained":[{"floor":7,"key":"hubris:TinFlute"},{"floor":13,"key":"Sundial"}],"event_choices":[{"damage_healed":0,"gold_gain":0,"player_choice":"Leave","damage_taken":0,"max_hp_gain":0,"max_hp_loss":0,"event_name":"The Cleric","floor":2,"gold_loss":0},{"damage_healed":0,"gold_gain":0,"player_choice":"Take Wound","damage_taken":0,"relics_obtained":["Golden Idol"],"max_hp_gain":0,"max_hp_loss":0,"event_name":"Golden Idol","floor":8,"gold_loss":0,"cards_obtained":["Injury"]},{"damage_healed":0,"gold_gain":0,"player_choice":"Donut","damage_taken":0,"max_hp_gain":5,"max_hp_loss":0,"event_name":"Big Fish","floor":10,"gold_loss":0},{"damage_healed":0,"gold_gain":0,"player_choice":"Got Potions","damage_taken":0,"max_hp_gain":0,"max_hp_loss":0,"event_name":"Lab","floor":11,"gold_loss":0}],"is_beta":false,"boss_relics":[],"items_purged_floors":[],"is_endless":false,"potions_floor_spawned":[1,12],"killed_by":"The Guardian","ascension_level":0}}