{"host":"06t6i6dwlvtvdxau","time":1613484122,"event":{"mods":["BaseMod","BetterRewards","Colored Map","Colored Powertips","GifTheSpireLib","Hermit","Minty Spire (QoL Compilation)","Quick Restart","Shop Mod","StSLib"],"gold_per_floor":[109,109,129,129,146,146,159,171,240,272,285,285,285,297,297,376,376,392,317,329,346,100,100,126,126,202,117,117,117],"floor_reached":28,"language":"FRA","playtime":1226,"items_purged":["Defend_G","Strike_G"],"score":444,"play_id":"6f84aa01-21ab-4302-9954-0d1694cdd293","local_time":"20210216150202","is_ascension_mode":true,"campfire_choices":[{"data":"Footwork","floor":6.0,"key":"SMITH"},{"data":"Neutralize","floor":13.0,"key":"SMITH"},{"data":"Cloak And Dagger","floor":15.0,"key":"SMITH"},{"data":"Glass Knife","floor":23,"key":"SMITH"},{"data":"Cloak And Dagger","floor":25,"key":"SMITH"}],"circlet_count":0,"master_deck":["AscendersBane","Strike_G","Strike_G","Strike_G","Defend_G","Defend_G","Defend_G","Survivor","Neutralize+1","Footwork+1","Blade Dance","Cloak And Dagger","Blade Dance","Cloak And Dagger+1","Caltrops+1","Glass Knife+1","Blade Dance","Caltrops+1","Cloak And Dagger+1"],"relics":["Ring of the Snake","TungstenRod","Frozen Egg 2","Strawberry","Black Star","Juzu Bracelet","Snake Skull","Pantograph","Question Card"],"acts_visited":["Exordium","TheCity"],"potions_floor_usage":[21],"damage_taken":[{"damage":0.0,"enemies":"Small Slimes","floor":1.0,"turns":4.0},{"damage":4.0,"enemies":"Cultist","floor":3.0,"turns":5.0},{"damage":0.0,"enemies":"2 Louse","floor":5.0,"turns":4.0},{"damage":5.0,"enemies":"Large Slime","floor":7.0,"turns":8.0},{"damage":0.0,"enemies":"Blue Slaver","floor":8.0,"turns":5.0},{"damage":6.0,"enemies":"3 Sentries","floor":10.0,"turns":11.0},{"damage":0.0,"enemies":"3 Louse","floor":11.0,"turns":4.0},{"damage":11.0,"enemies":"Lots of Slimes","floor":14.0,"turns":4.0},{"damage":30.0,"enemies":"Slime Boss","floor":16.0,"turns":12.0},{"damage":22.0,"enemies":"Chosen","floor":18.0,"turns":5.0},{"damage":5.0,"enemies":"Shell Parasite","floor":20.0,"turns":7.0},{"damage":23,"enemies":"Cultist and Chosen","floor":21,"turns":7},{"damage":12,"enemies":"Book of Stabbing","floor":24,"turns":5},{"damage":0,"enemies":"Gremlin Leader","floor":28,"turns":1}],"seed_played":"2064725351465158819","potions_obtained":[{"floor":1.0,"key":"AttackPotion"},{"floor":5.0,"key":"Regen Potion"},{"floor":7.0,"key":"Swift Potion"},{"floor":10.0,"key":"AttackPotion"},{"floor":18.0,"key":"CultistPotion"},{"floor":21,"key":"GamblersBrew"}],"is_trial":false,"path_per_floor":["M","?","M","?","M","R","M","M","T","E","M","?","R","M","R","B",null,"M","?","M","M","$","R","E","R","T","?","E"],"character_chosen":"THE_SILENT","items_purchased":["Footwork","Caltrops+1","Cloak And Dagger"],"campfire_rested":0,"item_purchase_floors":[0,22,22],"current_hp_per_floor":[59,64,60,60,60,60,55,55,55,71,71,71,71,60,60,30,66,44,44,39,16,16,16,4,4,4,4,4,4],"gold":117,"neow_bonus":"","is_daily":false,"chose_seed":false,"campfire_upgraded":5,"win_rate":0.0,"timestamp":1613484122,"path_taken":["M","?","M","?","M","R","M","?","T","E","M","?","R","M","R","BOSS","M","?","M","M","$","R","E","R","T","?","E"],"items_purchased_type":["Card","Card","Card"],"build_version":"2020-12-22","purchased_purges":2,"victory":false,"max_hp_per_floor":[66,71,71,71,71,71,71,71,71,78,78,78,78,78,78,78,78,78,78,78,78,78,78,78,78,78,78,78,78],"card_choices":[{"not_picked":["Bouncing Flask","Acrobatics","Predator"],"picked":"SKIP","floor":1.0},{"not_picked":["PiercingWail","Dagger Throw","Poisoned Stab"],"picked":"SKIP","floor":3.0},{"not_picked":["Reflex","Poisoned Stab"],"picked":"Blade Dance","floor":5.0},{"not_picked":["Deflect","PiercingWail"],"picked":"Cloak And Dagger","floor":7.0},{"not_picked":["Flechettes","Deadly Poison"],"picked":"Blade Dance","floor":8.0},{"not_picked":["Concentrate","Bane"],"picked":"Cloak And Dagger","floor":10.0},{"not_picked":["Dodge and Roll","Underhanded Strike"],"picked":"Caltrops+1","floor":11.0},{"not_picked":["Catalyst","Crippling Poison","Deadly Poison"],"picked":"SKIP","floor":14.0},{"not_picked":["Night Terror","Bullet Time"],"picked":"Glass Knife","floor":16.0},{"not_picked":["Finisher","Poisoned Stab","Heel Hook+1"],"picked":"SKIP","floor":18.0},{"not_picked":["Deadly Poison","Outmaneuver","Slice"],"picked":"SKIP","floor":20.0},{"not_picked":["Backflip+1","Skewer"],"picked":"Blade Dance","floor":21},{"not_picked":["Poisoned Stab+1","Corpse Explosion","Masterful Stab"],"picked":"SKIP","floor":24}],"player_experience":793998,"relics_obtained":[{"floor":9.0,"key":"Frozen Egg 2"},{"floor":10.0,"key":"Strawberry"},{"floor":24,"key":"Juzu Bracelet"},{"floor":24,"key":"Snake Skull"},{"floor":26,"key":"Pantograph"}],"event_choices":[{"damage_healed":0.0,"max_hp_gain":5.0,"max_hp_loss":0.0,"gold_gain":0.0,"event_name":"Big Fish","player_choice":"Donut","floor":2.0,"gold_loss":0.0,"damage_taken":0.0},{"damage_healed":0.0,"max_hp_gain":0.0,"max_hp_loss":0.0,"gold_gain":0.0,"event_name":"WeMeetAgain","player_choice":"Gave Potion","floor":4.0,"gold_loss":0.0,"damage_taken":0.0,"relics_obtained":["TungstenRod"]},{"cards_removed":["Strike_G"],"damage_healed":0.0,"max_hp_gain":0.0,"max_hp_loss":0.0,"gold_gain":0.0,"event_name":"Living Wall","player_choice":"Forget","floor":12.0,"gold_loss":0.0,"damage_taken":0.0},{"cards_removed":["Defend_G"],"damage_healed":0.0,"max_hp_gain":0.0,"max_hp_loss":0.0,"gold_gain":0.0,"event_name":"Beggar","player_choice":"Gave Gold","floor":19.0,"gold_loss":75.0,"damage_taken":0.0},{"damage_healed":0,"gold_gain":0,"player_choice":"Obtained Relic","damage_taken":0,"relics_obtained":["Question Card"],"max_hp_gain":0,"max_hp_loss":0,"event_name":"Addict","floor":27,"gold_loss":85}],"is_beta":false,"boss_relics":[{"not_picked":["Philosopher\u0027s Stone","Velvet Choker"],"picked":"Black Star"}],"items_purged_floors":[0,22],"is_endless":false,"potions_floor_spawned":[1,5,7,10,18,21],"killed_by":"Gremlin Leader","ascension_level":17}}