{"host":"09c1j7k0szn5tpd7","time":1613491529,"event":{"mods":["BaseMod","Googly Eyes","Hubris","Infinite Spire","Minty Spire (QoL Compilation)","Replay The Spire","StSLib","??????REMEMod"],"gold_per_floor":[110,110,11,25,25,59,59,88,88,88,88,99,115,115,115,215,215,234,250,250,30,49,79,98,112,135,135,50,115,129,129,129,226,226,243,28,28,38,38,38,63,81,108,143,193,208,208,40,40,40],"floor_reached":51,"language":"ENG","playtime":7081,"items_purged":["Strike_B","Dualcast"],"score":1045,"play_id":"5aefc1c9-0895-4143-a77e-75697b08d2f0","local_time":"20210216170529","is_ascension_mode":true,"campfire_choices":[{"data":"Demon Form","floor":7.0,"key":"SMITH"},{"data":"White Noise","floor":10.0,"key":"SMITH"},{"data":"White Noise","floor":15.0,"key":"SMITH"},{"floor":27.0,"key":"REST"},{"data":"Scrape","floor":32.0,"key":"SMITH"},{"floor":40.0,"key":"REST"},{"data":"Forethought","floor":49,"key":"SMITH"}],"circlet_count":0,"master_deck":["Strike_B","Strike_B","Strike_B","Defend_B","Defend_B","Defend_B","Zap","Cold Snap","Demon Form+1","Undo","Sweeping Beam","White Noise+1","White Noise+1","Conserve Battery","Panic Button","Machine Learning","hubris:PowerSurge+1","FTL","Go for the Eyes","Scrape+1","Panic Button","Forethought+1","Replay:Fractal Strike","Echo Form","Steam","Scrape","Beam Cell","Bandage Up","Beam Cell+1","Gash","Double Energy","Panache+1"],"relics":["Cracked Core","REME_ComplimentaryCards","NeowsBlessing","hubris:Towel","infinitespire:Golems Mask","Eternal Feather","InkBottle","infinitespire:WardingShard","Painkiller Herb","ClockworkSouvenir","Quantum Egg","Bronze Scales","Nunchaku","Pondfish Scales","hubris:Backtick","Shuriken","MealTicket","White Beast Statue","Golden Egg","Replay:Multitool"],"acts_visited":["Exordium","TheCity","TheBeyond"],"potions_floor_usage":[50],"damage_taken":[{"damage":0.0,"enemies":"2 Louse","floor":1.0,"turns":1.0},{"damage":0.0,"enemies":"Small Slimes","floor":4.0,"turns":1.0},{"damage":0.0,"enemies":"Gremlin Nob","floor":6.0,"turns":1.0},{"damage":9.0,"enemies":"Replay:BlueRogue","floor":8.0,"turns":8.0},{"damage":4.0,"enemies":"Jaw Worm","floor":12.0,"turns":4.0},{"damage":9.0,"enemies":"Red Slaver","floor":13.0,"turns":3.0},{"damage":6.0,"enemies":"Slime Boss","floor":16.0,"turns":8.0},{"damage":0.0,"enemies":"3 Byrds","floor":18.0,"turns":2.0},{"damage":15.0,"enemies":"2 Thieves","floor":19.0,"turns":3.0},{"damage":7.0,"enemies":"Shelled Parasite and Fungi","floor":22.0,"turns":4.0},{"damage":15.0,"enemies":"Book of Stabbing","floor":23.0,"turns":6.0},{"damage":7.0,"enemies":"Centurion and Healer","floor":24.0,"turns":6.0},{"damage":0.0,"enemies":"Snake Plant","floor":25.0,"turns":4.0},{"damage":2.0,"enemies":"REME_1_Revenger","floor":29.0,"turns":4.0},{"damage":4.0,"enemies":"Chosen and Byrds","floor":30.0,"turns":4.0},{"damage":25.0,"enemies":"Collector","floor":33.0,"turns":6.0},{"damage":22.0,"enemies":"3 Darklings","floor":35.0,"turns":4.0},{"damage":28.0,"enemies":"3 Shapes","floor":38.0,"turns":4.0},{"damage":0.0,"enemies":"Reptomancer","floor":41.0,"turns":6.0},{"damage":0.0,"enemies":"Transient","floor":42.0,"turns":5.0},{"damage":0.0,"enemies":"R_Hoarder","floor":44.0,"turns":4.0},{"damage":0.0,"enemies":"Mind Bloom Boss Battle","floor":45.0,"turns":5.0},{"damage":14.0,"enemies":"Jaw Worm Horde","floor":46.0,"turns":4.0},{"damage":54,"enemies":"Replay:Hell Engine","floor":50,"turns":6}],"seed_played":"-8486802732892397377","potions_obtained":[{"floor":1.0,"key":"Dexterity Potion"},{"floor":4.0,"key":"FearPotion"},{"floor":16.0,"key":"Explosive Potion"},{"floor":22.0,"key":"Reflective Coating"},{"floor":23.0,"key":"FocusPotion"},{"floor":25.0,"key":"REME_GoldPotion"},{"floor":38.0,"key":"Swift Potion"},{"floor":42.0,"key":"Weak Potion"},{"floor":44.0,"key":"PowerPotion"},{"floor":45.0,"key":"Elixir"},{"floor":46.0,"key":"Explosive Potion"}],"is_trial":false,"path_per_floor":["M","?","$","M","?","E","R","E","T","R","?","M","M","T","R","B",null,"?","?","?","T","?","E","?","?","T","T","T","E","?","AVR","T","B",null,"?","T","?","?","?","T","E","?","T","E","?","?","AVR","T","T","B",null],"character_chosen":"DEFECT","items_purchased":["Undo","Sweeping Beam","ClockworkSouvenir","Forethought","Scrape","MealTicket","Panache"],"campfire_rested":2,"item_purchase_floors":[3,3,21,28,36,36,48],"current_hp_per_floor":[68,68,68,68,68,68,68,59,59,68,68,64,55,55,64,58,71,71,56,56,56,49,34,27,27,27,61,61,59,55,55,67,42,67,45,45,45,17,17,54,58,62,62,66,70,60,60,75,75,25],"gold":40,"neow_bonus":"THREE_ENEMY_KILL","is_daily":false,"chose_seed":false,"campfire_upgraded":5,"win_rate":0.0,"timestamp":1613491529,"path_taken":["M","?","$","M","?","E","R","E","T","R","?","M","M","?","R","BOSS","?","?","?","?","?","E","?","?","T","T","T","E","?","AVR","T","BOSS","?","T","?","?","?","T","E","?","T","E","?","?","AVR","?","T","BOSS"],"items_purchased_type":["Card","Card","Relic","Card","Card","Relic","Card"],"build_version":"2020-12-22","purchased_purges":2,"victory":true,"max_hp_per_floor":[75,75,75,75,75,75,75,75,75,75,75,75,75,75,75,75,75,75,75,75,75,75,75,75,75,75,75,75,75,75,75,75,75,75,75,75,75,75,75,75,75,75,75,75,75,75,75,75,75,75],"card_choices":[{"not_picked":["Streamline","Beam Cell"],"picked":"Cold Snap","floor":1.0},{"not_picked":["Rebound","Ball Lightning"],"picked":"White Noise","floor":4.0},{"not_picked":["BasicCrystalCard","Redo","Rebound"],"picked":"SKIP","floor":6.0},{"not_picked":["Hello World","hubris:Ukulele"],"picked":"White Noise","floor":8.0},{"not_picked":["BasicCrystalCard","Ball Lightning"],"picked":"Conserve Battery","floor":12.0},{"not_picked":["Stack","Hyperbeam"],"picked":"Panic Button","floor":13.0},{"not_picked":["Rainbow","ReplayRNGCard"],"picked":"Machine Learning","floor":16.0},{"not_picked":["Coolheaded","Stack"],"picked":"hubris:PowerSurge+1","floor":18.0},{"not_picked":["Leap+1","Rainbow"],"picked":"FTL","floor":19.0},{"not_picked":["Redo","ReplayTheSpireMod:Reroute Power","BasicCrystalCard"],"picked":"SKIP","floor":22.0},{"not_picked":["Compile Driver","Leap"],"picked":"Go for the Eyes","floor":23.0},{"not_picked":["Hologram","Melter","FIFO Queue","Streamline"],"picked":"Scrape","floor":24.0},{"not_picked":["Rebound","Barrage"],"picked":"Panic Button","floor":25.0},{"not_picked":["Ball Lightning","Streamline","Rebound"],"picked":"SKIP","floor":29.0},{"not_picked":["Conserve Battery","hubris:Prefetch","Ball Lightning"],"picked":"SKIP","floor":30.0},{"not_picked":["Reboot","Multi-Cast"],"picked":"Echo Form","floor":33.0},{"not_picked":["Static Discharge","Conserve Battery+1"],"picked":"Steam","floor":35.0},{"not_picked":["Cold Snap","Stack+1"],"picked":"Beam Cell","floor":38.0},{"not_picked":["Replay:BasicMightCard","Dark Shackles"],"picked":"Bandage Up","floor":39.0},{"not_picked":["Redo","Barrage"],"picked":"Beam Cell+1","floor":41.0},{"not_picked":["Hologram+1","Steam Power","Doom and Gloom"],"picked":"SKIP","floor":42.0},{"not_picked":["hubris:PowerSurge+1","Redo","Cold Snap","Leap"],"picked":"Gash","floor":44.0},{"not_picked":["Streamline","Conserve Battery"],"picked":"Double Energy","floor":45.0},{"not_picked":["Hologram","Barrage","Sunder"],"picked":"SKIP","floor":46.0}],"player_experience":1001949,"relics_obtained":[{"floor":6.0,"key":"infinitespire:Golems Mask"},{"floor":8.0,"key":"Eternal Feather"},{"floor":9.0,"key":"InkBottle"},{"floor":14.0,"key":"infinitespire:WardingShard"},{"floor":23.0,"key":"Quantum Egg"},{"floor":26.0,"key":"Bronze Scales"},{"floor":29.0,"key":"Nunchaku"},{"floor":41.0,"key":"White Beast Statue"},{"floor":44.0,"key":"Golden Egg"},{"floor":45.0,"key":"Replay:Multitool"}],"event_choices":[{"cards_removed":["Overencumbered"],"damage_healed":0.0,"max_hp_gain":0.0,"max_hp_loss":0.0,"gold_gain":0.0,"event_name":"Purifier","player_choice":"Purged","floor":20.0,"gold_loss":0.0,"damage_taken":0.0},{"damage_healed":0.0,"max_hp_gain":0.0,"max_hp_loss":0.0,"gold_gain":0.0,"event_name":"SensoryStone","player_choice":"Memory 1","floor":39.0,"gold_loss":0.0,"damage_taken":0.0},{"damage_healed":0.0,"max_hp_gain":0.0,"max_hp_loss":0.0,"gold_gain":0.0,"event_name":"MindBloom","player_choice":"Fight","floor":45.0,"gold_loss":0.0,"damage_taken":0.0}],"is_beta":false,"boss_relics":[{"not_picked":["Philosopher\u0027s Stone","Abe\u0027s Treasure"],"picked":"Painkiller Herb"},{"not_picked":["Replay:Grab Bag","Replay:Bronze Core"],"picked":"hubris:Backtick"}],"items_purged_floors":[21,31],"is_endless":false,"potions_floor_spawned":[1,4,13,16,18,22,23,25,38,42,44,45,46],"ascension_level":12}}