{"host":"5jzx1090woovszu4","time":1613454237,"event":{"mods":["BaseMod","Beaked The Cultist","Gremlin Mod","Minty Spire (QoL Compilation)","Spicy Shops","StSLib","[GremlinLeader]The Maniac"],"gold_per_floor":[114,114,36,36,46,76,76,94,94,36,56,89,102,102,102,198,198,183,183,183,197,197,226,226,251,325,345,305,335,352,12,12,113,113,123,123,138,156,169,197,197,223,223,223,236,236,16,34,34,34,34,34,8,41,41,41],"floor_reached":55,"language":"ENG","playtime":3418,"items_purged":[],"score":947,"play_id":"760d8567-b6d7-4b4a-9049-b47dfda61c82","local_time":"20210216064357","is_ascension_mode":true,"campfire_choices":[{"data":"beaked:MachineEssence","floor":7,"key":"SMITH"},{"data":"beaked:Evade","floor":15,"key":"SMITH"},{"data":"beaked:KnowThyFoe","floor":32,"key":"SMITH"},{"data":"beaked:Insight","floor":41,"key":"SMITH"},{"floor":44,"key":"RECALL"},{"data":"RitualDagger","floor":49,"key":"SMITH"},{"data":"beaked:AwakenedForm","floor":52,"key":"SMITH"}],"circlet_count":0,"master_deck":["beaked:Strike_Y+1","beaked:Strike_Y+1","beaked:Strike_Y+1","beaked:Strike_Y+1","beaked:Strike_Y+1","beaked:Strike_Y+1","beaked:Defend_Y+1","beaked:Defend_Y+1","beaked:Defend_Y+1","beaked:Ceremony","beaked:Ceremony","beaked:Ceremony+1","beaked:Flinch","beaked:VigorBurst","beaked:Evade+1","beaked:MachineEssence+1","beaked:Overexert","beaked:Daydream+1","RitualDagger+1","J.A.X.","beaked:KnowThyFoe+1","beaked:Sacrifice","beaked:Roost","beaked:Windmill+1","beaked:Insight+1","beaked:AwakenedForm+1","Madness","Madness","beaked:Evade+1","beaked:Brace+1","beaked:Roost","beaked:Insight+1","beaked:Insight+1","beaked:HuntressSpirit","beaked:Struggle+1"],"relics":["beaked:MendingPlumage","NeowsBlessing","FaceOfCleric","CultistMask","StoneCalendar","TungstenRod","Regal Pillow","Pantograph","Runic Pyramid","Orichalcum","Bottled Flame","Mercury Hourglass","MealTicket","Gremlin Horn","Black Star","CaptainsWheel","Ice Cream","Art of War","Potion Belt","Membership Card","DollysMirror","Gambling Chip","Akabeko"],"acts_visited":["Exordium","TheCity","TheBeyond","TheEnding"],"potions_floor_usage":[16,18,23,23,25,33,35,37,40,45,55,55,55],"damage_taken":[{"damage":0,"enemies":"Small Slimes","floor":1,"turns":1},{"damage":0,"enemies":"Cultist","floor":5,"turns":1},{"damage":0,"enemies":"Gremlin Nob","floor":6,"turns":1},{"damage":9,"enemies":"2 Louse","floor":8,"turns":4},{"damage":33,"enemies":"Red Slaver","floor":11,"turns":6},{"damage":24,"enemies":"Lagavulin","floor":12,"turns":7},{"damage":20,"enemies":"Looter","floor":13,"turns":4},{"damage":60,"enemies":"Hexaghost","floor":16,"turns":10},{"damage":40,"enemies":"2 Thieves","floor":18,"turns":4},{"damage":58,"enemies":"3 Byrds","floor":21,"turns":7},{"damage":93,"enemies":"Book of Stabbing","floor":23,"turns":7},{"damage":39,"enemies":"Gremlin Leader","floor":25,"turns":7},{"damage":34,"enemies":"Centurion and Healer","floor":27,"turns":6},{"damage":61,"enemies":"Slavers","floor":29,"turns":6},{"damage":27,"enemies":"Chosen and Byrds","floor":30,"turns":7},{"damage":85,"enemies":"Collector","floor":33,"turns":8},{"damage":26,"enemies":"3 Shapes","floor":35,"turns":6},{"damage":31,"enemies":"Orb Walker","floor":37,"turns":4},{"damage":47,"enemies":"Maw","floor":38,"turns":7},{"damage":32,"enemies":"Sphere and 2 Shapes","floor":39,"turns":4},{"damage":61,"enemies":"Reptomancer","floor":40,"turns":6},{"damage":100,"enemies":"Giant Head","floor":42,"turns":8},{"damage":30,"enemies":"4 Shapes","floor":45,"turns":5},{"damage":62,"enemies":"Maw","floor":48,"turns":8},{"damage":221,"enemies":"Awakened One","floor":50,"turns":10},{"damage":114,"enemies":"Shield and Spear","floor":54,"turns":8},{"damage":263,"enemies":"The Heart","floor":55,"turns":11}],"seed_played":"-2025009885631947084","potions_obtained":[{"floor":1,"key":"beaked:MendingBrew"},{"floor":6,"key":"Explosive Potion"},{"floor":8,"key":"BlessingOfTheForge"},{"floor":16,"key":"LiquidMemories"},{"floor":23,"key":"PowerPotion"},{"floor":27,"key":"CultistPotion"},{"floor":29,"key":"ColorlessPotion"},{"floor":30,"key":"Swift Potion"},{"floor":35,"key":"DistilledChaos"},{"floor":38,"key":"SteroidPotion"},{"floor":39,"key":"DistilledChaos"},{"floor":45,"key":"SpeedPotion"}],"is_trial":false,"path_per_floor":["M","?","$","?","M","E","R","M","T","?","M","E","M","$","R","B",null,"M","?","?","M","?","E","?","E","T","M","?","E","M","$","R","B",null,"M","?","M","M","M","E","R","E","T","R","M","?","$","M","R","B",null,"R","$","E","B"],"character_chosen":"BEAKED_THE_CULTIST","items_purchased":["beaked:VigorBurst","Gremlin Horn","beaked:Insight","Membership Card","DollysMirror","SteroidPotion"],"campfire_rested":0,"item_purchase_floors":[3,31,31,47,47,53],"current_hp_per_floor":[50,50,55,55,56,57,57,57,57,57,57,60,50,50,50,57,62,53,48,48,62,62,47,47,66,66,68,68,74,78,78,78,79,79,79,70,82,88,89,88,88,75,75,75,96,96,101,105,105,40,106,106,106,97,0,0],"gold":41,"neow_bonus":"THREE_ENEMY_KILL","is_daily":false,"chose_seed":false,"campfire_upgraded":6,"win_rate":0.0,"timestamp":1613454237,"path_taken":["M","?","$","?","M","E","R","?","T","?","M","E","?","?","R","BOSS","M","?","?","?","?","E","?","E","T","M","?","E","M","$","R","BOSS","M","?","M","M","M","E","R","E","T","R","M","?","$","?","R","BOSS","R","$","E","BOSS"],"items_purchased_type":["Card","Relic","Card","Relic","Relic","Potion"],"build_version":"2020-12-22","purchased_purges":0,"victory":false,"max_hp_per_floor":[50,50,55,55,56,57,57,58,58,58,59,60,61,61,61,62,62,63,63,63,64,64,65,65,66,66,70,70,74,78,78,78,79,79,80,80,84,88,89,93,93,97,97,97,101,101,101,105,105,106,106,106,106,110,110,110],"card_choices":[{"not_picked":["beaked:Replenish","beaked:Redirect"],"picked":"beaked:Flinch","floor":1},{"not_picked":["beaked:Flinch","beaked:Poke"],"picked":"beaked:Evade","floor":5},{"not_picked":["beaked:Redirect","beaked:Brace"],"picked":"beaked:MachineEssence","floor":6},{"not_picked":["beaked:Tweet","beaked:Poke","beaked:HuntressEssence"],"picked":"SKIP","floor":8},{"not_picked":["beaked:Recite","beaked:Redirect","beaked:WarriorEssence"],"picked":"SKIP","floor":11},{"not_picked":["beaked:MimicWarrior","beaked:SacrificialDive","beaked:BounceBack"],"picked":"SKIP","floor":12},{"not_picked":["beaked:Windmill","beaked:Struggle"],"picked":"beaked:Overexert","floor":13},{"not_picked":["beaked:SacrificialAttack+1","beaked:BarbedWire"],"picked":"beaked:Daydream","floor":18},{"not_picked":["beaked:DigDeep","beaked:SacrificialAttack+1","beaked:Poke"],"picked":"SKIP","floor":21},{"not_picked":["beaked:Tweet+1","beaked:Struggle"],"picked":"beaked:KnowThyFoe","floor":23},{"not_picked":["beaked:CursingBlood","beaked:Redirect"],"picked":"beaked:Sacrifice","floor":25},{"not_picked":["beaked:Daydream","beaked:RitualOfBody"],"picked":"beaked:Roost","floor":27},{"not_picked":["beaked:CrazyRituals","beaked:Caw"],"picked":"beaked:Windmill+1","floor":29},{"not_picked":["beaked:DigDeep","beaked:Recite","beaked:DesperateSwing"],"picked":"SKIP","floor":30},{"not_picked":["beaked:WildInstinct","beaked:ShadowFade"],"picked":"beaked:AwakenedForm","floor":33},{"not_picked":["beaked:Replenish+1","beaked:BraceForImpact","beaked:Foresight"],"picked":"SKIP","floor":35},{"not_picked":["beaked:Cower","beaked:Mantra+1"],"picked":"beaked:Evade+1","floor":37},{"not_picked":["beaked:Flinch","beaked:Cower+1","beaked:MimicMachine+1"],"picked":"SKIP","floor":38},{"not_picked":["beaked:DigDeep","beaked:BounceBack+1"],"picked":"beaked:Brace+1","floor":39},{"not_picked":["beaked:DigDeeper","beaked:FeelMyPain+1","beaked:BloodForTheGods"],"picked":"SKIP","floor":40},{"not_picked":["beaked:Tradeoff","beaked:SurvivalInstinct"],"picked":"beaked:Roost","floor":42},{"not_picked":["beaked:SacrificialAttack","beaked:Resilience","beaked:BraceForImpact+1"],"picked":"SKIP","floor":45},{"not_picked":["beaked:CursingBlood","beaked:Windmill+1"],"picked":"beaked:HuntressSpirit","floor":48},{"not_picked":["beaked:WarriorSpirit","beaked:Windmill+1"],"picked":"beaked:Struggle+1","floor":54}],"player_experience":645685,"relics_obtained":[{"floor":6,"key":"StoneCalendar"},{"floor":9,"key":"TungstenRod"},{"floor":12,"key":"Pantograph"},{"floor":23,"key":"Orichalcum"},{"floor":25,"key":"Bottled Flame"},{"floor":26,"key":"Mercury Hourglass"},{"floor":29,"key":"MealTicket"},{"floor":40,"key":"CaptainsWheel"},{"floor":40,"key":"Ice Cream"},{"floor":42,"key":"Art of War"},{"floor":42,"key":"Potion Belt"},{"floor":54,"key":"Gambling Chip"},{"floor":54,"key":"Akabeko"}],"event_choices":[{"damage_healed":0,"gold_gain":0,"player_choice":"Leave","damage_taken":0,"max_hp_gain":0,"max_hp_loss":0,"event_name":"The Cleric","floor":2,"gold_loss":0},{"damage_healed":0,"gold_gain":0,"player_choice":"Trade","damage_taken":0,"relics_obtained":["FaceOfCleric"],"max_hp_gain":0,"max_hp_loss":0,"event_name":"FaceTrader","floor":4,"gold_loss":0},{"damage_healed":0,"gold_gain":0,"player_choice":"Paid Gold","damage_taken":0,"relics_obtained":["Regal Pillow"],"max_hp_gain":0,"max_hp_loss":0,"event_name":"WeMeetAgain","floor":10,"gold_loss":58},{"damage_healed":0,"gold_gain":0,"player_choice":"Joined the Cult","damage_taken":6,"max_hp_gain":0,"max_hp_loss":0,"event_name":"Nest","floor":19,"gold_loss":0,"cards_obtained":["RitualDagger"]},{"cards_removed":["beaked:Defend_Y"],"damage_healed":0,"gold_gain":0,"player_choice":"Offered Basic","damage_taken":0,"max_hp_gain":0,"max_hp_loss":0,"event_name":"Bonfire Elementals","floor":20,"gold_loss":0},{"damage_healed":0,"gold_gain":0,"player_choice":"Obtain J.A.X.","damage_taken":0,"max_hp_gain":0,"max_hp_loss":0,"event_name":"Drug Dealer","floor":22,"gold_loss":0,"cards_obtained":["J.A.X."]},{"damage_healed":0,"gold_gain":0,"player_choice":"Simplicity","damage_taken":0,"max_hp_gain":0,"max_hp_loss":0,"event_name":"Back to Basics","floor":24,"gold_loss":0,"cards_upgraded":["beaked:Strike_Y","beaked:Strike_Y","beaked:Strike_Y","beaked:Strike_Y","beaked:Strike_Y","beaked:Strike_Y","beaked:Defend_Y","beaked:Defend_Y","beaked:Defend_Y"]},{"damage_healed":0,"gold_gain":0,"player_choice":"Upgraded Two","damage_taken":0,"max_hp_gain":0,"max_hp_loss":0,"event_name":"Designer","floor":28,"gold_loss":40,"cards_upgraded":["beaked:Ceremony","beaked:Daydream"]},{"damage_healed":0,"gold_gain":0,"player_choice":"Embrace Madness","damage_taken":10,"max_hp_gain":0,"max_hp_loss":0,"event_name":"Winding Halls","floor":36,"gold_loss":0,"cards_obtained":["Madness","Madness"]},{"damage_healed":0,"gold_gain":0,"player_choice":"Copied","damage_taken":0,"max_hp_gain":0,"max_hp_loss":0,"event_name":"Duplicator","floor":46,"gold_loss":0,"cards_obtained":["beaked:Insight"]}],"is_beta":false,"boss_relics":[{"not_picked":["Sozu","beaked:MawFillet"],"picked":"Runic Pyramid"},{"not_picked":["Velvet Choker","Astrolabe"],"picked":"Black Star"}],"items_purged_floors":[],"is_endless":false,"potions_floor_spawned":[1,6,8,13,16,23,27,29,30,35,38,39,45],"killed_by":"The Heart","ascension_level":2}}