{"host":"ormi09wwzv7sq47a","time":1613484532,"event":{"mods":["2.2 Compatiblity","AchievementEnabler","Act Like it!","BaseMod","Bestiary","Better Altar","Better Note","Better Sensory Stone","Better Silent Start","Better Skull","Better Third Choice","Better Vampires","BetterRewards","Block Reminder","Card Forge","Colored Map","Colored Powertips","Curses Come First","DeckTracker","Downfall","Highlight Path","Minty Spire (QoL Compilation)","Permanent Neow","Quick Restart","Rare Cards Sparkle","Relic Stats","Shop Mod","StSLib","The Jungle"],"gold_per_floor":[110,35,66,66,66,66,79,79,155,182,182,272,313,313,313,313,313],"floor_reached":16,"language":"ENG","playtime":519,"items_purged":["Bash"],"score":190,"play_id":"e071e0f8-b8d9-4c2b-9a1b-a81446b0c5d8","local_time":"20210216110852","is_ascension_mode":true,"campfire_choices":[{"floor":6.0,"key":"REST"},{"data":"HandOfGreed","floor":11,"key":"SMITH"},{"data":"Perfected Strike","floor":15,"key":"SMITH"}],"circlet_count":0,"master_deck":["AscendersBane","Strike_R","Strike_R+1","Strike_R","Defend_R","Defend_R","Defend_R","Defend_R","Disarm","HandOfGreed+1","Perfected Strike+1","Flame Barrier","Perfected Strike+1","Body Slam","True Grit","Twin Strike","Sentinel"],"relics":["Burning Blood","Hammer of Thor","Seething Fire","Anvil of the Gods","Mummified Hand","champ:DuelingGlove","Frozen Egg 2","Boot"],"acts_visited":["Exordium"],"potions_floor_usage":[12],"damage_taken":[{"damage":7.0,"enemies":"Jaw Worm","floor":1.0,"turns":3.0},{"damage":7.0,"enemies":"Small Slimes","floor":3.0,"turns":2.0},{"damage":0.0,"enemies":"2 Louse","floor":7.0,"turns":2.0},{"damage":30,"enemies":"Lagavulin","floor":10,"turns":4},{"damage":1,"enemies":"Gremlin Gang","floor":12,"turns":7},{"damage":8,"enemies":"3 Louse","floor":13,"turns":3},{"damage":21,"enemies":"The Guardian","floor":16,"turns":12}],"seed_played":"6348296506928334472","potions_obtained":[{"floor":1.0,"key":"Regen Potion"},{"floor":10,"key":"EssenceOfSteel"}],"is_trial":false,"path_per_floor":["M","?","M","?","?","R","M","$","T","E","R","M","M","?","R","B"],"character_chosen":"IRONCLAD","items_purchased":["Mummified Hand","Disarm","HandOfGreed","Perfected Strike"],"campfire_rested":1,"item_purchase_floors":[0,0,0,0],"current_hp_per_floor":[32,32,36,13,13,35,41,41,41,17,17,22,20,20,20,0,0],"gold":313,"neow_bonus":"","is_daily":false,"chose_seed":false,"campfire_upgraded":2,"win_rate":0.0,"timestamp":1613484532,"path_taken":["M","?","M","?","?","R","M","?","T","E","R","?","M","?","R","BOSS"],"items_purchased_type":["Relic","Card","Card","Card"],"build_version":"2020-12-22","purchased_purges":1,"victory":false,"max_hp_per_floor":[75,75,75,75,75,75,75,75,75,75,75,75,75,75,75,75,75],"relic_stats":{"counters":[7,33],"Mummified Hand":[0],"Boot":[1],"obtain_stats":[{"champ:DuelingGlove":0,"Anvil of the Gods":0,"Mummified Hand":0,"Hammer of Thor":0,"Seething Fire":0,"Frozen Egg 2":9,"Boot":10,"Burning Blood":0},{"champ:DuelingGlove":0,"Anvil of the Gods":0,"Mummified Hand":0,"Hammer of Thor":0,"Seething Fire":0,"Frozen Egg 2":3,"Boot":4,"Burning Blood":0},{"champ:DuelingGlove":0,"Anvil of the Gods":0,"Mummified Hand":0,"Hammer of Thor":0,"Seething Fire":0,"Frozen Egg 2":7,"Boot":11,"Burning Blood":0}],"Burning Blood":36},"card_choices":[{"not_picked":["Shrug It Off","Armaments"],"picked":"Flame Barrier","floor":1.0},{"not_picked":["Shrug It Off","Cleave"],"picked":"Perfected Strike","floor":3.0},{"not_picked":["Carnage","Infernal Blade"],"picked":"Body Slam","floor":7.0},{"not_picked":["Bludgeon","Clash"],"picked":"True Grit","floor":10},{"not_picked":["Havoc","Clothesline"],"picked":"Twin Strike","floor":12},{"not_picked":["Clothesline","Sword Boomerang"],"picked":"Sentinel","floor":13}],"player_experience":1090488,"relics_obtained":[{"floor":9.0,"key":"Frozen Egg 2"},{"floor":10,"key":"Boot"}],"event_choices":[{"cards_removed":["Strike_R"],"damage_healed":0.0,"max_hp_gain":0.0,"max_hp_loss":0.0,"gold_gain":0.0,"event_name":"The Cleric","player_choice":"Card Removal","floor":2.0,"gold_loss":75.0,"damage_taken":0.0},{"damage_healed":36.0,"max_hp_gain":0.0,"max_hp_loss":75.0,"gold_gain":0.0,"event_name":"betterThird:BetterShining","player_choice":"Upgrade","floor":4.0,"gold_loss":0.0,"damage_taken":23.0,"cards_upgraded":["Strike_R","Perfected Strike"]},{"damage_healed":0.0,"max_hp_gain":0.0,"max_hp_loss":0.0,"gold_gain":1.0,"event_name":"betterThird:BetterScrap","player_choice":"LEAVE","floor":5.0,"gold_loss":0.0,"damage_taken":0.0,"cards_obtained":["Setup"]},{"cards_removed":["Strike_R"],"damage_healed":0,"gold_gain":0,"player_choice":"Purged","damage_taken":0,"max_hp_gain":0,"max_hp_loss":0,"event_name":"Purifier","floor":14,"gold_loss":0}],"is_beta":false,"boss_relics":[],"items_purged_floors":[0],"is_endless":false,"potions_floor_spawned":[1,10],"killed_by":"The Guardian","ascension_level":18}}