{"host":"nlbr7nnijupf3yfg","time":1613501863,"event":{"mods":["AchievementEnabler","BaseMod","BetterRewards","Card Forge","Colored Powertips","DeckTracker","Downfall","Hubris","Infinite Spire","Minty Spire (QoL Compilation)","Quick Restart","Relic Stats","Replay The Spire","Shop Mod","StSLib","SuperFastMode"],"gold_per_floor":[119,119,119,119,131,159,159,189,189,189,189,207,224,240,240,314,414,433,433,451,451,466,466,497,447,447,476,488,506,506,522,522,594,594,605,605,605,616,636,636,670,670,693,719,735,735,769,781,781,781],"floor_reached":51,"language":"ENG","playtime":1040,"items_purged":[],"score":1793,"play_id":"be85daaa-1464-4cc4-8325-5b636d95ebb7","local_time":"20210216135743","is_ascension_mode":true,"campfire_choices":[{"data":"hubris:InfiniteBlow+6","floor":7,"key":"SMITH"},{"data":"hubris:InfiniteBlow+7","floor":10,"key":"SMITH"},{"floor":15,"key":"REST"},{"data":"hubris:InfiniteBlow+9","floor":23,"key":"SMITH"},{"data":"hubris:InfiniteBlow+10","floor":32,"key":"SMITH"},{"floor":40,"key":"REST"},{"floor":42,"key":"REST"},{"floor":46,"key":"REST"},{"data":"hubris:InfiniteBlow+15","floor":49,"key":"SMITH"}],"circlet_count":0,"master_deck":["Strike_R+1","Strike_R+2","Strike_R+1","Strike_R+1","Strike_R+3","Defend_R+1","Defend_R+1","Defend_R+1","Bash+1","Apotheosis+1","Mind Blast+1","Good Instincts+1","Mind Blast+1","Mind Blast+1","hubris:InfiniteBlow+16","hubris:Fate+1","Berserk+1","Berserk+1","Berserk+1","Berserk+1","Berserk+1","Berserk+1","Berserk+1","Berserk+1","Berserk+1","Berserk+1","Berserk+1","Berserk+1","Berserk+1","Berserk+1","Berserk+1","Berserk+1","Berserk+1","Berserk+1","Berserk+1","Berserk+1","Berserk+1","Berserk+1","Berserk+1","Berserk+1","Berserk+1","Berserk+1","Berserk+1","Berserk+1","CurseOfTheBell","infinitespire:Punishment+1","Mind Blast+1","infinitespire:Pacifist","Mind Blast+1","Mind Blast+1","Flex","Flex"],"relics":["Burning Blood","Hammer of Thor","Seething Fire","Anvil of the Gods","Guardian:PocketSentry","Strange Spoon","Ice Cream","Anchor","hubris:MedicalManual","Lee\u0027s Waffle","Thread and Needle","bronze:DonusWashers","Gremlin Food","PreservedInsect","CaptainsWheel","ReplayTheSpireMod:ShopPack","hubris:OldNail","Replay:PocketPolymizer","Replay:Towering Pillar of Hats","Guide Book","Whetstone","Unceasing Top","Orichalcum","hubris:Metronome","Bird Faced Urn","hubris:SlimyHat","infinitespire:Golems Mask","infinitespire:PuzzleCube","TungstenRod","Bronze Scales","Ornamental Fan","Slimebound:StickyStick","BranchBurnRelic","Counterbalance","Red Skull","Replay:Grab Bag","bronze:MakeshiftBattery","Replay:Wanted Poster","Calling Bell","infinitespire:Satchel","infinitespire:ShieldingShard","Gambling Chip","sneckomod:BlankCard","Replay:Bottled Eggs","King of Hearts","hubris:ChampionShield","Replay:Bronze Core","Ring of Peace","ReplayTheSpireMod:Ring of Addiction","Toy Ornithopter","SacredBark","Pet Ghost","Simple Rune","Oddly Smooth Stone","hubris:TinFlute"],"acts_visited":["Exordium","TheCity","TheBeyond"],"potions_floor_usage":[16,18,38,50],"damage_taken":[{"damage":0,"enemies":"Small Slimes","floor":1,"turns":1},{"damage":0,"enemies":"2 Louse","floor":5,"turns":1},{"damage":0,"enemies":"Gremlin Nob","floor":6,"turns":1},{"damage":0,"enemies":"3 Sentries","floor":8,"turns":1},{"damage":0,"enemies":"Jaw Worm","floor":12,"turns":1},{"damage":0,"enemies":"Large Slime","floor":13,"turns":1},{"damage":0,"enemies":"Blue Slaver","floor":14,"turns":1},{"damage":35,"enemies":"The Guardian","floor":16,"turns":7},{"damage":0,"enemies":"3 Byrds","floor":18,"turns":2},{"damage":0,"enemies":"Chosen","floor":20,"turns":1},{"damage":0,"enemies":"Snake Plant","floor":22,"turns":1},{"damage":0,"enemies":"Gremlin Leader","floor":24,"turns":1},{"damage":0,"enemies":"Slavers","floor":27,"turns":1},{"damage":0,"enemies":"Snecko","floor":28,"turns":1},{"damage":0,"enemies":"Shelled Parasite and Fungi","floor":29,"turns":1},{"damage":0,"enemies":"Snake Plant","floor":31,"turns":1},{"damage":2,"enemies":"Champ","floor":33,"turns":5},{"damage":0,"enemies":"Orb Walker","floor":35,"turns":1},{"damage":0,"enemies":"3 Darklings","floor":38,"turns":5},{"damage":28,"enemies":"Maw","floor":39,"turns":7},{"damage":0,"enemies":"Nemesis","floor":41,"turns":1},{"damage":0,"enemies":"R_Hoarder","floor":44,"turns":2},{"damage":0,"enemies":"Sphere and 2 Shapes","floor":45,"turns":1},{"damage":0,"enemies":"Nemesis","floor":47,"turns":1},{"damage":0,"enemies":"Jaw Worm Horde","floor":48,"turns":1},{"damage":0,"enemies":"Replay:Hell Engine","floor":50,"turns":1}],"seed_played":"3372785710164716008","potions_obtained":[{"floor":1,"key":"DistilledChaos"},{"floor":20,"key":"BloodPotion"},{"floor":22,"key":"Fire Potion"},{"floor":44,"key":"FearPotion"}],"is_trial":false,"path_per_floor":["M","?","?","$","M","E","R","E","T","R","?","M","M","M","R","B",null,"M","?","M","$","M","R","E","?","T","E","M","M","?","M","R","B",null,"M","?","?","M","M","R","E","R","T","E","M","R","E","M","R","B",null],"character_chosen":"IRONCLAD","items_purchased":["Guardian:PocketSentry","Strange Spoon","Anchor","Lee\u0027s Waffle","bronze:DonusWashers","Gremlin Food","PreservedInsect","ReplayTheSpireMod:ShopPack","hubris:OldNail","Replay:PocketPolymizer","Guide Book","Whetstone","Orichalcum","hubris:Metronome","hubris:SlimyHat","infinitespire:PuzzleCube","Bronze Scales","Fruit Juice","Ornamental Fan"],"campfire_rested":4,"item_purchase_floors":[0,0,0,0,0,0,0,0,0,0,0,0,0,0,0,0,0,0,0],"current_hp_per_floor":[82,85,85,85,85,85,85,85,85,85,85,85,85,85,85,74,86,90,90,90,90,90,90,90,90,90,90,90,90,90,90,90,90,90,90,90,90,90,82,90,90,88,88,88,86,86,86,84,84,84],"gold":781,"neow_bonus":"","is_daily":false,"chose_seed":false,"campfire_upgraded":5,"win_rate":0.0,"timestamp":1613501863,"path_taken":["M","?","?","$","M","E","R","E","T","R","?","M","M","M","R","BOSS","M","?","M","$","M","R","E","?","T","E","?","M","?","M","R","BOSS","M","?","?","M","M","R","E","R","T","E","M","R","E","M","R","BOSS"],"items_purchased_type":["Relic","Relic","Relic","Relic","Relic","Relic","Relic","Relic","Relic","Relic","Relic","Relic","Relic","Relic","Relic","Relic","Relic","Potion","Relic"],"build_version":"2020-12-22","purchased_purges":0,"victory":true,"max_hp_per_floor":[82,85,85,85,85,85,85,85,85,85,85,85,85,85,85,90,90,90,90,90,90,90,90,90,90,90,90,90,90,90,90,90,90,90,90,90,90,90,90,90,90,88,88,88,86,86,86,84,84,84],"relic_stats":{"Lee\u0027s Waffle":61,"counters":[99,159],"PreservedInsect":378,"Whetstone":["Strike_R","Strike_R"],"Orichalcum":[90],"Burning Blood":199,"Strange Spoon":[110],"Ornamental Fan":[124],"Bird Faced Urn":[31],"Bronze Scales":[64],"Gambling Chip":[35],"obtain_stats":[{"Replay:Accelerometer":13,"Golden Egg":130,"Whetstone":0,"Blood Vial":49,"Replay:Wanted Poster":17,"Replay:Ringing Soul":58,"infinitespire:ShieldingShard":17,"hubris:AstralHammer":29,"Replay:Bronze Core":51,"infinitespire:Golems Mask":0,"Kunai":85,"hubris:TinFlute":47,"Replay:Bottled Steam":149,"Blue Candle":110,"Counterbalance":8,"ReplayTheSpireMod:Ring of Addiction":36,"Pen Nib":128,"Guardian:PocketSentry":3,"Replay:Ancient Bell":119,"infinitespire:EvilPickle":33,"Bird Faced Urn":116,"Unceasing Top":0,"infinitespire:PuzzleCube":0,"hubris:Reverence":44,"Lantern":119,"hubris:Metronome":0,"Singing Bowl":40,"Torii":41,"sneckomod:BlankCard":19,"Magic Flower":119,"Blue Doll":117,"King of Hearts":26,"Bag of Preparation":128,"hubris:EmptyBottle":155,"Smiling Mask":113,"Burning Blood":0,"Pet Ghost":66,"Replay:Rubber Ducky":100,"BranchBurnRelic":7,"Shovel":24,"hubris:Backtick":34,"Matryoshka":116,"infinitespire:Bottled Soul":43,"Ring of Peace":36,"Toolbox":36,"hubris:ScarierMask":136,"WingedGreaves":74,"Chemical X":116,"Replay:Bottled Eggs":24,"hubris:ChampionShield":27,"Paper Frog":119,"Lee\u0027s Waffle":0,"hubris:64BitClover":63,"Thread and Needle":0,"The Courier":126,"PreservedInsect":0,"Seething Fire":0,"infinitespire:Lucky Rock":98,"hubris:Towel":92,"MawBank":96,"Replay:Arrowhead":0,"bronze:BronzeIdol":38,"Ornamental Fan":142,"Bottled Lightning":111,"hexamod:BolsterEngine":151,"Toy Ornithopter":36,"infinitespire:Midas Blood":32,"hubris:BottledRain":45,"Ice Cream":0,"Calipers":94,"Vajra":104,"Hammer of Thor":0,"hubris:TerracottaHorce":102,"Centennial Puzzle":10,"Lizard Tail":87,"DollysMirror":88,"Iron Hammer":89,"hubris:DuctTape":88,"ReplayTheSpireMod:CursedCoin":104,"Dead Branch":0,"Replay:Grab Bag":17,"Oddly Smooth Stone":112,"Ring of Chaos":68,"War Paint":88,"WarpedTongs":42,"hubris:Zylophone":141,"ReplayTheSpireMod:Spearhead":78,"Replay:Baseball":134,"ReplayTheSpireMod:Shallot":156,"Anvil of the Gods":0,"Brimstone":27,"Bronze Scales":125,"hubris:PeanutButter":143,"Simple Rune":43,"hubris:ToyBattleship":56,"Grinning Jar":85,"bronze:MakeshiftBattery":17,"Meat on the Bone":77,"Pocketwatch":133,"Replay:PocketPolymizer":0,"SacredBark":36,"hubris:SlimyHat":145,"Replay:Mystery Machine":47,"Nunchaku":106,"Dream Catcher":145,"hubris:Icosahedron":28,"Mummified Hand":9,"Slimebound:StickyStick":6,"Gambling Chip":85,"hubris:IronBody":11,"Red Skull":80,"Runic Pyramid":17,"Gremlin Food":0,"hexamod:CandleOfCauterizing":79,"bronze:DonusWashers":0,"ReplayTheSpireMod:Ninjato":95,"Replay:Towering Pillar of Hats":75,"Guide Book":0,"Replay:WaspNest":46,"infinitespire:FocusingShard":57,"hubris:MedicalManual":0,"Orichalcum":60,"White Beast Statue":26,"Calling Bell":85,"Strange Spoon":34,"Anchor":152,"CaptainsWheel":0,"infinitespire:WardingShard":76,"infinitespire:Satchel":17,"infinitespire:Burning Sword":153,"FossilizedHelix":132,"hubris:OldNail":0,"TungstenRod":0,"ReplayTheSpireMod:ShopPack":0},{"Replay:Accelerometer":6,"Golden Egg":59,"Whetstone":73,"Blood Vial":20,"Replay:Wanted Poster":81,"Replay:Ringing Soul":25,"infinitespire:ShieldingShard":81,"hubris:AstralHammer":12,"Replay:Bronze Core":21,"infinitespire:Golems Mask":73,"Kunai":38,"hubris:TinFlute":97,"Replay:Bottled Steam":69,"Blue Candle":51,"Counterbalance":77,"ReplayTheSpireMod:Ring of Addiction":91,"Pen Nib":58,"Guardian:PocketSentry":2,"Replay:Ancient Bell":54,"infinitespire:EvilPickle":14,"Bird Faced Urn":53,"Unceasing Top":73,"infinitespire:PuzzleCube":73,"hubris:Reverence":18,"Lantern":54,"hubris:Metronome":73,"Singing Bowl":17,"Torii":17,"sneckomod:BlankCard":82,"Magic Flower":54,"Blue Doll":53,"King of Hearts":85,"Bag of Preparation":58,"hubris:EmptyBottle":71,"Smiling Mask":52,"Burning Blood":0,"Pet Ghost":30,"Replay:Rubber Ducky":45,"BranchBurnRelic":76,"Shovel":11,"hubris:Backtick":14,"Matryoshka":53,"infinitespire:Bottled Soul":17,"Ring of Peace":91,"Toolbox":15,"hubris:ScarierMask":62,"WingedGreaves":33,"Chemical X":53,"Replay:Bottled Eggs":85,"hubris:ChampionShield":86,"Paper Frog":54,"Lee\u0027s Waffle":73,"hubris:64BitClover":29,"Thread and Needle":73,"The Courier":57,"PreservedInsect":73,"Seething Fire":0,"infinitespire:Lucky Rock":45,"hubris:Towel":43,"MawBank":44,"Replay:Arrowhead":0,"bronze:BronzeIdol":16,"Ornamental Fan":66,"Bottled Lightning":51,"hexamod:BolsterEngine":70,"Toy Ornithopter":91,"infinitespire:Midas Blood":13,"hubris:BottledRain":18,"Ice Cream":73,"Calipers":43,"Vajra":47,"Hammer of Thor":0,"hubris:TerracottaHorce":46,"Centennial Puzzle":5,"Lizard Tail":41,"DollysMirror":41,"Iron Hammer":42,"hubris:DuctTape":41,"ReplayTheSpireMod:CursedCoin":47,"Dead Branch":73,"Replay:Grab Bag":81,"Oddly Smooth Stone":51,"Ring of Chaos":31,"War Paint":41,"WarpedTongs":17,"hubris:Zylophone":65,"ReplayTheSpireMod:Spearhead":35,"Replay:Baseball":61,"ReplayTheSpireMod:Shallot":72,"Anvil of the Gods":0,"Brimstone":11,"Bronze Scales":56,"hubris:PeanutButter":66,"Simple Rune":94,"hubris:ToyBattleship":24,"Grinning Jar":38,"bronze:MakeshiftBattery":81,"Meat on the Bone":35,"Pocketwatch":61,"Replay:PocketPolymizer":73,"SacredBark":91,"hubris:SlimyHat":67,"Replay:Mystery Machine":19,"Nunchaku":48,"Dream Catcher":67,"hubris:Icosahedron":11,"Mummified Hand":4,"Slimebound:StickyStick":76,"Gambling Chip":38,"hubris:IronBody":5,"Red Skull":36,"Runic Pyramid":8,"Gremlin Food":73,"hexamod:CandleOfCauterizing":36,"bronze:DonusWashers":73,"ReplayTheSpireMod:Ninjato":43,"Replay:Towering Pillar of Hats":34,"Guide Book":73,"Replay:WaspNest":19,"infinitespire:FocusingShard":25,"hubris:MedicalManual":73,"Orichalcum":26,"White Beast Statue":11,"Calling Bell":38,"Strange Spoon":14,"Anchor":71,"CaptainsWheel":73,"infinitespire:WardingShard":35,"infinitespire:Satchel":81,"infinitespire:Burning Sword":71,"FossilizedHelix":60,"hubris:OldNail":73,"TungstenRod":73,"ReplayTheSpireMod:ShopPack":73},{"Replay:Accelerometer":10,"Golden Egg":96,"Whetstone":111,"Blood Vial":43,"Replay:Wanted Poster":125,"Replay:Ringing Soul":50,"infinitespire:ShieldingShard":125,"hubris:AstralHammer":23,"Replay:Bronze Core":46,"infinitespire:Golems Mask":111,"Kunai":70,"hubris:TinFlute":157,"Replay:Bottled Steam":107,"Blue Candle":88,"Counterbalance":115,"ReplayTheSpireMod:Ring of Addiction":140,"Pen Nib":95,"Guardian:PocketSentry":4,"Replay:Ancient Bell":91,"infinitespire:EvilPickle":30,"Bird Faced Urn":90,"Unceasing Top":111,"infinitespire:PuzzleCube":111,"hubris:Reverence":40,"Lantern":91,"hubris:Metronome":111,"Singing Bowl":38,"Torii":38,"sneckomod:BlankCard":127,"Magic Flower":91,"Blue Doll":90,"King of Hearts":130,"Bag of Preparation":95,"hubris:EmptyBottle":109,"Smiling Mask":89,"Burning Blood":0,"Pet Ghost":55,"Replay:Rubber Ducky":82,"BranchBurnRelic":114,"Shovel":20,"hubris:Backtick":30,"Matryoshka":90,"infinitespire:Bottled Soul":38,"Ring of Peace":140,"Toolbox":32,"hubris:ScarierMask":99,"WingedGreaves":58,"Chemical X":90,"Replay:Bottled Eggs":130,"hubris:ChampionShield":131,"Paper Frog":91,"Lee\u0027s Waffle":111,"hubris:64BitClover":54,"Thread and Needle":111,"The Courier":94,"PreservedInsect":111,"Seething Fire":0,"infinitespire:Lucky Rock":82,"hubris:Towel":79,"MawBank":81,"Replay:Arrowhead":0,"bronze:BronzeIdol":34,"Ornamental Fan":104,"Bottled Lightning":88,"hexamod:BolsterEngine":108,"Toy Ornithopter":140,"infinitespire:Midas Blood":25,"hubris:BottledRain":40,"Ice Cream":111,"Calipers":79,"Vajra":84,"Hammer of Thor":0,"hubris:TerracottaHorce":83,"Centennial Puzzle":8,"Lizard Tail":75,"DollysMirror":75,"Iron Hammer":77,"hubris:DuctTape":75,"ReplayTheSpireMod:CursedCoin":84,"Dead Branch":111,"Replay:Grab Bag":125,"Oddly Smooth Stone":88,"Ring of Chaos":56,"War Paint":75,"WarpedTongs":38,"hubris:Zylophone":102,"ReplayTheSpireMod:Spearhead":63,"Replay:Baseball":98,"ReplayTheSpireMod:Shallot":110,"Anvil of the Gods":0,"Brimstone":20,"Bronze Scales":93,"hubris:PeanutButter":104,"Simple Rune":153,"hubris:ToyBattleship":49,"Grinning Jar":70,"bronze:MakeshiftBattery":125,"Meat on the Bone":63,"Pocketwatch":98,"Replay:PocketPolymizer":111,"SacredBark":140,"hubris:SlimyHat":105,"Replay:Mystery Machine":41,"Nunchaku":85,"Dream Catcher":105,"hubris:Icosahedron":20,"Mummified Hand":6,"Slimebound:StickyStick":114,"Gambling Chip":70,"hubris:IronBody":8,"Red Skull":66,"Runic Pyramid":13,"Gremlin Food":111,"hexamod:CandleOfCauterizing":66,"bronze:DonusWashers":111,"ReplayTheSpireMod:Ninjato":79,"Replay:Towering Pillar of Hats":60,"Guide Book":111,"Replay:WaspNest":41,"infinitespire:FocusingShard":50,"hubris:MedicalManual":111,"Orichalcum":51,"White Beast Statue":20,"Calling Bell":70,"Strange Spoon":30,"Anchor":109,"CaptainsWheel":111,"infinitespire:WardingShard":63,"infinitespire:Satchel":125,"infinitespire:Burning Sword":109,"FossilizedHelix":97,"hubris:OldNail":111,"TungstenRod":111,"ReplayTheSpireMod:ShopPack":111}],"Unceasing Top":[0],"TungstenRod":5,"Toy Ornithopter":0},"card_choices":[{"not_picked":["Mayhem","Panache"],"picked":"Apotheosis","floor":0},{"not_picked":["ReplayUltimateDefense","Bandage Up"],"picked":"Mind Blast","floor":0},{"not_picked":["Finesse","Trip"],"picked":"Good Instincts","floor":0},{"not_picked":["ReplayTheSpireMod:LeadingStrike","Armaments","Twin Strike"],"picked":"SKIP","floor":1},{"not_picked":["Armaments","Searing Blow","hubris:CleavingFinish"],"picked":"SKIP","floor":5},{"not_picked":["Power Through","Headbutt","Sword Boomerang"],"picked":"SKIP","floor":6},{"not_picked":["ReplayTheSpireMod:LeadingStrike","Second Wind","Flex"],"picked":"SKIP","floor":8},{"not_picked":["Clothesline","Sword Boomerang","Pommel Strike"],"picked":"SKIP","floor":12},{"not_picked":["Dropkick","Brutality","Uppercut"],"picked":"SKIP","floor":13},{"not_picked":["Armaments","Whirlwind","Warcry"],"picked":"SKIP","floor":14},{"not_picked":["Carnage","Twin Strike","Armaments+1"],"picked":"SKIP","floor":18},{"not_picked":["Heavy Blade","Perfected Strike","hubris:ReadiedAction"],"picked":"SKIP","floor":20},{"not_picked":["Replay:Undeath\u0027s Touch+1","Run Through","Iron Wave+1"],"picked":"SKIP","floor":22},{"not_picked":["Flex","Warcry","Impervious"],"picked":"SKIP","floor":24},{"not_picked":["ReplayTheSpireMod:LeadingStrike","Body Slam","hubris:SharpeningStone+1"],"picked":"SKIP","floor":27},{"not_picked":["Cleave+1","Warcry","hubris:ReadiedAction"],"picked":"SKIP","floor":28},{"not_picked":["Wild Strike","Power Through","Sword Boomerang"],"picked":"SKIP","floor":29},{"not_picked":["Body Slam+1","ReplayTheSpireMod:Limb From Limb","Cleave"],"picked":"SKIP","floor":31},{"not_picked":["Sword Boomerang","Combust","Cleave"],"picked":"SKIP","floor":35},{"not_picked":["Body Slam","Pommel Strike+1","ReplayReversal+1"],"picked":"SKIP","floor":38},{"not_picked":["Heavy Blade","Armaments","Carnage+1"],"picked":"SKIP","floor":39},{"not_picked":["Heavy Blade","Rupture","Flame Barrier+1"],"picked":"SKIP","floor":41},{"not_picked":["True Grit","Demonic Infusion","Flex"],"picked":"SKIP","floor":44},{"not_picked":["hubris:SharpeningStone+1","hubris:ReadiedAction+1","Warcry"],"picked":"SKIP","floor":45},{"not_picked":["Demon Form","Cleave","Clash"],"picked":"SKIP","floor":47},{"not_picked":["Havoc","Power Through+1","Clothesline"],"picked":"SKIP","floor":48}],"player_experience":88889,"relics_obtained":[{"floor":6,"key":"Slimebound:StickyStick"},{"floor":8,"key":"Counterbalance"},{"floor":9,"key":"Red Skull"},{"floor":17,"key":"infinitespire:Satchel"},{"floor":17,"key":"infinitespire:ShieldingShard"},{"floor":17,"key":"Gambling Chip"},{"floor":24,"key":"Replay:Bottled Eggs"},{"floor":26,"key":"King of Hearts"},{"floor":27,"key":"hubris:ChampionShield"},{"floor":36,"key":"Ring of Peace"},{"floor":36,"key":"ReplayTheSpireMod:Ring of Addiction"},{"floor":36,"key":"Toy Ornithopter"},{"floor":36,"key":"SacredBark"},{"floor":41,"key":"Pet Ghost"},{"floor":43,"key":"Simple Rune"},{"floor":44,"key":"Oddly Smooth Stone"},{"floor":47,"key":"hubris:TinFlute"}],"event_choices":[{"damage_healed":0,"gold_gain":0,"player_choice":"Opened","damage_taken":0,"relics_obtained":["sneckomod:BlankCard"],"max_hp_gain":0,"max_hp_loss":0,"event_name":"The Mausoleum","floor":19,"gold_loss":0},{"damage_healed":0,"gold_gain":0,"player_choice":"Bet on Murderer","damage_taken":0,"max_hp_gain":0,"max_hp_loss":0,"event_name":"The Joust","floor":25,"gold_loss":50},{"damage_healed":0,"gold_gain":0,"player_choice":"Simplicity","damage_taken":0,"max_hp_gain":0,"max_hp_loss":0,"event_name":"Back to Basics","floor":30,"gold_loss":0,"cards_upgraded":["Strike_R","Defend_R","Defend_R"]},{"cards_removed":["Defend_R"],"damage_healed":0,"gold_gain":0,"player_choice":"Purged","damage_taken":0,"max_hp_gain":0,"max_hp_loss":0,"event_name":"Purifier","floor":37,"gold_loss":0}],"is_beta":false,"boss_relics":[{"not_picked":["Runic Dome","sneckomod:SneckoTalon"],"picked":"Replay:Grab Bag"},{"not_picked":["Ectoplasm","hubris:RunicObelisk"],"picked":"bronze:MakeshiftBattery"},{"not_picked":["hubris:VirtuousBlindfold","Ooze Armor"],"picked":"Replay:Wanted Poster"},{"not_picked":["hubris:Stopwatch","hubris:HollowSoul"],"picked":"Calling Bell"},{"not_picked":["SlaversCollar","Empty Cage"],"picked":"Replay:Bronze Core"}],"items_purged_floors":[],"is_endless":false,"potions_floor_spawned":[1,6,16,20,22,24,28,29,33,38,44,45],"ascension_level":14}}