{"host":"8zzc9mdnfkdiyxma","time":1613498441,"event":{"mods":["2.2 Compatiblity","BaseMod","Better Altar","Better Match","Better Note","Better Sensory Stone","Better Skull","Better Third Choice","Better Vampires","Colored Map","Colored Powertips","Emptier Cage","Minty Spire (QoL Compilation)","Permanent Neow","Rare Cards Sparkle","Relic Filter","Reliquary","SacredBarkPlus","StSLib","Waifu the Spire"],"gold_per_floor":[114,114,124,124,8,42,42,77,77,77,92,106,106,125,125,200,200,120,120,45,45,45,45,79,96,96,96,108,150,173,199,199,280,280,298,308,308,85,104,104,104,104,151,151,194,194,211,211,211,211,211],"floor_reached":50,"language":"ENG","playtime":3595,"items_purged":["Regret","Strike_B"],"score":1032,"play_id":"a1ae529e-e3d8-44df-81a5-d1743c6afdea","local_time":"20210216130041","is_ascension_mode":true,"campfire_choices":[{"floor":7.0,"key":"REST"},{"floor":10.0,"key":"REST"},{"floor":13.0,"key":"REST"},{"data":"Coolheaded","floor":15.0,"key":"SMITH"},{"floor":23.0,"key":"REST"},{"floor":27.0,"key":"REST"},{"floor":32.0,"key":"REST"},{"floor":40,"key":"REST"},{"data":"Defragment","floor":44,"key":"SMITH"},{"floor":46,"key":"REST"},{"floor":49,"key":"RECALL"}],"circlet_count":0,"master_deck":["AscendersBane","Strike_B","Strike_B","Defend_B","Defend_B","Defend_B","Zap+1","Coolheaded+1","Glacier","Capacitor","Capacitor","Reinforced Body","Thunder Strike","Cold Snap","Conserve Battery","Thunder Strike","Conserve Battery","Defragment+1","Hologram","Storm","Defragment","Thunder Strike","Blind","Reinforced Body","Hologram+1","Core Surge+1"],"relics":["Cracked Core","Lizard Tail","Toy Ornithopter","Eternal Feather","CaptainsWheel","reliquary:ThirdArm","Nilry\u0027s Codex","Boot","Oddly Smooth Stone","CeramicFish","Busted Crown","Molten Egg 2"],"acts_visited":["Exordium","TheCity","TheBeyond"],"potions_floor_usage":[39,45,50],"damage_taken":[{"damage":0.0,"enemies":"Cultist","floor":1.0,"turns":4.0},{"damage":0.0,"enemies":"Small Slimes","floor":3.0,"turns":4.0},{"damage":35.0,"enemies":"3 Sentries","floor":6.0,"turns":11.0},{"damage":47.0,"enemies":"Gremlin Nob","floor":8.0,"turns":6.0},{"damage":0.0,"enemies":"2 Louse","floor":11.0,"turns":2.0},{"damage":26.0,"enemies":"Gremlin Gang","floor":12.0,"turns":8.0},{"damage":1.0,"enemies":"Blue Slaver","floor":14.0,"turns":5.0},{"damage":18.0,"enemies":"The Guardian","floor":16.0,"turns":14.0},{"damage":20.0,"enemies":"2 Thieves","floor":18.0,"turns":4.0},{"damage":41.0,"enemies":"Book of Stabbing","floor":24.0,"turns":7.0},{"damage":12.0,"enemies":"Chosen","floor":25.0,"turns":5.0},{"damage":10.0,"enemies":"Centurion and Healer","floor":28.0,"turns":8.0},{"damage":60.0,"enemies":"Slavers","floor":29.0,"turns":9.0},{"damage":18.0,"enemies":"Snake Plant","floor":30.0,"turns":5.0},{"damage":16.0,"enemies":"Snecko","floor":31.0,"turns":6.0},{"damage":25.0,"enemies":"Collector","floor":33.0,"turns":11.0},{"damage":14.0,"enemies":"3 Shapes","floor":35.0,"turns":5.0},{"damage":24.0,"enemies":"3 Darklings","floor":36.0,"turns":6.0},{"damage":1,"enemies":"Writhing Mass","floor":39,"turns":8},{"damage":52,"enemies":"Giant Head","floor":45,"turns":9},{"damage":35,"enemies":"Maw","floor":47,"turns":9},{"damage":35,"enemies":"Awakened One","floor":50,"turns":3}],"seed_played":"7650102978593967388","potions_obtained":[{"floor":3.0,"key":"Regen Potion"},{"floor":8.0,"key":"SteroidPotion"},{"floor":16.0,"key":"FocusPotion"},{"floor":25.0,"key":"ColorlessPotion"},{"floor":29.0,"key":"CultistPotion"},{"floor":30.0,"key":"Block Potion"},{"floor":36.0,"key":"Weak Potion"},{"floor":39,"key":"FocusPotion"},{"floor":45,"key":"PotionOfCapacity"}],"is_trial":false,"path_per_floor":["M","?","M","?","$","E","R","E","T","R","M","M","R","M","R","B",null,"M","?","?","?","?","R","E","M","T","R","M","E","M","M","R","B",null,"M","M","?","$","M","R","?","?","T","R","E","R","M","?","R","B"],"character_chosen":"DEFECT","items_purchased":["Capacitor","Blind","Reinforced Body"],"campfire_rested":8,"item_purchase_floors":[5,38,38],"current_hp_per_floor":[64,64,64,64,64,44,65,18,18,48,48,22,52,51,60,47,65,45,45,45,24,38,68,30,18,18,51,46,28,15,4,37,12,56,42,18,18,18,22,58,58,58,58,67,15,50,15,15,30,0,0],"gold":211,"neow_bonus":"UPGRADE_CARD","is_daily":false,"chose_seed":false,"campfire_upgraded":2,"win_rate":0.0,"timestamp":1613498441,"path_taken":["M","?","M","?","$","E","R","E","T","R","M","M","R","M","R","BOSS","M","?","?","?","?","R","E","M","T","R","M","E","?","M","R","BOSS","M","M","?","$","?","R","?","?","T","R","E","R","M","?","R","BOSS"],"items_purchased_type":["Card","Card","Card"],"build_version":"2020-12-22","purchased_purges":2,"victory":false,"max_hp_per_floor":[71,71,71,71,71,71,71,71,71,71,71,71,71,71,71,71,71,71,71,71,71,71,71,71,71,71,71,71,71,71,71,71,71,71,71,71,71,71,71,71,67,67,67,67,67,67,67,67,67,67,67],"card_choices":[{"not_picked":["Streamline","Steam"],"picked":"Coolheaded","floor":1.0},{"not_picked":["Steam","Chill"],"picked":"Capacitor","floor":3.0},{"not_picked":["Hologram","Turbo"],"picked":"Reinforced Body","floor":6.0},{"not_picked":["Steam Power","Gash"],"picked":"Thunder Strike","floor":8.0},{"not_picked":["Capacitor","Coolheaded"],"picked":"Cold Snap","floor":11.0},{"not_picked":["Beam Cell","Undo"],"picked":"Conserve Battery","floor":12.0},{"not_picked":["Fusion","Stack","Reprogram"],"picked":"SKIP","floor":14.0},{"not_picked":["Hyperbeam","Creative AI"],"picked":"Thunder Strike","floor":16.0},{"not_picked":["Stack","Leap"],"picked":"Conserve Battery","floor":18.0},{"not_picked":["Skim","White Noise"],"picked":"Defragment","floor":24.0},{"not_picked":["Tempest","Redo","Leap+1"],"picked":"SKIP","floor":25.0},{"not_picked":["Steam","Heatsinks","Stack"],"picked":"SKIP","floor":28.0},{"not_picked":["Skim","FTL+1"],"picked":"Hologram","floor":29.0},{"not_picked":["Redo","Genetic Algorithm"],"picked":"Storm","floor":30.0},{"not_picked":["Leap","Self Repair"],"picked":"Defragment","floor":31.0},{"not_picked":["Fission","Hyperbeam"],"picked":"Thunder Strike","floor":33.0},{"not_picked":["Self Repair"],"picked":"SKIP","floor":35.0},{"not_picked":["Leap"],"picked":"SKIP","floor":36.0},{"not_picked":[],"picked":"Hologram+1","floor":39},{"not_picked":[],"picked":"Core Surge+1","floor":45},{"not_picked":["Cold Snap+1"],"picked":"SKIP","floor":47}],"player_experience":1004001,"relics_obtained":[{"floor":6.0,"key":"Toy Ornithopter"},{"floor":8.0,"key":"Eternal Feather"},{"floor":9.0,"key":"CaptainsWheel"},{"floor":21.0,"key":"Nilry\u0027s Codex"},{"floor":24.0,"key":"Boot"},{"floor":26.0,"key":"Oddly Smooth Stone"},{"floor":29.0,"key":"CeramicFish"},{"floor":45,"key":"Molten Egg 2"}],"event_choices":[{"damage_healed":0.0,"max_hp_gain":0.0,"max_hp_loss":0.0,"gold_gain":0.0,"cards_transformed":["Strike_B"],"event_name":"Living Wall","player_choice":"Change","floor":2.0,"gold_loss":0.0,"damage_taken":0.0,"cards_obtained":["Glacier"]},{"damage_healed":0.0,"max_hp_gain":0.0,"max_hp_loss":0.0,"gold_gain":0.0,"event_name":"Big Fish","player_choice":"Box","floor":4.0,"gold_loss":0.0,"damage_taken":0.0,"relics_obtained":["Lizard Tail"],"cards_obtained":["Regret"]},{"damage_healed":0.0,"max_hp_gain":0.0,"max_hp_loss":0.0,"gold_gain":0.0,"event_name":"betterNote:BetterNote","player_choice":"Ignored","floor":19.0,"gold_loss":0.0,"damage_taken":0.0,"cards_obtained":["After Image"]},{"cards_removed":["Defend_B"],"damage_healed":0.0,"max_hp_gain":0.0,"max_hp_loss":0.0,"gold_gain":0.0,"event_name":"Beggar","player_choice":"Gave Gold","floor":20.0,"gold_loss":75.0,"damage_taken":0.0},{"damage_healed":0.0,"max_hp_gain":0.0,"max_hp_loss":0.0,"gold_gain":0.0,"event_name":"Cursed Tome","player_choice":"Obtained Book","floor":21.0,"gold_loss":0.0,"damage_taken":21.0},{"damage_healed":14.0,"max_hp_gain":0.0,"max_hp_loss":0.0,"gold_gain":0.0,"event_name":"The Library","player_choice":"Heal","floor":22.0,"gold_loss":0.0,"damage_taken":0.0},{"damage_healed":0,"gold_gain":0,"player_choice":"Ignored","damage_taken":0,"max_hp_gain":0,"max_hp_loss":0,"event_name":"betterThird:BetterPortal","floor":37,"gold_loss":0},{"damage_healed":0,"gold_gain":0,"player_choice":"Max HP","damage_taken":0,"max_hp_gain":0,"max_hp_loss":4,"event_name":"Winding Halls","floor":41,"gold_loss":0},{"damage_healed":0,"gold_gain":0,"player_choice":"Ignored","damage_taken":0,"max_hp_gain":0,"max_hp_loss":0,"event_name":"Mysterious Sphere","floor":42,"gold_loss":0},{"cards_removed":["Dualcast"],"damage_healed":0,"gold_gain":0,"player_choice":"Removed Skill","damage_taken":0,"max_hp_gain":0,"max_hp_loss":0,"event_name":"Falling","floor":48,"gold_loss":0}],"is_beta":false,"boss_relics":[{"not_picked":["Cursed Key","Black Star"],"picked":"reliquary:ThirdArm"},{"not_picked":["Philosopher\u0027s Stone","FrozenCore"],"picked":"Busted Crown"}],"items_purged_floors":[5,38],"is_endless":false,"potions_floor_spawned":[3,8,16,25,29,30,36,39,45],"killed_by":"Awakened One","ascension_level":20}}