{"host":"1s3n9odryuenogaq","time":1613476454,"event":{"mods":["AchievementEnabler","BaseMod","Bestiary","BetterRewards","Colored Map","Colored Powertips","Curses Come First","Googly Eyes","Hubris","Minty Spire (QoL Compilation)","Replay The Spire","StSLib"],"gold_per_floor":[109,126,226,9,28,54,54,89,89,89,89,89,164,176,251,261,261,261,261],"floor_reached":18,"language":"ENG","playtime":1479,"items_purged":[],"score":132,"play_id":"d4191884-504f-4185-b2b7-af87169e2b1f","local_time":"20210216115414","is_ascension_mode":true,"campfire_choices":[{"data":"Noxious Fumes","floor":7.0,"key":"SMITH"},{"floor":17,"key":"REST"}],"circlet_count":0,"master_deck":["Strike_G","Strike_G","Strike_G","Strike_G","Strike_G","Defend_G","Defend_G","Defend_G","Defend_G","Defend_G+1","Survivor+1","Neutralize","Defend_B","Vigilance","Sucker Punch","Distraction","Noxious Fumes+1","Backflip","Leg Sweep","Endless Agony","Cloak And Dagger","Draining Mist","Deadly Poison"],"relics":["Ring of the Snake","War Paint","Frozen Egg 2","Centennial Puzzle","MealTicket","Pet Ghost","PreservedInsect"],"acts_visited":["Exordium"],"potions_floor_usage":[8,8,18,18],"damage_taken":[{"damage":2.0,"enemies":"2 Louse","floor":1.0,"turns":4.0},{"damage":0.0,"enemies":"Cultist","floor":2.0,"turns":4.0},{"damage":2.0,"enemies":"Jaw Worm","floor":5.0,"turns":7.0},{"damage":21.0,"enemies":"3 Sentries","floor":6.0,"turns":9.0},{"damage":20,"enemies":"Gremlin Nob","floor":8,"turns":5},{"damage":18,"enemies":"Large Slime","floor":14,"turns":7},{"damage":5,"enemies":"Exordium Wildlife","floor":16,"turns":8},{"damage":35,"enemies":"Slime Boss","floor":18,"turns":5}],"seed_played":"8751353802180049001","potions_obtained":[{"floor":1.0,"key":"CunningPotion"},{"floor":5.0,"key":"Adrenaline Potion"},{"floor":8,"key":"Milkshake"},{"floor":15,"key":"LiquidMemories"},{"floor":15,"key":"Ancient Potion"}],"is_trial":false,"path_per_floor":["M","M","?","$","M","E","R","E","T","T","PTL","PTL","?","M","?","M","R","B"],"character_chosen":"THE_SILENT","items_purchased":["Noxious Fumes","War Paint"],"campfire_rested":1,"item_purchase_floors":[4,4],"current_hp_per_floor":[82,82,82,82,80,59,59,39,39,39,39,39,28,10,10,5,30,0,0],"gold":261,"neow_bonus":"TWENTY_PERCENT_HP_BONUS","is_daily":false,"chose_seed":false,"campfire_upgraded":1,"win_rate":0.0,"timestamp":1613476454,"path_taken":["M","M","?","$","?","E","R","E","T","?","PTL","PTL","?","?","?","M","R","BOSS"],"items_purchased_type":["Card","Relic"],"build_version":"2020-12-22","purchased_purges":0,"victory":false,"max_hp_per_floor":[84,84,84,84,84,84,84,84,84,84,84,84,84,84,84,84,84,84,84],"card_choices":[{"not_picked":["ReplayTheSpireMod:Shiv Toss","Eviscerate"],"picked":"Sucker Punch","floor":1.0},{"not_picked":["Deflect","Prepared"],"picked":"Distraction","floor":2.0},{"not_picked":["Expertise","Acrobatics"],"picked":"Backflip","floor":5.0},{"not_picked":["All Out Attack","Backflip"],"picked":"Leg Sweep","floor":6.0},{"not_picked":["Expertise","hubris:SlightOfHand"],"picked":"Endless Agony","floor":8},{"not_picked":["Grand Finale","Sucker Punch"],"picked":"Cloak And Dagger","floor":14},{"not_picked":["Endless Agony","Poisoned Stab"],"picked":"Draining Mist","floor":15},{"not_picked":["Slice","Calculated Gamble"],"picked":"Deadly Poison","floor":16}],"player_experience":915421,"relics_obtained":[{"floor":6.0,"key":"Frozen Egg 2"},{"floor":8,"key":"Centennial Puzzle"},{"floor":9,"key":"MealTicket"},{"floor":10,"key":"Pet Ghost"},{"floor":15,"key":"PreservedInsect"}],"event_choices":[{"damage_healed":0.0,"max_hp_gain":0.0,"max_hp_loss":0.0,"gold_gain":100.0,"event_name":"Golden Shrine","player_choice":"Pray","floor":3.0,"gold_loss":0.0,"damage_taken":0.0},{"damage_healed":0,"gold_gain":75,"player_choice":"Gather Gold","damage_taken":11,"max_hp_gain":0,"max_hp_loss":0,"event_name":"World of Goop","floor":13,"gold_loss":0}],"is_beta":false,"boss_relics":[],"items_purged_floors":[],"is_endless":false,"potions_floor_spawned":[1,5,8],"killed_by":"Slime Boss","ascension_level":2}}