{"host":"gyvm9iplrwbfzexe","time":1613512376,"event":{"mods":["BaseMod","Hermit","Minty Spire (QoL Compilation)","StSLib","The Cursed","The Hierophant","The Necromancer","The Runesmith","The Servant 0.9.4"],"gold_per_floor":[119,119,130,205,215,250,250,250,301,319,319,11,22,47,47,151,151,163,163,13,30,30,56,56,56,82,82,93,93,18,18,18,117,117,133,152,152,170,182,208,208,208],"floor_reached":41,"language":"ENG","playtime":4930,"items_purged":["Pain"],"score":474,"play_id":"3d97c1cd-2bae-4f4e-86be-0cb1da6725e3","local_time":"20210216155256","is_ascension_mode":false,"campfire_choices":[{"floor":8,"key":"REST"},{"data":"Defy","floor":11,"key":"SMITH"},{"data":"BestPractice","floor":15,"key":"SMITH"},{"data":"SoulSculpture","floor":24,"key":"SMITH"},{"floor":27,"key":"REST"},{"data":"ReturningBlade","floor":29,"key":"SMITH"},{"data":"ReturningBlade+1","floor":32,"key":"SMITH"}],"circlet_count":0,"master_deck":["Strike_S","Strike_S","Strike_S","Defend_S+1","Defend_S","Defend_S","Defend_S","KidneyShot","Exchange+1","Defy+1","Snipe","SilverBlades+1","Replace","BestPractice+1","Potential","TimeWarp","SoulSculpture+1","Barrier+1","Revamp+1","ShatteredReality+1","PendulumOfEternity","Rewind+1","ReturningBlade+2","Alleviate+1","Doubt","Defy+1","TheWorld","TimeWarp+1","Comet+1","ReturningBlade","SurpressingFire+1","TheWorld"],"relics":["SplendidAttire","NeowsBlessing","WarpedTongs","MealTicket","Centennial Puzzle","Lantern","Pear","Cursed Key","Orrery","Nilry\u0027s Codex","Gremlin Horn","War Paint","Anchor"],"acts_visited":["Exordium","TheCity","TheBeyond"],"potions_floor_usage":[3,6,16,21,23],"damage_taken":[{"damage":0,"enemies":"Jaw Worm","floor":1,"turns":1},{"damage":1,"enemies":"Cultist","floor":3,"turns":1},{"damage":4,"enemies":"2 Louse","floor":5,"turns":2},{"damage":24,"enemies":"3 Sentries","floor":6,"turns":9},{"damage":3,"enemies":"Large Slime","floor":10,"turns":4},{"damage":4,"enemies":"3 Louse","floor":13,"turns":3},{"damage":0,"enemies":"Lagavulin","floor":14,"turns":7},{"damage":31,"enemies":"The Guardian","floor":16,"turns":10},{"damage":0,"enemies":"Chosen","floor":18,"turns":4},{"damage":3,"enemies":"3 Byrds","floor":21,"turns":5},{"damage":33,"enemies":"Gremlin Leader","floor":23,"turns":7},{"damage":3,"enemies":"Snake Plant","floor":28,"turns":5},{"damage":21,"enemies":"Champ","floor":33,"turns":10},{"damage":0,"enemies":"3 Darklings","floor":35,"turns":4},{"damage":20,"enemies":"3 Shapes","floor":36,"turns":6},{"damage":0,"enemies":"Transient","floor":38,"turns":5},{"damage":0,"enemies":"Maw","floor":39,"turns":8},{"damage":28,"enemies":"Reptomancer","floor":40,"turns":9},{"damage":28,"enemies":"Spire Growth","floor":41,"turns":4}],"seed_played":"1113982180955647757","potions_obtained":[{"floor":3,"key":"EntropicBrew"},{"floor":5,"key":"Weak Potion"},{"floor":13,"key":"SteroidPotion"},{"floor":18,"key":"Weak Potion"},{"floor":23,"key":"Explosive Potion"},{"floor":33,"key":"SteroidPotion"},{"floor":38,"key":"Block Potion"}],"is_trial":false,"path_per_floor":["M","?","M","?","M","E","?","R","T","M","R","$","M","E","R","B",null,"M","?","$","M","?","E","R","?","T","R","M","R","?","?","R","B",null,"M","M","?","M","M","E","M"],"character_chosen":"THE_SERVANT","items_purchased":["Lantern","BestPractice","Orrery"],"campfire_rested":2,"item_purchase_floors":[12,12,20],"current_hp_per_floor":[65,65,64,53,49,25,12,31,31,28,28,43,39,49,49,18,75,75,75,75,72,56,23,23,23,23,45,42,42,42,42,42,21,75,75,55,55,55,55,27,0,0],"gold":208,"neow_bonus":"THREE_ENEMY_KILL","is_daily":false,"chose_seed":false,"campfire_upgraded":5,"win_rate":0.0,"timestamp":1613512376,"path_taken":["M","?","?","?","M","E","?","R","T","M","R","$","M","E","R","BOSS","M","?","$","M","?","E","R","?","T","R","?","R","?","?","R","BOSS","M","M","?","M","M","E","M"],"items_purchased_type":["Relic","Card","Relic"],"build_version":"2020-12-22","purchased_purges":1,"victory":false,"max_hp_per_floor":[65,65,65,65,65,65,65,65,65,65,65,65,65,75,75,75,75,75,75,75,75,75,75,75,75,75,75,75,75,75,75,75,75,75,75,75,75,75,75,75,75,75],"card_choices":[{"not_picked":["Potential","Unruled"],"picked":"Defy","floor":1},{"not_picked":["Spin","Unruled"],"picked":"Snipe","floor":3},{"not_picked":["Solidify","DoubleEdge","Unruled"],"picked":"SKIP","floor":5},{"not_picked":["Starlight","ReturningBlade"],"picked":"SilverBlades","floor":6},{"not_picked":["Unruled","Snipe"],"picked":"Replace","floor":10},{"not_picked":["ShiftingGears","Collapse"],"picked":"Potential","floor":13},{"not_picked":["SpecialFormula","Replace"],"picked":"TimeWarp","floor":14},{"not_picked":["Deny","KillingDoll"],"picked":"SoulSculpture","floor":16},{"not_picked":["Starlight","Unruled"],"picked":"Barrier+1","floor":18},{"not_picked":["MoonPhase","ShiftingGears+1"],"picked":"Revamp","floor":20},{"not_picked":["Advance","Starlight"],"picked":"ShatteredReality+1","floor":20},{"not_picked":["MurderousAura","Potential"],"picked":"PendulumOfEternity","floor":20},{"not_picked":["ShatteredReality+1","Rearm"],"picked":"Rewind+1","floor":20},{"not_picked":["FastForward","ShatteredReality"],"picked":"ReturningBlade","floor":21},{"not_picked":["Replace+1","ReturningBlade+1"],"picked":"Alleviate+1","floor":23},{"not_picked":["DoubleEdge","FastForward"],"picked":"Defy+1","floor":28},{"not_picked":["MurderousAura","Duplication"],"picked":"TheWorld","floor":33},{"not_picked":["Defy+1","BottledTime"],"picked":"TimeWarp+1","floor":35},{"not_picked":["ShatteredReality+1","Advance"],"picked":"Comet+1","floor":36},{"not_picked":["Rewind","DoubleEdge+1","ShatteredReality"],"picked":"SKIP","floor":38},{"not_picked":["Advance","ShatteredReality+1"],"picked":"SurpressingFire+1","floor":39},{"not_picked":["Gouge","ShatteredReality"],"picked":"TheWorld","floor":40}],"player_experience":44162,"relics_obtained":[{"floor":6,"key":"MealTicket"},{"floor":9,"key":"Centennial Puzzle"},{"floor":14,"key":"Pear"},{"floor":22,"key":"Nilry\u0027s Codex"},{"floor":23,"key":"Gremlin Horn"},{"floor":26,"key":"War Paint"},{"floor":40,"key":"Anchor"}],"event_choices":[{"damage_healed":0,"gold_gain":0,"player_choice":"Rummage","damage_taken":0,"relics_obtained":["WarpedTongs"],"max_hp_gain":0,"max_hp_loss":0,"event_name":"Accursed Blacksmith","floor":2,"gold_loss":0,"cards_obtained":["Pain"]},{"damage_healed":0,"gold_gain":75,"player_choice":"Gather Gold","damage_taken":11,"max_hp_gain":0,"max_hp_loss":0,"event_name":"World of Goop","floor":4,"gold_loss":0},{"damage_healed":0,"gold_gain":0,"player_choice":"Entered Light","damage_taken":13,"max_hp_gain":0,"max_hp_loss":0,"event_name":"Shining Light","floor":7,"gold_loss":0,"cards_upgraded":["Defend_S","SilverBlades"]},{"damage_healed":0,"gold_gain":0,"player_choice":"Ignored","damage_taken":0,"max_hp_gain":0,"max_hp_loss":0,"event_name":"Ghosts","floor":19,"gold_loss":0},{"damage_healed":0,"gold_gain":0,"player_choice":"Obtained Book","damage_taken":16,"max_hp_gain":0,"max_hp_loss":0,"event_name":"Cursed Tome","floor":22,"gold_loss":0},{"damage_healed":0,"gold_gain":0,"player_choice":"Ignored","damage_taken":0,"max_hp_gain":0,"max_hp_loss":0,"event_name":"N\u0027loth","floor":25,"gold_loss":0},{"cards_removed":["Strike_S"],"damage_healed":0,"gold_gain":0,"player_choice":"Gave Gold","damage_taken":0,"max_hp_gain":0,"max_hp_loss":0,"event_name":"Beggar","floor":30,"gold_loss":75},{"damage_healed":0,"gold_gain":0,"player_choice":"1 cards matched","damage_taken":0,"max_hp_gain":0,"max_hp_loss":0,"event_name":"Match and Keep!","floor":37,"gold_loss":0,"cards_obtained":["ReturningBlade"]}],"is_beta":false,"boss_relics":[{"not_picked":["Calling Bell","Coffee Dripper"],"picked":"Cursed Key"},{"not_picked":["Philosopher\u0027s Stone","SacredBark"],"picked":"SplendidAttire"}],"items_purged_floors":[12],"is_endless":false,"potions_floor_spawned":[3,5,13,18,23,33,38],"killed_by":"Spire Growth","ascension_level":0}}