{"host":"7e6a7vfmtx61a48y","time":1613486185,"event":{"mods":["BaseMod","Better Note","BetterRewards","Block Reminder","Colored Powertips","Curses Come First","Gremlin Skip","Hubris","Minty Spire (QoL Compilation)","Quick Restart","Rare Cards Sparkle","Reliquary","StSLib","SuperFastMode"],"gold_per_floor":[115,125,142,158,170,170,170,199,199,211,211,47,47,65,65,65,65],"floor_reached":16,"language":"ENG","playtime":646,"items_purged":["Strike_R"],"score":166,"play_id":"2ed1ce44-b3db-4d9e-bf4e-890435f35a49","local_time":"20210216223625","is_ascension_mode":true,"campfire_choices":[{"data":"Twin Strike","floor":6.0,"key":"SMITH"},{"data":"Double Tap","floor":11.0,"key":"SMITH"},{"data":"Dramatic Entrance","floor":13.0,"key":"SMITH"},{"data":"Searing Blow+1","floor":15.0,"key":"SMITH"}],"circlet_count":0,"master_deck":["AscendersBane","Strike_R","Strike_R","Strike_R","Strike_R","Defend_R","Defend_R","Defend_R","Defend_R","Bash+1","Shrug It Off","Searing Blow+2","Twin Strike+1","Double Tap+1","Iron Wave","Dramatic Entrance+1","Pommel Strike"],"relics":["Burning Blood","Letter Opener","reliquary:Firecrackers"],"acts_visited":["Exordium"],"potions_floor_usage":[],"damage_taken":[{"damage":1.0,"enemies":"Cultist","floor":1.0,"turns":4.0},{"damage":10.0,"enemies":"Small Slimes","floor":2.0,"turns":4.0},{"damage":2.0,"enemies":"Jaw Worm","floor":3.0,"turns":4.0},{"damage":13.0,"enemies":"3 Louse","floor":4.0,"turns":4.0},{"damage":8.0,"enemies":"Blue Slaver","floor":5.0,"turns":3.0},{"damage":27.0,"enemies":"Lagavulin","floor":8.0,"turns":6.0},{"damage":2.0,"enemies":"Gremlin Gang","floor":10.0,"turns":3.0},{"damage":1.0,"enemies":"Looter","floor":14.0,"turns":2.0},{"damage":51,"enemies":"The Guardian","floor":16,"turns":16}],"seed_played":"3597338302121845768","potions_obtained":[{"floor":2.0,"key":"LiquidMemories"},{"floor":8.0,"key":"SteroidPotion"},{"floor":14.0,"key":"Ancient Potion"}],"is_trial":false,"path_per_floor":["M","M","M","M","M","R","?","E","T","M","R","$","R","M","R","B"],"character_chosen":"IRONCLAD","items_purchased":["Dramatic Entrance"],"campfire_rested":0,"item_purchase_floors":[12],"current_hp_per_floor":[77,73,77,70,68,68,68,47,47,51,51,51,51,56,56,5,5],"gold":65,"neow_bonus":"UPGRADE_CARD","is_daily":false,"chose_seed":false,"campfire_upgraded":4,"win_rate":0.0,"timestamp":1613486185,"path_taken":["M","M","M","?","M","R","?","E","T","?","R","$","R","M","R","BOSS"],"items_purchased_type":["Card"],"build_version":"2020-12-22","purchased_purges":1,"victory":false,"max_hp_per_floor":[80,80,80,80,80,80,80,80,80,80,80,80,80,80,80,80,80],"card_choices":[{"not_picked":["Havoc","Headbutt","True Grit"],"picked":"SKIP","floor":1.0},{"not_picked":["Clash","True Grit"],"picked":"Shrug It Off","floor":2.0},{"not_picked":["Inflame","Whirlwind"],"picked":"Searing Blow","floor":3.0},{"not_picked":["Sword Boomerang","hubris:ReadiedAction"],"picked":"Twin Strike","floor":4.0},{"not_picked":["Entrench","Uppercut","Havoc"],"picked":"SKIP","floor":5.0},{"not_picked":["Flame Barrier","True Grit"],"picked":"Double Tap","floor":8.0},{"not_picked":["Inflame","Dark Embrace"],"picked":"Iron Wave","floor":10.0},{"not_picked":["Wild Strike","Dark Embrace"],"picked":"Pommel Strike","floor":14.0}],"player_experience":360181,"relics_obtained":[{"floor":8.0,"key":"Letter Opener"},{"floor":9.0,"key":"reliquary:Firecrackers"}],"event_choices":[{"damage_healed":0.0,"max_hp_gain":0.0,"max_hp_loss":0.0,"gold_gain":0.0,"event_name":"Accursed Blacksmith","player_choice":"Forge","floor":7.0,"gold_loss":0.0,"damage_taken":0.0,"cards_upgraded":["Searing Blow"]}],"is_beta":false,"boss_relics":[],"items_purged_floors":[12],"is_endless":false,"potions_floor_spawned":[2,8,14],"killed_by":"The Guardian","ascension_level":12}}