{"host":"4lch21uqe3ag08cj","time":1613443083,"event":{"mods":["AchievementEnabler","BaseMod","Block Reminder","Colored Map","Colored Powertips","Minty Spire (QoL Compilation)","Permanent Neow","Relic Stats"],"gold_per_floor":[218,235,251,251,26,61,61,97,132,144,192,218,230,258,270,403,415,448,480,508,520,556,568,495,541,577,613,666,696,708,708],"floor_reached":30,"language":"ENG","playtime":1257,"items_purged":[],"score":350,"play_id":"5e73053e-f4c2-4317-9256-a197fc7a8b71","local_time":"20210215233803","is_ascension_mode":true,"campfire_choices":[{"data":"Defragment","floor":10.0,"key":"SMITH"},{"data":"Static Discharge","floor":13,"key":"SMITH"},{"data":"Zap","floor":15,"key":"SMITH"},{"floor":23,"key":"REST"}],"circlet_count":0,"master_deck":["Strike_B","Strike_B","Strike_B","Defend_B","Defend_B","Defend_B","Defend_B","Zap+1","Dualcast","Cold Snap","Defragment+1","Capacitor","Doom and Gloom","Static Discharge+1","Conserve Battery","Cold Snap","Electrodynamics","Reinforced Body+1","Ball Lightning+1","Leap","Coolheaded+1","Defragment","Echo Form"],"relics":["Cracked Core","Golden Idol","Anchor","Orichalcum","MawBank","PreservedInsect","Strawberry","Runic Pyramid","Nunchaku","TungstenRod","Regal Pillow","Oddly Smooth Stone","Cables"],"acts_visited":["Exordium","TheCity"],"potions_floor_usage":[11,12,25,25,28,28],"damage_taken":[{"damage":1.0,"enemies":"Cultist","floor":1.0,"turns":3.0},{"damage":0.0,"enemies":"2 Louse","floor":2.0,"turns":3.0},{"damage":0.0,"enemies":"Jaw Worm","floor":3.0,"turns":3.0},{"damage":15.0,"enemies":"Lagavulin","floor":6.0,"turns":8.0},{"damage":4.0,"enemies":"3 Sentries","floor":8.0,"turns":6.0},{"damage":8,"enemies":"Gremlin Nob","floor":11,"turns":3},{"damage":0,"enemies":"Lots of Slimes","floor":12,"turns":2},{"damage":1,"enemies":"Exordium Wildlife","floor":14,"turns":4},{"damage":12,"enemies":"Hexaghost","floor":16,"turns":6},{"damage":15,"enemies":"Spheric Guardian","floor":18,"turns":5},{"damage":14,"enemies":"2 Thieves","floor":19,"turns":4},{"damage":14,"enemies":"Snake Plant","floor":20,"turns":3},{"damage":13,"enemies":"Centurion and Healer","floor":22,"turns":5},{"damage":7,"enemies":"Book of Stabbing","floor":25,"turns":5},{"damage":1,"enemies":"Cultist and Chosen","floor":27,"turns":5},{"damage":19,"enemies":"Slavers","floor":28,"turns":3},{"damage":1,"enemies":"Chosen and Byrds","floor":29,"turns":4},{"damage":29,"enemies":"Gremlin Leader","floor":30,"turns":4}],"seed_played":"-6507946562831647586","potions_obtained":[{"floor":6.0,"key":"FearPotion"},{"floor":8.0,"key":"SkillPotion"},{"floor":11,"key":"Ancient Potion"},{"floor":19,"key":"Block Potion"},{"floor":20,"key":"Energy Potion"},{"floor":22,"key":"Block Potion"},{"floor":25,"key":"SkillPotion"}],"is_trial":false,"path_per_floor":["M","M","M","?","$","E","?","E","T","R","E","M","R","M","R","B",null,"M","M","M","?","M","R","?","E","T","M","E","M","E"],"character_chosen":"DEFECT","items_purchased":["Anchor","Capacitor"],"campfire_rested":1,"item_purchase_floors":[5,5],"current_hp_per_floor":[74,74,74,56,56,41,41,37,37,37,36,36,36,35,35,23,82,67,53,39,39,26,50,50,43,43,42,23,22,0,0],"gold":708,"neow_bonus":"HUNDRED_GOLD","is_daily":false,"chose_seed":false,"campfire_upgraded":3,"win_rate":0.0,"timestamp":1613443083,"path_taken":["M","M","?","?","$","E","?","E","T","R","E","?","R","M","R","BOSS","M","M","M","?","M","R","?","E","T","M","E","M","E"],"items_purchased_type":["Relic","Card"],"build_version":"2020-12-22","purchased_purges":0,"victory":false,"max_hp_per_floor":[75,75,75,75,75,75,75,75,75,75,82,82,82,82,82,82,82,82,82,82,82,82,82,82,82,82,82,82,82,82,82],"relic_stats":{"Nunchaku":[2],"Regal Pillow":0,"counters":[18,76],"Golden Idol":91,"PreservedInsect":149,"Orichalcum":[126],"MawBank":264,"obtain_stats":[{"Regal Pillow":25,"Golden Idol":4,"Oddly Smooth Stone":26,"PreservedInsect":9,"Orichalcum":6,"MawBank":8,"Cables":28,"Anchor":5,"Nunchaku":21,"Strawberry":11,"Cracked Core":0,"TungstenRod":24,"Runic Pyramid":17},{"Regal Pillow":14,"Golden Idol":3,"Oddly Smooth Stone":14,"PreservedInsect":5,"Orichalcum":4,"MawBank":5,"Cables":16,"Anchor":3,"Nunchaku":12,"Strawberry":6,"Cracked Core":0,"TungstenRod":13,"Runic Pyramid":9},{"Regal Pillow":60,"Golden Idol":9,"Oddly Smooth Stone":60,"PreservedInsect":23,"Orichalcum":17,"MawBank":23,"Cables":68,"Anchor":9,"Nunchaku":50,"Strawberry":26,"Cracked Core":0,"TungstenRod":55,"Runic Pyramid":38}],"TungstenRod":12,"Cables":[7,5,2,0,0]},"card_choices":[{"not_picked":["Sweeping Beam","Sunder"],"picked":"Cold Snap","floor":1.0},{"not_picked":["Coolheaded","Turbo"],"picked":"Defragment","floor":2.0},{"not_picked":["Turbo","Aggregate","Skim"],"picked":"SKIP","floor":3.0},{"not_picked":["Tempest","Static Discharge"],"picked":"Doom and Gloom","floor":6.0},{"not_picked":["Go for the Eyes","Hello World"],"picked":"Static Discharge","floor":8.0},{"not_picked":["Recycle","Go for the Eyes","Steam Power"],"picked":"SKIP","floor":11},{"not_picked":["Fusion","Redo"],"picked":"Conserve Battery","floor":12},{"not_picked":["Barrage","Hello World"],"picked":"Cold Snap","floor":14},{"not_picked":["Buffer","Hyperbeam"],"picked":"Electrodynamics","floor":16},{"not_picked":["Steam","Go for the Eyes"],"picked":"Reinforced Body+1","floor":18},{"not_picked":["Gash","Go for the Eyes","Conserve Battery"],"picked":"SKIP","floor":19},{"not_picked":["Streamline+1","Doom and Gloom"],"picked":"Ball Lightning+1","floor":20},{"not_picked":["Blizzard+1","Ball Lightning"],"picked":"Leap","floor":22},{"not_picked":["Chaos","Aggregate+1","Hologram"],"picked":"SKIP","floor":25},{"not_picked":["Rebound+1","Streamline+1"],"picked":"Coolheaded+1","floor":27},{"not_picked":["Ball Lightning","Self Repair"],"picked":"Defragment","floor":28},{"not_picked":["Conserve Battery","Cold Snap"],"picked":"Echo Form","floor":29}],"player_experience":81199,"relics_obtained":[{"floor":6.0,"key":"Orichalcum"},{"floor":8.0,"key":"MawBank"},{"floor":9.0,"key":"PreservedInsect"},{"floor":11,"key":"Strawberry"},{"floor":25,"key":"Regal Pillow"},{"floor":26,"key":"Oddly Smooth Stone"},{"floor":28,"key":"Cables"}],"event_choices":[{"damage_healed":0.0,"max_hp_gain":0.0,"max_hp_loss":0.0,"gold_gain":0.0,"event_name":"Golden Idol","player_choice":"Take Damage","floor":4.0,"gold_loss":0.0,"damage_taken":18.0,"relics_obtained":["Golden Idol"]},{"cards_removed":["Strike_B"],"damage_healed":0.0,"max_hp_gain":0.0,"max_hp_loss":0.0,"gold_gain":0.0,"event_name":"Bonfire Elementals","player_choice":"Offered Basic","floor":7.0,"gold_loss":0.0,"damage_taken":0.0},{"damage_healed":0,"gold_gain":0,"player_choice":"Opened","damage_taken":0,"relics_obtained":["Nunchaku"],"max_hp_gain":0,"max_hp_loss":0,"event_name":"The Mausoleum","floor":21,"gold_loss":0},{"damage_healed":0,"gold_gain":0,"player_choice":"Obtained Relic","damage_taken":0,"relics_obtained":["TungstenRod"],"max_hp_gain":0,"max_hp_loss":0,"event_name":"Addict","floor":24,"gold_loss":85}],"is_beta":false,"boss_relics":[{"not_picked":["Philosopher\u0027s Stone","SlaversCollar"],"picked":"Runic Pyramid"}],"items_purged_floors":[],"is_endless":false,"potions_floor_spawned":[6,8,11,19,20,22,25],"killed_by":"Gremlin Leader","ascension_level":4}}