{"host":"ox77rn1xcurm2t5a","time":1613516815,"event":{"mods":["2.2 Compatiblity","AchievementEnabler","Act Like it!","Aspiration","BaseMod","Best Route Mod","Better Match","Better Note","Better Sensory Stone","Block Reminder","Colored Map","Colored Powertips","Conjunction","Conspire","Custom Start","Energized Spire","GifTheSpireLib","Gold Saver","Gremlin Skip","Halation","Highlight Path","Hubris","Infinite Spire","Minty Spire (QoL Compilation)","Pale of the Ancients","Quick Restart","Replay The Spire","Reworked Bosses","ShortenTheSpire","Spire Exporter","StSLib","Stuff the Spire","Wandering Minibosses"],"gold_per_floor":[116,131,56,56,56,85,85,85,85],"floor_reached":8,"language":"ENG","playtime":63,"items_purged":[],"score":99,"play_id":"559f5d9f-048a-427f-8b74-57d6abe8704e","local_time":"20210217010655","is_ascension_mode":true,"campfire_choices":[{"data":"StuffTheSpire:Innocence","floor":7,"key":"SMITH"}],"circlet_count":0,"master_deck":["Strike_R","Strike_R","Strike_R","Strike_R","Strike_R","Defend_R","Defend_R","Defend_R","Defend_R","Bash","Twin Strike","Dropkick+1","StuffTheSpire:Innocence+1","Anger"],"relics":["Burning Blood","NeowsBlessing"],"acts_visited":["Exordium"],"potions_floor_usage":[],"damage_taken":[{"damage":0,"enemies":"Jaw Worm","floor":1,"turns":1},{"damage":0,"enemies":"Cultist","floor":2,"turns":1},{"damage":0,"enemies":"Lagavulin","floor":6,"turns":1},{"damage":0,"enemies":"3 Sentries","floor":8,"turns":1}],"seed_played":"3365404205123250668","potions_obtained":[{"floor":1,"key":"Conjunction:LightningMarble"}],"is_trial":false,"path_per_floor":["M","M","?","?","$","E","R","E"],"character_chosen":"IRONCLAD","items_purchased":[],"campfire_rested":0,"item_purchase_floors":[],"current_hp_per_floor":[80,80,80,73,73,79,79,79,79],"gold":85,"neow_bonus":"THREE_ENEMY_KILL","is_daily":false,"chose_seed":false,"campfire_upgraded":1,"win_rate":0.0,"timestamp":1613516815,"path_taken":["M","M","?","?","$","E","R","E"],"items_purchased_type":[],"build_version":"2020-12-22","purchased_purges":0,"victory":false,"max_hp_per_floor":[80,80,80,80,80,80,80,80,80],"card_choices":[{"not_picked":["StuffTheSpire:Pyroclast","StuffTheSpire:Incineration","Body Slam"],"picked":"SKIP","floor":1},{"not_picked":["StuffTheSpire:Resist","Blood for Blood"],"picked":"Twin Strike","floor":2},{"not_picked":["Power Through+1","Pummel+1"],"picked":"Dropkick+1","floor":3},{"not_picked":["Rage","Impervious"],"picked":"Anger","floor":6}],"player_experience":3136025,"relics_obtained":[],"event_choices":[{"damage_healed":0,"gold_gain":0,"player_choice":"2","damage_taken":0,"max_hp_gain":0,"max_hp_loss":0,"event_name":"betterMatch:BetterMatch","floor":3,"gold_loss":0,"cards_obtained":["betterMatch:UncommonCard"]}],"is_beta":false,"boss_relics":[],"items_purged_floors":[],"is_endless":false,"potions_floor_spawned":[1],"killed_by":"3 Sentries","ascension_level":5}}