{"host":"KYO","time":1613440737,"event":{"mods":["Act Like it!","Arknights","BaseMod","BetterRewards","Minty Spire (QoL Compilation)","Permanent Neow","Shop Mod","StSLib","SuperFastMode","TestMod","[IsaacMod]以撒尖塔"],"gold_per_floor":[114,189,32,52,66,97,107,132,132,132,150,171,212,191,191,322,322,338,75,138,138,538,538,572,616,663,707,707,746,789,807,807,938,938,963,981,646,646,673,706,706,749,749,749,741,741,760,799,799,799,799,799,866,910,910],"floor_reached":56,"language":"ZHS","playtime":3504,"items_purged":["ats:Defend","ats:Defend","ats:Phantom","ats:Neurotoxin","ats:Defend","ats:Sword Rain"],"score":2336,"play_id":"83bd8ab1-22f3-4a0c-a1b0-7ad903ab1ccb","local_time":"20210216095857","is_ascension_mode":true,"campfire_choices":[{"data":"ats:Echo Reverb","floor":15.0,"key":"SMITH"},{"data":"ats:Emotion Absorption","floor":23.0,"key":"SMITH"},{"data":"ats:Roar Of Ursus","floor":32.0,"key":"SMITH"},{"floor":41,"key":"RECALL"},{"data":"ats:Calcification","floor":44,"key":"SMITH"},{"data":"ats:Demon Strength","floor":46,"key":"SMITH"},{"data":"ats:Beaten Up","floor":49,"key":"SMITH"},{"data":"Flash of Steel","floor":52,"key":"SMITH"}],"circlet_count":0,"master_deck":["ats:Strike S","ats:Strike V","ats:Armor Crushing Shot","ats:Defend","ats:Emotion Absorption+1","ats:Demon Strength+1","ats:Beaten Up+1","ats:Echo Reverb+1","ats:Shadow Raid","ats:Roar Of Ursus+1","ats:Song Of Battle","ats:Very Hot Blade+1","ats:Calcification+1","Flash of Steel+1"],"relics":["ats:Sanity","testmod-TestBox","testmod-D_4","testmod-Brilliant","Bag of Preparation","MerchantsRug","SlaversCollar","Membership Card","ats:Originium","ats:Rhine Circuitry","testmod-HeartOfStrike","Golden Idol","ats:Assault","Bag of Marbles","Kunai","TheAbacus","PreservedInsect","testmod-TurbochargingSystem","testmod-RealStoneCalender","testmod-BlackFramedGlasses","testmod-Maize","ats:Support","testmod-Antiphasic","Runic Dome","MoneyPower","Busted Crown"],"acts_visited":["Exordium","TheCity","TheBeyond","TheEnding"],"potions_floor_usage":[42,55,55],"damage_taken":[{"damage":0.0,"enemies":"ats:Genji","floor":1.0,"turns":2.0},{"damage":0.0,"enemies":"Jaw Worm","floor":4.0,"turns":2.0},{"damage":0.0,"enemies":"2 Louse","floor":5.0,"turns":1.0},{"damage":0.0,"enemies":"3 Sentries","floor":6.0,"turns":2.0},{"damage":0.0,"enemies":"Red Slaver","floor":7.0,"turns":1.0},{"damage":0.0,"enemies":"Lagavulin","floor":8.0,"turns":2.0},{"damage":7.0,"enemies":"Exordium Thugs","floor":11.0,"turns":2.0},{"damage":0.0,"enemies":"3 Louse","floor":12.0,"turns":1.0},{"damage":0.0,"enemies":"Gremlin Nob","floor":13.0,"turns":2.0},{"damage":0.0,"enemies":"Hexaghost","floor":16.0,"turns":3.0},{"damage":0.0,"enemies":"3 Byrds","floor":18.0,"turns":1.0},{"damage":0.0,"enemies":"Hiden Room Battle","floor":20.0,"turns":3.0},{"damage":0.0,"enemies":"Slavers","floor":24.0,"turns":1.0},{"damage":0.0,"enemies":"Gremlin Leader","floor":25.0,"turns":1.0},{"damage":0.0,"enemies":"Slavers","floor":27.0,"turns":1.0},{"damage":0.0,"enemies":"Gremlin Leader","floor":29.0,"turns":1.0},{"damage":0.0,"enemies":"Slavers","floor":30.0,"turns":1.0},{"damage":0.0,"enemies":"Shell Parasite","floor":31.0,"turns":2.0},{"damage":0,"enemies":"Collector","floor":33,"turns":2},{"damage":0,"enemies":"3 Darklings","floor":35,"turns":1},{"damage":0,"enemies":"Orb Walker","floor":36,"turns":1},{"damage":0,"enemies":"Reptomancer","floor":40,"turns":1},{"damage":0,"enemies":"Giant Head","floor":42,"turns":2},{"damage":1,"enemies":"Spire Growth","floor":47,"turns":3},{"damage":21,"enemies":"Nemesis","floor":48,"turns":2},{"damage":0,"enemies":"Awakened One","floor":50,"turns":3},{"damage":0,"enemies":"Shield and Spear","floor":54,"turns":2},{"damage":10,"enemies":"The Heart","floor":55,"turns":5}],"seed_played":"5359913584842180337","potions_obtained":[{"floor":5.0,"key":"Weak Potion"},{"floor":6.0,"key":"SkillPotion"},{"floor":8.0,"key":"Explosive Potion"},{"floor":11.0,"key":"ats:Burn Small Potion"},{"floor":24.0,"key":"ats:Flame Arts Potion"},{"floor":29.0,"key":"SpeedPotion"},{"floor":31.0,"key":"Fire Potion"},{"floor":33,"key":"ats:Burn Small Potion"},{"floor":40,"key":"LiquidMemories"},{"floor":42,"key":"testmod-SpacePotion"},{"floor":54,"key":"SteroidPotion"}],"is_trial":false,"path_per_floor":["M","?","$","M","M","E","M","E","T","?","M","M","E","$","R","B",null,"M","$","?","?","?","R","E","E","T","E","?","E","E","M","R","B",null,"M","M","$","?","$","E","R","E","T","R","$","R","M","E","R","B",null,"R","$","E","B",null],"character_chosen":"DOCTOR_CLASS","items_purchased":["testmod-Brilliant","Bag of Preparation","MerchantsRug","SlaversCollar","ats:Sword Rain","ats:Demon Strength","Membership Card","ats:Song Of Battle","Bag of Marbles","WingedGreaves","testmod-BlackFramedGlasses","testmod-TimePotion","testmod-Maize","Flash of Steel","MoneyPower"],"campfire_rested":0,"item_purchase_floors":[0,0,0,0,0,0,3,19,19,19,37,37,37,45,53],"current_hp_per_floor":[72,61,61,61,61,61,61,61,61,43,36,36,36,36,36,36,72,72,72,57,57,57,57,57,57,57,79,79,79,79,79,79,79,79,79,79,79,79,79,79,79,79,79,79,79,79,79,59,59,63,79,79,79,79,72],"gold":910,"neow_bonus":"","is_daily":false,"chose_seed":false,"campfire_upgraded":7,"win_rate":0.0,"timestamp":1613440737,"path_taken":["M","?","?","M","M","E","M","E","T","?","M","M","E","$","R","BOSS","M","$","?","?","?","R","E","E","T","E","?","E","E","M","R","BOSS","M","M","$","?","?","E","R","E","T","R","$","R","M","E","R","BOSS","R","$","E","BOSS"],"items_purchased_type":["Relic","Relic","Relic","Relic","Card","Card","Relic","Card","Relic","Relic","Relic","Potion","Relic","Card","Relic"],"build_version":"2020-12-18","purchased_purges":6,"victory":true,"max_hp_per_floor":[72,72,72,72,72,72,72,72,72,72,72,72,72,72,72,72,72,72,72,72,72,72,72,72,72,72,79,79,79,79,79,79,79,79,79,79,79,79,79,79,79,79,79,79,79,79,79,79,79,79,79,79,79,79,79],"card_choices":[{"not_picked":["ats:Magnetic Hammer","ats:Burning Ground"],"picked":"Bomb","floor":1.0},{"not_picked":["ats:Steam Pump","ats:Leaping Hammer"],"picked":"ats:Beaten Up","floor":4.0},{"not_picked":["ats:Assault Order","ats:Composite Medical Shells","ats:Cat Scratch"],"picked":"SKIP","floor":5.0},{"not_picked":["ats:Demon Strength","ats:Composite Medical Shells"],"picked":"ats:Echo Reverb","floor":6.0},{"not_picked":["ats:Mental Burst","ats:Explosion Area Strengthen","ats:Revitalization"],"picked":"SKIP","floor":7.0},{"not_picked":["ats:Guard Mode","ats:Counter Healing Mode","ats:Durian"],"picked":"SKIP","floor":8.0},{"not_picked":["ats:Poison Spread","ats:Ignite"],"picked":"ats:Shadow Raid","floor":11.0},{"not_picked":["ats:Blood Oath","ats:Powerful Strike"],"picked":"ats:Absolute Focus","floor":12.0},{"not_picked":["ats:Cat Scratch","ats:Phantom","ats:Guard Mode"],"picked":"SKIP","floor":13.0},{"not_picked":["ats:True Silver Slash","ats:Shadow Assault"],"picked":"ats:Roar Of Ursus","floor":16.0},{"not_picked":["ats:Absolute Focus","ats:Guard Mode","ats:Cat Scratch"],"picked":"SKIP","floor":18.0},{"not_picked":["ats:Calcification","ats:Red Shift"],"picked":"ats:Very Hot Blade+1","floor":24.0},{"not_picked":["ats:Apocalypse+1","ats:Leaping Hammer","ats:Healing Strengthening"],"picked":"SKIP","floor":25.0},{"not_picked":["ats:Explosion Area Strengthen+1","ats:Mental Burst","ats:Overload"],"picked":"SKIP","floor":27.0},{"not_picked":["ats:Blood Oath","ats:Shell Defense","ats:Composite Medical Shells"],"picked":"SKIP","floor":29.0},{"not_picked":["ats:Ignite","ats:Healing Strengthening","ats:Blood Oath"],"picked":"SKIP","floor":30.0},{"not_picked":["ats:Flexible Camouflage+1","ats:Blood Oath","ats:Shell Defense"],"picked":"SKIP","floor":31.0},{"not_picked":["ats:Disruption Kick","ats:Echo Reverb"],"picked":"ats:Calcification","floor":33},{"not_picked":["ats:Flame Of Heaven+1","ats:Consecutive Shot Auto","ats:Literary Storm+1"],"picked":"SKIP","floor":35},{"not_picked":["ats:Flexible Camouflage","ats:Ignite","ats:Overload+1"],"picked":"SKIP","floor":36},{"not_picked":["ats:Part Time Job+1","ats:Apocalypse","ats:Healing Drone"],"picked":"SKIP","floor":40},{"not_picked":["ats:Part Time Job","ats:Magnetic Hammer","ats:Ignite+1"],"picked":"SKIP","floor":42},{"not_picked":["ats:Leaping Hammer","ats:Absolute Focus+1","ats:Powerful Strike"],"picked":"SKIP","floor":47},{"not_picked":["ats:Explosion Area Strengthen","ats:Magnetic Hammer","ats:Demon Strength+1"],"picked":"SKIP","floor":48},{"not_picked":["ats:Closed Bolt Burst Fire","ats:Guardian Obelisk+1","ats:Mental Burst"],"picked":"SKIP","floor":54}],"player_experience":791744,"relics_obtained":[{"floor":6.0,"key":"ats:Originium"},{"floor":6.0,"key":"NineVolt"},{"floor":8.0,"key":"ats:Originium"},{"floor":8.0,"key":"ats:Rhine Circuitry"},{"floor":9.0,"key":"testmod-HeartOfStrike"},{"floor":13.0,"key":"ats:Originium"},{"floor":13.0,"key":"ats:Assault"},{"floor":20.0,"key":"Kunai"},{"floor":20.0,"key":"YumHeart"},{"floor":24.0,"key":"ats:Originium"},{"floor":24.0,"key":"TheAbacus"},{"floor":25.0,"key":"Philosopher\u0027s Stone"},{"floor":27.0,"key":"Lee\u0027s Waffle"},{"floor":29.0,"key":"PreservedInsect"},{"floor":30.0,"key":"testmod-TurbochargingSystem"},{"floor":40,"key":"TheBattery"},{"floor":42,"key":"ats:Support"},{"floor":43,"key":"testmod-Antiphasic"},{"floor":48,"key":"Runic Dome"},{"floor":54,"key":"Busted Crown"}],"event_choices":[{"damage_healed":0.0,"max_hp_gain":0.0,"max_hp_loss":0.0,"gold_gain":75.0,"event_name":"World of Goop","player_choice":"Gather Gold","floor":2.0,"gold_loss":0.0,"damage_taken":11.0},{"damage_healed":0.0,"max_hp_gain":0.0,"max_hp_loss":0.0,"gold_gain":0.0,"event_name":"Golden Idol","player_choice":"Take Damage","floor":10.0,"gold_loss":0.0,"damage_taken":18.0,"relics_obtained":["Golden Idol"]},{"damage_healed":0.0,"max_hp_gain":0.0,"max_hp_loss":0.0,"gold_gain":0.0,"event_name":"HidenRoomEvent","player_choice":"Fight","floor":20.0,"gold_loss":0.0,"damage_taken":0.0},{"cards_removed":["ats:Absolute Focus"],"damage_healed":0.0,"max_hp_gain":0.0,"max_hp_loss":0.0,"gold_gain":0.0,"event_name":"Purifier","player_choice":"Purged","floor":21.0,"gold_loss":0.0,"damage_taken":0.0},{"damage_healed":0.0,"max_hp_gain":0.0,"max_hp_loss":0.0,"gold_gain":400.0,"event_name":"恩洛斯的盘子","player_choice":"Sell","floor":22.0,"relics_lost":["HushsDoor"],"gold_loss":0.0,"damage_taken":0.0},{"damage_healed":0.0,"max_hp_gain":0.0,"max_hp_loss":0.0,"gold_gain":0.0,"cards_transformed":["ats:Strike C","ats:Strike G"],"event_name":"Drug Dealer","player_choice":"Became Test Subject","floor":28.0,"gold_loss":0.0,"damage_taken":0.0,"cards_obtained":["ats:Phantom","ats:Neurotoxin"]},{"damage_healed":0,"gold_gain":0,"player_choice":"Memory 1","damage_taken":0,"max_hp_gain":0,"max_hp_loss":0,"event_name":"SensoryStone","floor":38,"gold_loss":0}],"is_beta":true,"boss_relics":[{"not_picked":["GnawedLeaf","testmod-TimeTraveler"],"picked":"Smiling Mask"},{"not_picked":[]},{"not_picked":["PokeGo","MawBank"],"picked":"testmod-RealStoneCalender"}],"items_purged_floors":[14,19,37,39,45,53],"is_endless":false,"potions_floor_spawned":[5,6,8,11,24,29,31,33,35,40,42,54],"ascension_level":1}}