{"host":"lfvf97io7xuhaz8c","time":1613504432,"event":{"mods":["2.2 Compatiblity","BaseMod","Bestiary","Colored Map","Colored Powertips","Curses Come First","Highlight Path","Minty Spire (QoL Compilation)","Relic Stats","StSLib","SuperFastMode"],"gold_per_floor":[110,35,35,35,50,50,75,143,168,200,214,233,244,262,262,367,367,384,434,453,184,196,223,223,18,18,49,49,49],"floor_reached":28,"language":"FRA","playtime":1098,"items_purged":["Defend_G","Strike_G","Strike_G"],"score":369,"play_id":"8c3a0195-19e5-4290-924e-176df8af4840","local_time":"20210216204032","is_ascension_mode":true,"campfire_choices":[{"data":"Cloak And Dagger","floor":6,"key":"SMITH"},{"data":"Cloak And Dagger","floor":15,"key":"SMITH"},{"floor":24,"key":"REST"}],"circlet_count":0,"master_deck":["Defend_G","Defend_G","Defend_G","Defend_G","Survivor","Neutralize","Cloak And Dagger+1","Crippling Poison","Cloak And Dagger+1","Dagger Spray","Dagger Throw","Caltrops","Deflect","Poisoned Stab","Bouncing Flask","Adrenaline","Backstab+1","Caltrops+1","Infinite Blades+1","Quick Slash","Sucker Punch","Panache","PiercingWail","Tools of the Trade","Accuracy"],"relics":["Ring of the Snake","NeowsBlessing","SsserpentHead","Pen Nib","Snake Skull","PreservedInsect","Astrolabe","Tough Bandages","Mercury Hourglass"],"acts_visited":["Exordium","TheCity"],"potions_floor_usage":[10,16,16,16,23,27],"damage_taken":[{"damage":0,"enemies":"Cultist","floor":1,"turns":1},{"damage":0,"enemies":"Jaw Worm","floor":5,"turns":1},{"damage":0,"enemies":"3 Sentries","floor":7,"turns":1},{"damage":0,"enemies":"2 Louse","floor":8,"turns":2},{"damage":15,"enemies":"Gremlin Nob","floor":10,"turns":4},{"damage":3,"enemies":"Exordium Wildlife","floor":11,"turns":3},{"damage":4,"enemies":"Red Slaver","floor":12,"turns":3},{"damage":2,"enemies":"Looter","floor":13,"turns":3},{"damage":2,"enemies":"Blue Slaver","floor":14,"turns":3},{"damage":17,"enemies":"Hexaghost","floor":16,"turns":7},{"damage":20,"enemies":"Spheric Guardian","floor":18,"turns":4},{"damage":12,"enemies":"2 Thieves","floor":20,"turns":3},{"damage":11,"enemies":"3 Cultists","floor":22,"turns":4},{"damage":21,"enemies":"Book of Stabbing","floor":23,"turns":4},{"damage":33,"enemies":"Slavers","floor":27,"turns":3},{"damage":9,"enemies":"Shelled Parasite and Fungi","floor":28,"turns":1}],"seed_played":"-7713778487727862993","potions_obtained":[{"floor":7,"key":"Block Potion"},{"floor":11,"key":"DistilledChaos"},{"floor":12,"key":"ColorlessPotion"},{"floor":13,"key":"CunningPotion"},{"floor":16,"key":"CultistPotion"},{"floor":23,"key":"LiquidMemories"}],"is_trial":false,"path_per_floor":["M","$","?","?","M","R","E","M","T","E","M","M","M","M","R","B",null,"M","?","M","$","M","E","R","$","T","E","M"],"character_chosen":"THE_SILENT","items_purchased":["Panache","Accuracy"],"campfire_rested":1,"item_purchase_floors":[21,25],"current_hp_per_floor":[70,70,70,70,70,70,70,70,70,55,52,48,46,44,44,27,59,39,62,50,50,39,18,39,39,39,6,0,0],"gold":49,"neow_bonus":"THREE_ENEMY_KILL","is_daily":false,"chose_seed":false,"campfire_upgraded":2,"win_rate":0.0,"timestamp":1613504432,"path_taken":["M","$","?","?","M","R","E","?","T","E","M","M","M","M","R","BOSS","M","?","M","$","M","E","R","$","T","E","M"],"items_purchased_type":["Card","Card"],"build_version":"2020-12-22","purchased_purges":3,"victory":false,"max_hp_per_floor":[70,70,70,70,70,70,70,70,70,70,70,70,70,70,70,70,70,70,70,70,70,70,70,70,70,70,70,70,70],"relic_stats":{"SsserpentHead":100,"Tough Bandages":[6],"counters":[16,47],"Astrolabe":["Backstab","Caltrops","Infinite Blades"],"Pen Nib":[10],"Snake Skull":[38],"PreservedInsect":92,"obtain_stats":[{"SsserpentHead":4,"Tough Bandages":23,"NeowsBlessing":0,"Astrolabe":17,"Pen Nib":7,"Snake Skull":9,"PreservedInsect":10,"Ring of the Snake":0,"Mercury Hourglass":27},{"SsserpentHead":1,"Tough Bandages":14,"NeowsBlessing":0,"Astrolabe":10,"Pen Nib":3,"Snake Skull":4,"PreservedInsect":5,"Ring of the Snake":0,"Mercury Hourglass":15},{"SsserpentHead":1,"Tough Bandages":43,"NeowsBlessing":0,"Astrolabe":28,"Pen Nib":3,"Snake Skull":5,"PreservedInsect":9,"Ring of the Snake":0,"Mercury Hourglass":46}],"Ring of the Snake":[32],"Mercury Hourglass":[3]},"card_choices":[{"not_picked":["Flying Knee","Tactician"],"picked":"Cloak And Dagger","floor":1},{"not_picked":["All Out Attack","Backflip"],"picked":"Crippling Poison","floor":5},{"not_picked":["Concentrate","Slice"],"picked":"Cloak And Dagger","floor":7},{"not_picked":["Deflect","Flying Knee"],"picked":"Dagger Spray","floor":8},{"not_picked":["Doppelganger","Concentrate"],"picked":"Dagger Throw","floor":10},{"not_picked":["Dagger Throw","Backflip"],"picked":"Caltrops","floor":11},{"not_picked":["Flying Knee","Outmaneuver"],"picked":"Deflect","floor":12},{"not_picked":["Deflect","Footwork"],"picked":"Poisoned Stab","floor":13},{"not_picked":["Flechettes","Finisher"],"picked":"Bouncing Flask","floor":14},{"not_picked":["Glass Knife","Doppelganger"],"picked":"Adrenaline","floor":16},{"not_picked":["Underhanded Strike","Dagger Throw"],"picked":"Quick Slash","floor":18},{"not_picked":["Underhanded Strike+1","Well Laid Plans"],"picked":"Sucker Punch","floor":20},{"not_picked":["Deflect","Cloak And Dagger"],"picked":"PiercingWail","floor":22},{"not_picked":["Dodge and Roll","Choke"],"picked":"Tools of the Trade","floor":23},{"not_picked":["Cloak And Dagger","Predator","Bane"],"picked":"SKIP","floor":27}],"player_experience":1507421,"relics_obtained":[{"floor":7,"key":"Pen Nib"},{"floor":9,"key":"Snake Skull"},{"floor":10,"key":"PreservedInsect"},{"floor":23,"key":"Tough Bandages"},{"floor":27,"key":"Mercury Hourglass"}],"event_choices":[{"damage_healed":0,"gold_gain":0,"player_choice":"Leave","damage_taken":0,"max_hp_gain":0,"max_hp_loss":0,"event_name":"The Cleric","floor":3,"gold_loss":0},{"damage_healed":0,"gold_gain":0,"player_choice":"Trade","damage_taken":0,"relics_obtained":["SsserpentHead"],"max_hp_gain":0,"max_hp_loss":0,"event_name":"FaceTrader","floor":4,"gold_loss":0},{"damage_healed":23,"gold_gain":0,"player_choice":"Heal","damage_taken":0,"max_hp_gain":0,"max_hp_loss":0,"event_name":"The Library","floor":19,"gold_loss":0}],"is_beta":false,"boss_relics":[{"not_picked":["SacredBark","SlaversCollar"],"picked":"Astrolabe"}],"items_purged_floors":[2,21,25],"is_endless":false,"potions_floor_spawned":[7,11,12,13,16,23],"killed_by":"Shelled Parasite and Fungi","ascension_level":5}}