{"host":"df48i9djcn92c5sx","time":1613511783,"event":{"mods":["Act Like it!","Arknights","BaseMod","Decade(王小明)","Downfall","Gensokyo","Marisa（F雨　魔理沙）","Minty Spire (QoL Compilation)","READ ME - Guardian Mod","READ ME - Snecko Mod","Reimu（博丽灵梦）","Remilia（蕾米莉亚）","Shop Mod","StSLib","The Jungle","The Servant 0.9.4"],"gold_per_floor":[99,118,118,131,116,116,142,161,179,179,198,211,211,42,52,149,149,149,159,174,274,346,381,381,381,413,263,263,278,278,289,305,406,406,406,420,437,537,556,301,301,313,345,45,56,88,88,107,119,119,119,150,2,2,2,2,2,2],"floor_reached":56,"language":"ZHS","playtime":2967,"items_purged":["champ:Strike"],"score":855,"play_id":"b94dc855-016b-424e-aa4c-54953cb59053","local_time":"20210217054303","is_ascension_mode":true,"campfire_choices":[{"data":"champ:Execute","floor":1.0,"key":"SMITH"},{"data":"champ:SwordThrow","floor":6.0,"key":"SMITH"},{"data":"champ:ViciousMockery","floor":10.0,"key":"SMITH"},{"data":"champ:CrookedStrike","floor":13.0,"key":"SMITH"},{"data":"champ:MurderStrike","floor":18,"key":"SMITH"},{"data":"champ:TripleStrike","floor":25,"key":"SMITH"},{"data":"champ:CheapShot","floor":28,"key":"SMITH"},{"data":"champ:StanceDance","floor":30,"key":"SMITH"},{"floor":35,"key":"RECALL"},{"data":"champ:StrikeOfGenius","floor":44,"key":"SMITH"},{"data":"champ:GladiatorForm","floor":47,"key":"SMITH"},{"data":"champ:HoldFirm","floor":54,"key":"SMITH"}],"circlet_count":0,"master_deck":["champ:Strike","champ:Strike","champ:Strike","champ:Defend","champ:Defend","champ:Defend","champ:Defend","champ:Execute+1","champ:Taunt","champ:FocusedDefense+1","champ:ViciousMockery+1","champ:SwordThrow+1","champ:Endure","champ:CrookedStrike+1","champ:ShieldSlam","champ:MurderStrike+1","champ:TripleStrike+1","champ:CheapShot+1","champ:BringItOn","champ:StanceDance+1","champ:FlashCut+1","champ:RageSigil","champ:GladiatorForm+1","champ:RisingSlash+1","champ:IgnorePain","champ:StrikeOfGenius+1","champ:AdrenalArmor+1","champ:FaceSlap+1","champ:HoldFirm+1"],"relics":["champ:ChampionCrown","Guardian:PocketSentry","Runic Dome","Eternal Feather","CrazyTorch:ReiMu","Busted Crown","Orichalcum","downfall:HeartBlessingRed","downfall:HeartBlessingGreen","downfall:HeartBlessingBlue","Boot","MerchantsRug"],"acts_visited":["Exordium","TheCity","TheBeyond","TheEnding"],"potions_floor_usage":[23,23,33,33,37,37,40,42,43,43,46,48,49,50,50,55],"damage_taken":[{"damage":10.0,"enemies":"Small Slimes","floor":2.0,"turns":3.0},{"damage":15.0,"enemies":"Cultist","floor":4.0,"turns":3.0},{"damage":10.0,"enemies":"downfall:FleeingMerchant","floor":5.0,"turns":4.0},{"damage":0.0,"enemies":"2 Louse","floor":8.0,"turns":2.0},{"damage":16.0,"enemies":"Exordium Wildlife","floor":9.0,"turns":3.0},{"damage":9.0,"enemies":"Blue Slaver","floor":11.0,"turns":3.0},{"damage":8.0,"enemies":"Lots of Slimes","floor":12.0,"turns":4.0},{"damage":10.0,"enemies":"downfall:FleeingMerchant","floor":14.0,"turns":4.0},{"damage":0.0,"enemies":"Red Slaver","floor":15.0,"turns":2.0},{"damage":71.0,"enemies":"WA_ARCHETYPE_RETAIN","floor":16.0,"turns":8.0},{"damage":5,"enemies":"Chosen","floor":19,"turns":5},{"damage":0,"enemies":"Spheric Guardian","floor":20,"turns":3},{"damage":43,"enemies":"Gremlin Leader","floor":23,"turns":10},{"damage":45,"enemies":"Slavers","floor":26,"turns":4},{"damage":20,"enemies":"Centurion and Healer","floor":29,"turns":4},{"damage":6,"enemies":"Shelled Parasite and Fungi","floor":31,"turns":4},{"damage":5,"enemies":"Snake Plant","floor":32,"turns":4},{"damage":57,"enemies":"IC_MUSHROOM_ARCHETYPE","floor":33,"turns":8},{"damage":12,"enemies":"3 Shapes","floor":36,"turns":5},{"damage":18,"enemies":"3 Darklings","floor":37,"turns":5},{"damage":18,"enemies":"Sphere and 2 Shapes","floor":39,"turns":7},{"damage":50,"enemies":"downfall:FleeingMerchant","floor":40,"turns":5},{"damage":4,"enemies":"4 Shapes","floor":42,"turns":4},{"damage":16,"enemies":"Giant Head","floor":43,"turns":9},{"damage":27,"enemies":"3 Darklings","floor":45,"turns":4},{"damage":65,"enemies":"Reptomancer","floor":46,"turns":7},{"damage":74,"enemies":"Writhing Mass","floor":48,"turns":6},{"damage":73,"enemies":"Transient","floor":49,"turns":5},{"damage":81,"enemies":"DF_ARCHETYPE_ORBS","floor":50,"turns":10},{"damage":81,"enemies":"downfall:CharBossMerchant","floor":52,"turns":6},{"damage":76,"enemies":"downfall:NeowBoss","floor":55,"turns":14},{"damage":114,"enemies":"downfall:NeowBossFinal","floor":56,"turns":5}],"seed_played":"-5360103893797176984","potions_obtained":[{"floor":9.0,"key":"SteroidPotion"},{"floor":12.0,"key":"FairyPotion"},{"floor":16.0,"key":"Fire Potion"},{"floor":20,"key":"BlessingOfTheForge"},{"floor":23,"key":"Strength Potion"},{"floor":26,"key":"SpeedPotion"},{"floor":29,"key":"EssenceOfSteel"},{"floor":32,"key":"Dexterity Potion"},{"floor":33,"key":"EssenceOfSteel"},{"floor":36,"key":"CultistPotion"},{"floor":37,"key":"SteroidPotion"},{"floor":39,"key":"Guardian:BlockOnCardUsePotion"},{"floor":40,"key":"FearPotion"},{"floor":42,"key":"LiquidBronze"},{"floor":43,"key":"SteroidPotion"},{"floor":45,"key":"Weak Potion"},{"floor":46,"key":"champ:OpenerPotion"},{"floor":48,"key":"Guardian:BlockOnCardUsePotion"},{"floor":49,"key":"BlessingOfTheForge"},{"floor":52,"key":"PowerPotion"}],"is_trial":false,"path_per_floor":["R","M","?","M","$","R","T","M","M","R","M","M","R","$","M","B",null,"R","M","M","?","T","E","T","R","E","?","R","M","R","M","M","B",null,"R","M","M","?","M","$","T","M","E","R","M","E","R","M","M","B",null,"E","$","R","B","B"],"character_chosen":"THE_CHAMP","items_purchased":["champ:MurderStrike","Pear","MerchantsRug","champ:HoldFirm"],"campfire_rested":0,"item_purchase_floors":[14,40,53,53],"current_hp_per_floor":[90,90,90,90,90,90,90,90,84,84,75,72,72,72,72,16,90,90,90,90,90,90,72,72,84,64,100,100,90,100,94,94,62,100,100,98,95,95,92,82,82,78,67,92,80,50,65,46,51,5,120,71,71,86,55,0,0,0],"gold":2,"neow_bonus":"RANDOM_COMMON_RELIC","is_daily":false,"chose_seed":false,"campfire_upgraded":11,"win_rate":0.0,"timestamp":1613511783,"path_taken":["R","M","?","M","?","R","T","M","?","R","M","M","R","$","M","BOSS","R","M","?","?","?","E","T","R","E","?","R","M","R","?","M","BOSS","R","M","M","?","M","$","T","?","E","R","M","E","R","M","M","BOSS","E","$","R","BOSS","BOSS"],"items_purchased_type":["Card","Relic","Relic","Card"],"build_version":"2020-12-22","purchased_purges":1,"victory":false,"max_hp_per_floor":[90,90,90,90,90,90,90,90,90,90,90,90,90,90,90,90,90,90,90,90,90,90,90,90,90,90,100,100,100,100,100,100,100,100,100,100,100,100,100,110,110,110,110,120,120,120,120,120,120,120,120,120,120,120,120,120,120,120],"card_choices":[{"not_picked":["champ:FanOfKnives","champ:TornadoPunch"],"picked":"champ:FocusedDefense","floor":2.0},{"not_picked":["champ:AdrenalArmor","champ:Circumvent"],"picked":"champ:ViciousMockery","floor":4.0},{"not_picked":["champ:SetATrap","champ:GutPunch"],"picked":"champ:SwordThrow","floor":5.0},{"not_picked":["champ:TornadoPunch","champ:Endure","champ:PreciseThrust"],"picked":"SKIP","floor":8.0},{"not_picked":["champ:EnGarde","champ:FlashCut"],"picked":"champ:Endure","floor":9.0},{"not_picked":["champ:PreemptiveStrike","champ:Shatter"],"picked":"champ:CrookedStrike","floor":11.0},{"not_picked":["champ:BladeFlurry","champ:HeartStrike"],"picked":"champ:ShieldSlam","floor":12.0},{"not_picked":["champ:ArenaPreparation","champ:BladeFlurry","champ:Haymaker"],"picked":"SKIP","floor":14.0},{"not_picked":["champ:SkillfulDodge","champ:Haymaker"],"picked":"champ:TripleStrike","floor":15.0},{"not_picked":["champ:ShieldThrow","champ:DancingMaster"],"picked":"champ:CheapShot","floor":16.0},{"not_picked":["champ:Duel","champ:FanOfKnives+1"],"picked":"champ:BringItOn","floor":19},{"not_picked":["champ:PerfectedStrike","champ:FancyFootwork"],"picked":"champ:StanceDance","floor":20},{"not_picked":["champ:Duel","champ:BringItOn","champ:FalseCounter"],"picked":"SKIP","floor":23},{"not_picked":["champ:DefensiveStyle","champ:Circumvent"],"picked":"champ:FlashCut+1","floor":26},{"not_picked":["champ:CrownThrow","champ:BerserkersShout"],"picked":"champ:RageSigil","floor":29},{"not_picked":["champ:GutPunch","champ:SetATrap"],"picked":"champ:GladiatorForm","floor":31},{"not_picked":["champ:PerfectedStrike","champ:EnGarde"],"picked":"champ:RisingSlash+1","floor":32},{"not_picked":["champ:Devastate","champ:TripleStrike"],"picked":"champ:IgnorePain","floor":33},{"not_picked":["champ:PreciseThrust"],"picked":"SKIP","floor":36},{"not_picked":["champ:GutPunch+1"],"picked":"SKIP","floor":37},{"not_picked":["champ:EnGarde"],"picked":"SKIP","floor":39},{"not_picked":[],"picked":"champ:StrikeOfGenius","floor":40},{"not_picked":["champ:BringItOn+1"],"picked":"SKIP","floor":42},{"not_picked":["champ:GutPunch"],"picked":"SKIP","floor":43},{"not_picked":[],"picked":"champ:AdrenalArmor+1","floor":45},{"not_picked":[],"picked":"champ:FaceSlap+1","floor":46},{"not_picked":["champ:StanceDance+1"],"picked":"SKIP","floor":48},{"not_picked":["champ:CrownThrow"],"picked":"SKIP","floor":49},{"not_picked":["champ:TornadoPunch"],"picked":"SKIP","floor":52}],"player_experience":1565470,"relics_obtained":[{"floor":22,"key":"White Beast Statue"},{"floor":23,"key":"ScarletDevilRocket"},{"floor":24,"key":"Eternal Feather"},{"floor":26,"key":"CrazyTorch:ReiMu"},{"floor":41,"key":"Frozen Egg 2"},{"floor":43,"key":"Orichalcum"},{"floor":46,"key":"Toy Ornithopter"},{"floor":52,"key":"Boot"}],"event_choices":[{"damage_healed":0.0,"max_hp_gain":0.0,"max_hp_loss":0.0,"gold_gain":0.0,"event_name":"Accursed Blacksmith","player_choice":"Forge","floor":3.0,"gold_loss":0.0,"damage_taken":0.0,"cards_upgraded":["champ:FocusedDefense"]}],"is_beta":false,"boss_relics":[{"not_picked":["Black Star","Empty Cage"],"picked":"Runic Dome"},{"not_picked":["SacredBark","RedLine:ReiMu"],"picked":"Busted Crown"}],"items_purged_floors":[53],"is_endless":false,"potions_floor_spawned":[9,12,16,20,23,26,29,31,32,33,36,37,39,40,42,43,45,46,48,49,52],"killed_by":"downfall:NeowBossFinal","ascension_level":1}}