{"host":"omvajgmht9s9mdxc","time":1613443202,"event":{"mods":["BaseMod","Colored Powertips","Minty Spire (QoL Compilation)","Shop Mod","StSLib","[IsaacMod]ÒÔÈö¼âËþ"],"gold_per_floor":[112,130,145,155,169,197,197,225,301,267,280,60,76,76,76,173,173,191,40,40,58,75,75,75,75,75,87,87,120,120,131,131,231,531,543,556,366,382,307,307,322,322,322,322,339,439,467,485,485,485],"floor_reached":51,"language":"ZHS","playtime":6944,"items_purged":["Shame","Defend_B","Defend_B"],"score":761,"play_id":"aaa9a7d1-7567-46f3-8fbd-a7c9bb734fd1","local_time":"20210216104001","is_ascension_mode":false,"campfire_choices":[{"data":"Loop","floor":7,"key":"SMITH"},{"data":"White Noise","floor":15,"key":"SMITH"},{"data":"Creative AI","floor":23,"key":"SMITH"},{"floor":25,"key":"REST"},{"data":"Steam","floor":30,"key":"SMITH"},{"data":"Conserve Battery","floor":32,"key":"SMITH"},{"floor":40,"key":"REST"},{"data":"DoctorFetus","floor":42,"key":"SMITH"},{"floor":49,"key":"REST"}],"circlet_count":0,"master_deck":["Strike_B","Strike_B","Strike_B","Strike_B","Defend_B","Defend_B+1","Zap","Dualcast","Bomb","Cold Snap","Conserve Battery+1","Seek","Self Repair+1","Loop+1","Ball Lightning","Sweeping Beam","Chaos","White Noise+1","Leap+1","Creative AI+1","Coolheaded","Leap","Steam+1","Cold Snap","White Noise+1","Glacier","Reinforced Body","All For One","CurseOfTheBell","Go for the Eyes+1","Sweeping Beam","Barrage+1","Hologram","DoctorFetus+1","Conserve Battery","Storm","Coolheaded","DoctorFetus+1","Doom and Gloom","Leap+1","Tempest+1","Gash+1","Parasite"],"relics":["Cracked Core","HushsDoor","PunchingBag","Toy Ornithopter","Peace Pipe","Pantograph","TheBattery","Busted Crown","MyShadow","SteamSale","Incense Burner","Pear","TheBean","Calling Bell","War Paint","HornCleat","Old Coin","BookOfRevelations","Ancient Tea Set","Membership Card","MoneyPower","Turnip","DoctorsRemote","Happy Flower","Toxic Egg 2","DollysMirror","MerchantsRug","Meat on the Bone"],"acts_visited":["Exordium","TheCity","TheBeyond"],"potions_floor_usage":[8,47],"damage_taken":[{"damage":2,"enemies":"Small Slimes","floor":1,"turns":3},{"damage":4,"enemies":"2 Louse","floor":2,"turns":3},{"damage":0,"enemies":"Cultist","floor":3,"turns":4},{"damage":3,"enemies":"Looter","floor":4,"turns":3},{"damage":0,"enemies":"2 Fungi Beasts","floor":5,"turns":3},{"damage":22,"enemies":"Gremlin Nob","floor":6,"turns":5},{"damage":40,"enemies":"3 Sentries","floor":8,"turns":7},{"damage":7,"enemies":"Large Slime","floor":11,"turns":5},{"damage":12,"enemies":"3 Louse","floor":13,"turns":3},{"damage":38,"enemies":"Hexaghost","floor":16,"turns":11},{"damage":23,"enemies":"2 Thieves","floor":18,"turns":3},{"damage":6,"enemies":"Spheric Guardian","floor":21,"turns":4},{"damage":14,"enemies":"Centurion and Healer","floor":22,"turns":7},{"damage":0,"enemies":"Snake Plant","floor":27,"turns":3},{"damage":29,"enemies":"Book of Stabbing","floor":29,"turns":7},{"damage":8,"enemies":"Snecko","floor":31,"turns":5},{"damage":36,"enemies":"Collector","floor":33,"turns":13},{"damage":23,"enemies":"3 Darklings","floor":35,"turns":5},{"damage":15,"enemies":"Orb Walker","floor":36,"turns":4},{"damage":34,"enemies":"Spire Growth","floor":38,"turns":7},{"damage":24,"enemies":"3 Darklings","floor":41,"turns":5},{"damage":3,"enemies":"Jaw Worm Horde","floor":45,"turns":3},{"damage":59,"enemies":"Reptomancer","floor":47,"turns":5},{"damage":1,"enemies":"Writhing Mass","floor":48,"turns":5},{"damage":14,"enemies":"Time Eater","floor":50,"turns":9}],"seed_played":"-2117708567723862168","potions_obtained":[{"floor":2,"key":"FocusPotion"},{"floor":3,"key":"FocusPotion"},{"floor":8,"key":"Fruit Juice"},{"floor":11,"key":"DistilledChaos"},{"floor":18,"key":"Block Potion"},{"floor":31,"key":"CultistPotion"}],"is_trial":false,"path_per_floor":["M","M","M","M","M","E","R","E","T","?","M","$","M","?","R","B",null,"M","$","?","M","M","R","?","R","T","M","?","E","R","M","R","B",null,"M","M","$","M","$","R","M","R","T","$","M","?","E","M","R","B",null],"character_chosen":"DEFECT","items_purchased":["TheBattery","White Noise","MyShadow","SteamSale","BookOfRevelations","Ancient Tea Set","Membership Card","MoneyPower","Turnip","Hologram","DoctorFetus","Conserve Battery","Storm","Happy Flower","Toxic Egg 2","DollysMirror","Doom and Gloom","MerchantsRug"],"campfire_rested":3,"item_purchase_floors":[12,12,17,19,37,37,39,39,39,39,39,39,39,44,44,44,44,44],"current_hp_per_floor":[80,76,76,73,80,65,65,42,42,42,42,42,37,37,37,24,75,52,52,52,56,52,52,52,74,84,85,85,66,66,68,68,49,85,72,67,67,43,43,68,54,54,54,54,61,61,17,38,63,71],"gold":485,"neow_bonus":"TEN_PERCENT_HP_BONUS","is_daily":false,"chose_seed":false,"campfire_upgraded":6,"win_rate":0.0,"timestamp":1613443201,"path_taken":["M","M","M","M","M","E","R","E","T","?","?","$","M","?","R","BOSS","M","$","?","M","M","R","?","R","T","M","?","E","R","M","R","BOSS","M","M","$","M","$","R","M","R","T","$","M","?","E","M","R","BOSS"],"items_purchased_type":["Relic","Card","Relic","Relic","Relic","Relic","Relic","Relic","Relic","Card","Card","Card","Card","Relic","Relic","Relic","Card","Relic"],"build_version":"2020-12-22","purchased_purges":3,"victory":true,"max_hp_per_floor":[82,82,82,82,82,82,82,87,87,87,87,87,87,87,87,87,75,75,75,75,75,75,75,75,75,85,85,85,85,85,85,85,85,85,85,85,85,85,85,85,85,85,85,85,85,85,85,85,85,85],"card_choices":[{"not_picked":[],"picked":"Bomb","floor":0},{"not_picked":["Tempest","Reinforced Body"],"picked":"Cold Snap","floor":1},{"not_picked":["Double Energy","Streamline"],"picked":"Conserve Battery","floor":2},{"not_picked":["Lockon","Ball Lightning"],"picked":"Seek","floor":3},{"not_picked":["Streamline","Compile Driver"],"picked":"Self Repair","floor":4},{"not_picked":["Conserve Battery","Consume"],"picked":"Loop","floor":5},{"not_picked":["Doom and Gloom","Conserve Battery"],"picked":"Ball Lightning","floor":6},{"not_picked":["Hologram","Reboot"],"picked":"Sweeping Beam","floor":8},{"not_picked":["Cold Snap","Undo"],"picked":"Chaos","floor":11},{"not_picked":["Sweeping Beam","Stack"],"picked":"Leap","floor":13},{"not_picked":["ElectricPowerLearning","Biased Cognition"],"picked":"Creative AI","floor":16},{"not_picked":[],"picked":"Coolheaded","floor":18},{"not_picked":[],"picked":"Leap","floor":21},{"not_picked":[],"picked":"Steam","floor":22},{"not_picked":[],"picked":"Cold Snap","floor":27},{"not_picked":[],"picked":"Glacier","floor":29},{"not_picked":[],"picked":"Reinforced Body","floor":31},{"not_picked":[],"picked":"All For One","floor":33},{"not_picked":[],"picked":"Go for the Eyes+1","floor":35},{"not_picked":[],"picked":"Sweeping Beam","floor":36},{"not_picked":[],"picked":"Barrage+1","floor":38},{"not_picked":[],"picked":"Coolheaded","floor":41},{"not_picked":[],"picked":"Leap+1","floor":45},{"not_picked":[],"picked":"Tempest+1","floor":46},{"not_picked":[],"picked":"Gash+1","floor":47},{"not_picked":["Streamline"],"picked":"SKIP","floor":48}],"player_experience":87187,"relics_obtained":[{"floor":6,"key":"Toy Ornithopter"},{"floor":8,"key":"Peace Pipe"},{"floor":9,"key":"Pantograph"},{"floor":26,"key":"Pear"},{"floor":29,"key":"TheBean"},{"floor":34,"key":"War Paint"},{"floor":34,"key":"HornCleat"},{"floor":34,"key":"Old Coin"},{"floor":43,"key":"DoctorsRemote"},{"floor":47,"key":"Meat on the Bone"}],"event_choices":[{"damage_healed":0,"gold_gain":0,"player_choice":"Left Gold","damage_taken":0,"max_hp_gain":0,"max_hp_loss":0,"event_name":"World of Goop","floor":10,"gold_loss":34},{"damage_healed":0,"gold_gain":0,"player_choice":"Grow","damage_taken":0,"max_hp_gain":0,"max_hp_loss":0,"event_name":"Living Wall","floor":14,"gold_loss":0,"cards_upgraded":["Self Repair"]},{"damage_healed":0,"gold_gain":0,"player_choice":"Stole Relic","damage_taken":0,"relics_obtained":["Incense Burner"],"max_hp_gain":0,"max_hp_loss":0,"event_name":"Addict","floor":20,"gold_loss":0,"cards_obtained":["Shame"]},{"damage_healed":0,"gold_gain":0,"player_choice":"Ignored","damage_taken":0,"max_hp_gain":0,"max_hp_loss":0,"event_name":"Vampires","floor":24,"gold_loss":0},{"damage_healed":0,"gold_gain":0,"player_choice":"Copied","damage_taken":0,"max_hp_gain":0,"max_hp_loss":0,"event_name":"Duplicator","floor":28,"gold_loss":0,"cards_obtained":["White Noise"]}],"is_beta":false,"boss_relics":[{"not_picked":["ChampionBelt","Philosopher\u0027s Stone"],"picked":"Busted Crown"},{"not_picked":[]},{"not_picked":["SlaversCollar","Black Star"],"picked":"Calling Bell"},{"not_picked":[]}],"items_purged_floors":[37,39,44],"is_endless":false,"potions_floor_spawned":[2,3,8,11,18,31,33,35,36,47],"ascension_level":0}}