{"host":"h5fgmkg3q5qe8ocv","time":1613478262,"event":{"mods":["AchievementEnabler","BaseMod","Colored Map","Minty Spire (QoL Compilation)"],"gold_per_floor":[117,117,42,56,56,56,70,102,102,102,127,127,179,197,197,293,293,305,107,117,136,146,146,146,171,219,234,269,281,281,294,294,394,394,412,75,75,88,103,103,133,147,198,148,160,174,174,0,0,0,0],"floor_reached":50,"language":"ENG","playtime":6601,"items_purged":["Strike_P","Strike_P","Strike_P","Strike_P"],"score":549,"play_id":"77331fef-824d-4c6c-9cb5-dd7ce8339ac4","local_time":"20210216132422","is_ascension_mode":false,"campfire_choices":[{"data":"PathToVictory","floor":6,"key":"SMITH"},{"floor":10,"key":"REST"},{"data":"Evaluate","floor":12,"key":"SMITH"},{"floor":15,"key":"REST"},{"data":"ThirdEye","floor":23,"key":"SMITH"},{"floor":30,"key":"REST"},{"data":"LikeWater","floor":32,"key":"SMITH"},{"data":"PathToVictory","floor":40,"key":"SMITH"},{"floor":49,"key":"RECALL"}],"circlet_count":0,"master_deck":["Defend_P+1","Defend_P","Defend_P","Defend_P+1","Eruption","Vigilance+1","SignatureMove+1","PathToVictory+1","Evaluate+1","Judgement","LikeWater+1","EmptyBody","ThirdEye+1","WaveOfTheHand","InnerPeace+1","Scrawl","PathToVictory+1","Panache","CutThroughFate+1","ThirdEye+1","Parasite","EmptyBody+1","PathToVictory+1"],"relics":["HolyWater","Centennial Puzzle","Molten Egg 2","Dream Catcher","Eternal Feather","Anchor","Sozu","War Paint","Lantern","Vajra","Smiling Mask","Blood Vial","Red Mask"],"acts_visited":["Exordium","TheCity","TheBeyond"],"potions_floor_usage":[8,8,16,25],"damage_taken":[{"damage":0,"enemies":"2 Louse","floor":1,"turns":2},{"damage":3,"enemies":"Jaw Worm","floor":4,"turns":2},{"damage":0,"enemies":"Cultist","floor":7,"turns":1},{"damage":19,"enemies":"3 Sentries","floor":8,"turns":12},{"damage":0,"enemies":"Gremlin Nob","floor":11,"turns":2},{"damage":0,"enemies":"2 Fungi Beasts","floor":14,"turns":3},{"damage":49,"enemies":"Slime Boss","floor":16,"turns":13},{"damage":0,"enemies":"2 Thieves","floor":18,"turns":4},{"damage":8,"enemies":"Shell Parasite","floor":20,"turns":3},{"damage":0,"enemies":"Shelled Parasite and Fungi","floor":21,"turns":4},{"damage":5,"enemies":"Chosen and Byrds","floor":22,"turns":5},{"damage":3,"enemies":"Slavers","floor":25,"turns":8},{"damage":4,"enemies":"Snake Plant","floor":27,"turns":4},{"damage":26,"enemies":"Gremlin Leader","floor":28,"turns":5},{"damage":0,"enemies":"Snecko","floor":29,"turns":5},{"damage":15,"enemies":"Centurion and Healer","floor":31,"turns":5},{"damage":30,"enemies":"Automaton","floor":33,"turns":14},{"damage":0,"enemies":"3 Darklings","floor":35,"turns":12},{"damage":0,"enemies":"3 Shapes","floor":38,"turns":3},{"damage":0,"enemies":"Sphere and 2 Shapes","floor":39,"turns":3},{"damage":58,"enemies":"Nemesis","floor":41,"turns":5},{"damage":8,"enemies":"Writhing Mass","floor":42,"turns":4},{"damage":0,"enemies":"Jaw Worm Horde","floor":45,"turns":3},{"damage":0,"enemies":"Spire Growth","floor":46,"turns":2},{"damage":29,"enemies":"Awakened One","floor":50,"turns":10}],"seed_played":"-2231857725826203430","potions_obtained":[{"floor":1,"key":"SneckoOil"},{"floor":4,"key":"GamblersBrew"},{"floor":8,"key":"Energy Potion"},{"floor":16,"key":"EssenceOfSteel"}],"is_trial":false,"path_per_floor":["M","?","$","M","?","R","M","E","T","R","E","R","T","M","R","B",null,"M","$","M","M","M","R","?","E","T","M","E","M","R","M","R","B",null,"M","$","?","M","M","R","E","M","T","$","M","M","?","?","R","B"],"character_chosen":"WATCHER","items_purchased":["LikeWater","EmptyBody","PathToVictory","Panache"],"campfire_rested":3,"item_purchase_floors":[19,19,36,36],"current_hp_per_floor":[72,60,60,57,43,43,43,24,24,45,45,51,51,51,72,23,72,72,72,64,64,59,68,55,52,52,48,22,22,54,39,48,18,77,77,77,77,77,77,77,19,11,11,11,13,15,15,15,27,0,0],"gold":0,"neow_bonus":"RANDOM_COMMON_RELIC","is_daily":false,"chose_seed":false,"campfire_upgraded":5,"win_rate":0.0,"timestamp":1613478262,"path_taken":["M","?","$","M","?","R","M","E","T","R","E","R","?","M","R","BOSS","M","$","M","M","?","R","?","E","T","M","E","M","R","M","R","BOSS","M","$","?","M","M","R","E","M","T","?","M","M","?","?","R","BOSS"],"items_purchased_type":["Card","Card","Card","Card"],"build_version":"2020-12-22","purchased_purges":4,"victory":false,"max_hp_per_floor":[72,72,72,72,72,72,72,72,72,72,72,72,72,72,72,72,72,72,72,72,72,72,72,77,77,77,77,77,77,77,77,77,77,77,77,77,77,77,77,77,77,77,77,77,77,77,77,77,77,77,77],"card_choices":[{"not_picked":["EmptyMind","DeceiveReality"],"picked":"SignatureMove","floor":1},{"not_picked":["ClearTheMind","ThirdEye"],"picked":"PathToVictory","floor":4},{"not_picked":["JustLucky+1","CrushJoints+1","FlyingSleeves+1"],"picked":"SKIP","floor":7},{"not_picked":["BattleHymn","BowlingBash+1","Vengeance"],"picked":"SKIP","floor":8},{"not_picked":["SignatureMove+1","FlyingSleeves+1"],"picked":"Evaluate","floor":10},{"not_picked":["Study","FearNoEvil+1","BowlingBash+1"],"picked":"SKIP","floor":11},{"not_picked":["Halt","CarveReality+1","LessonLearned+1"],"picked":"SKIP","floor":14},{"not_picked":["LessonLearned+1","DevaForm"],"picked":"Judgement","floor":16},{"not_picked":["SignatureMove+1","Halt","Swivel+1"],"picked":"SKIP","floor":18},{"not_picked":["SashWhip+1","Protect","Wallop+1"],"picked":"SKIP","floor":20},{"not_picked":["CrushJoints+1","SashWhip+1"],"picked":"CutThroughFate+1","floor":21},{"not_picked":["SandsOfTime+1","LikeWater"],"picked":"ThirdEye","floor":22},{"not_picked":["CrushJoints+1","Study","Weave+1"],"picked":"SKIP","floor":25},{"not_picked":["CrushJoints+1","Study","Weave+1"],"picked":"SKIP","floor":25},{"not_picked":["DevaForm","BattleHymn","Adaptation"],"picked":"SKIP","floor":27},{"not_picked":["FearNoEvil+1","Crescendo+1","ClearTheMind"],"picked":"SKIP","floor":28},{"not_picked":["Swivel","Crescendo"],"picked":"WaveOfTheHand","floor":29},{"not_picked":["JustLucky+1","FlyingSleeves+1"],"picked":"InnerPeace+1","floor":30},{"not_picked":["MasterReality","BattleHymn","JustLucky+1"],"picked":"SKIP","floor":31},{"not_picked":["Omniscience","DevaForm"],"picked":"Scrawl","floor":33},{"not_picked":["EmptyFist+1","Fasting2","Vengeance+1"],"picked":"SKIP","floor":35},{"not_picked":["Evaluate+1","FlyingSleeves+1","LikeWater"],"picked":"SKIP","floor":38},{"not_picked":["Evaluate+1","FlyingSleeves+1","LikeWater"],"picked":"SKIP","floor":38},{"not_picked":["FlyingSleeves+1","DeceiveReality"],"picked":"CutThroughFate+1","floor":39},{"not_picked":["EmptyFist+1","SandsOfTime+1"],"picked":"ThirdEye+1","floor":41},{"not_picked":["Study","SashWhip+1"],"picked":"EmptyBody+1","floor":42},{"not_picked":["EmptyBody+1","Crescendo"],"picked":"PathToVictory+1","floor":45},{"not_picked":["CrushJoints+1","Crescendo","ClearTheMind"],"picked":"SKIP","floor":46}],"player_experience":37364,"relics_obtained":[{"floor":8,"key":"Dream Catcher"},{"floor":11,"key":"Eternal Feather"},{"floor":13,"key":"Anchor"},{"floor":25,"key":"War Paint"},{"floor":26,"key":"Lantern"},{"floor":28,"key":"Vajra"},{"floor":41,"key":"Smiling Mask"},{"floor":43,"key":"Blood Vial"}],"event_choices":[{"damage_healed":0,"gold_gain":0,"player_choice":"Success","damage_taken":12,"relics_obtained":["Molten Egg 2"],"max_hp_gain":0,"max_hp_loss":0,"event_name":"Scrap Ooze","floor":2,"gold_loss":0},{"damage_healed":0,"gold_gain":0,"player_choice":"Entered Light","damage_taken":14,"max_hp_gain":0,"max_hp_loss":0,"event_name":"Shining Light","floor":5,"gold_loss":0,"cards_upgraded":["SignatureMove","Vigilance"]},{"damage_healed":0,"gold_gain":0,"player_choice":"Shed Blood","damage_taken":18,"max_hp_gain":5,"max_hp_loss":0,"event_name":"Forgotten Altar","floor":24,"gold_loss":0},{"damage_healed":0,"gold_gain":0,"player_choice":"Ignored","damage_taken":0,"max_hp_gain":0,"max_hp_loss":0,"event_name":"NoteForYourself","floor":37,"gold_loss":0},{"cards_removed":["CutThroughFate"],"damage_healed":0,"gold_gain":0,"player_choice":"Removed Attack","damage_taken":0,"max_hp_gain":0,"max_hp_loss":0,"event_name":"Falling","floor":47,"gold_loss":0},{"damage_healed":0,"gold_gain":0,"player_choice":"Paid","damage_taken":0,"relics_obtained":["Red Mask"],"max_hp_gain":0,"max_hp_loss":0,"event_name":"Tomb of Lord Red Mask","floor":48,"gold_loss":174}],"is_beta":false,"boss_relics":[{"not_picked":["Philosopher\u0027s Stone","Coffee Dripper"],"picked":"Sozu"},{"not_picked":["Runic Dome","Calling Bell"],"picked":"HolyWater"}],"items_purged_floors":[3,19,36,44],"is_endless":false,"potions_floor_spawned":[1,4,8,16,21,27,29,31,33,41,42,45],"killed_by":"Awakened One","ascension_level":0}}