{"host":"9rehsd5oi9uaydbk","time":1613435957,"event":{"mods":["AchievementEnabler","Act Like it!","Aspiration","BaseMod","Colored Powertips","Curses Come First","Downfall","Hallownest","Hermit","Hubris","Jorbs\u0027s Wanderer Trilogy","Minty Spire (QoL Compilation)","Reliquary","Shop Mod","StSLib","The Bug Knight"],"gold_per_floor":[116,134,134,309,326,326,63,63,63,93,53,64,64,64,64,64,64],"floor_reached":16,"language":"ENG","playtime":423,"items_purged":[],"score":98,"play_id":"e9f8bda4-939d-4464-a81a-bd6974fc8b6f","local_time":"20210215193917","is_ascension_mode":false,"campfire_choices":[{"data":"hermit:Covet","floor":6,"key":"SMITH"},{"data":"hermit:Snapshot","floor":8,"key":"SMITH"},{"floor":13,"key":"REST"},{"floor":15,"key":"REST"}],"circlet_count":0,"master_deck":["hermit:Strike_Hermit","hermit:Strike_Hermit","hermit:Strike_Hermit","hermit:Strike_Hermit","hermit:Defend_Hermit","hermit:Defend_Hermit","hermit:Defend_Hermit","hermit:Defend_Hermit","hermit:Snapshot+1","hermit:Covet+1","Doubt","hermit:Glare","hermit:Maintenance","hermit:Glare"],"relics":["hermit:Momento","NeowsBlessing","reliquary:BoilingFlask","reliquary:Firecrackers","reliquary:BoilingFlask","hubris:GlazedTorus","PreservedInsect"],"acts_visited":["Exordium"],"potions_floor_usage":[10,12,12,16],"damage_taken":[{"damage":0,"enemies":"Cultist","floor":1,"turns":1},{"damage":0,"enemies":"2 Louse","floor":2,"turns":1},{"damage":0,"enemies":"Jaw Worm","floor":5,"turns":1},{"damage":64,"enemies":"3 Sentries","floor":10,"turns":11},{"damage":6,"enemies":"Large Slime","floor":12,"turns":6},{"damage":53,"enemies":"Slime Boss","floor":16,"turns":7}],"seed_played":"4484782582403778960","potions_obtained":[{"floor":1,"key":"bronze:BurnAndBuffPotion"},{"floor":10,"key":"FearPotion"},{"floor":11,"key":"LiquidBronze"},{"floor":11,"key":"sneckomod:MuddlingPotion"},{"floor":11,"key":"LiquidBronze"}],"is_trial":false,"path_per_floor":["M","M","?","?","M","R","$","R","T","E","?","M","R","T","R","B"],"character_chosen":"HERMIT","items_purchased":["hermit:Glare","reliquary:Firecrackers"],"campfire_rested":2,"item_purchase_floors":[7,7],"current_hp_per_floor":[75,75,72,72,72,72,72,72,72,8,8,2,24,24,46,0,0],"gold":64,"neow_bonus":"THREE_ENEMY_KILL","is_daily":false,"chose_seed":false,"campfire_upgraded":2,"win_rate":0.0,"timestamp":1613435957,"path_taken":["M","?","?","?","?","R","$","R","T","E","?","?","R","?","R","BOSS"],"items_purchased_type":["Card","Relic"],"build_version":"2020-12-22","purchased_purges":0,"victory":false,"max_hp_per_floor":[75,75,75,75,75,75,75,75,75,75,75,75,75,75,75,75,75],"card_choices":[{"not_picked":["hermit:Cheat","hermit:Spite","hermit:SprayPray"],"picked":"SKIP","floor":1},{"not_picked":["hermit:Ricochet","hermit:WideOpen","hermit:Misfire"],"picked":"SKIP","floor":2},{"not_picked":["hermit:Vantage","hermit:Manifest","hermit:Scavenge"],"picked":"SKIP","floor":5},{"not_picked":["hermit:DeadMansHand","hermit:Horror"],"picked":"hermit:Maintenance","floor":10},{"not_picked":["hermit:Roulette","hermit:Misfire"],"picked":"hermit:Glare","floor":12}],"player_experience":215643,"relics_obtained":[{"floor":9,"key":"reliquary:SculptingSteel"},{"floor":10,"key":"hubris:GlazedTorus"},{"floor":14,"key":"PreservedInsect"}],"event_choices":[{"damage_healed":0,"gold_gain":0,"player_choice":"Success","damage_taken":3,"relics_obtained":["reliquary:BoilingFlask"],"max_hp_gain":0,"max_hp_loss":0,"event_name":"Scrap Ooze","floor":3,"gold_loss":0},{"damage_healed":0,"gold_gain":175,"player_choice":"AGREE","damage_taken":0,"max_hp_gain":0,"max_hp_loss":0,"event_name":"Liars Game","floor":4,"gold_loss":0,"cards_obtained":["Doubt"]},{"damage_healed":0,"gold_gain":0,"player_choice":"Bought 3 Potions","damage_taken":0,"max_hp_gain":0,"max_hp_loss":0,"event_name":"The Woman in Blue","floor":11,"gold_loss":0}],"is_beta":false,"boss_relics":[],"items_purged_floors":[],"is_endless":false,"potions_floor_spawned":[1,10],"killed_by":"Slime Boss","ascension_level":0}}