{"host":"cpsutu8lprjuipd6","time":1613452915,"event":{"mods":["BaseMod","Colored Map","Minty Spire (QoL Compilation)","Permanent Neow","StSLib","SuperFastMode","The Bug Knight","Together in Spire"],"gold_per_floor":[118,118,134,134,144,172,185,260,310,68,120,136,166,191,203,316,328,360,383,411,423,447,459,459],"floor_reached":23,"language":"KOR","playtime":1398,"items_purged":[],"score":267,"play_id":"bd11cbce-f420-4603-bc9c-9b6e961fd8c6","local_time":"20210216142155","is_ascension_mode":true,"campfire_choices":[{"floor":15,"key":"RECALL"}],"circlet_count":0,"master_deck":["Strike_R","Strike_R","Strike_R","Strike_R","Defend_R","Defend_R","Defend_R","Defend_R","Bash","Pommel Strike","Inflame","Anger","Warcry","Heavy Blade","Battle Trance","Cleave","Cleave","Inflame","Flex","Sword Boomerang","Shrug It Off","Iron Wave","Pummel","Limit Break","Cleave","Fire Breathing+1","Warcry","Cleave","Heavy Blade","Warcry","Flex","Shrug It Off+1"],"relics":["Burning Blood","Prayer Wheel","StoneCalendar","HollowMod:LifeEnderRelic","Bag of Marbles","HollowMod:JonisBlessing","MawBank"],"acts_visited":["Exordium","TheCity"],"potions_floor_usage":[7,16,23],"damage_taken":[{"damage":3,"enemies":"Cultist","floor":1,"turns":6},{"damage":6,"enemies":"Jaw Worm","floor":3,"turns":5},{"damage":0,"enemies":"2 Louse","floor":5,"turns":3},{"damage":44,"enemies":"3 Sentries","floor":6,"turns":6},{"damage":8,"enemies":"Exordium Thugs","floor":7,"turns":4},{"damage":0,"enemies":"Gremlin Gang","floor":12,"turns":1},{"damage":0,"enemies":"Gremlin Nob","floor":13,"turns":3},{"damage":0,"enemies":"Blue Slaver","floor":14,"turns":3},{"damage":31,"enemies":"The Guardian","floor":16,"turns":7},{"damage":0,"enemies":"Chosen","floor":18,"turns":3},{"damage":15,"enemies":"Shell Parasite","floor":19,"turns":7},{"damage":15,"enemies":"Snake Plant","floor":20,"turns":5},{"damage":54,"enemies":"Shelled Parasite and Fungi","floor":22,"turns":6},{"damage":26,"enemies":"Book of Stabbing","floor":23,"turns":3}],"seed_played":"522766928128355898","potions_obtained":[{"floor":1,"key":"BloodPotion"},{"floor":5,"key":"FairyPotion"},{"floor":6,"key":"SkillPotion"},{"floor":7,"key":"Explosive Potion"},{"floor":22,"key":"Dexterity Potion"}],"is_trial":false,"path_per_floor":["M","?","M","?","M","E","M","T","T","$","T","M","E","M","R","B",null,"M","M","M","?","M","E"],"character_chosen":"IRONCLAD","items_purchased":["Inflame","HollowMod:JonisBlessing","Flex"],"campfire_rested":0,"item_purchase_floors":[10,10,10],"current_hp_per_floor":[72,77,77,70,76,38,36,36,36,36,36,36,36,36,36,5,77,77,62,47,33,17,0,0],"gold":459,"neow_bonus":"ONE_RARE_RELIC","is_daily":false,"chose_seed":false,"campfire_upgraded":0,"win_rate":0.0,"timestamp":1613452915,"path_taken":["M","?","M","?","M","E","M","?","T","?","?","?","E","M","R","BOSS","M","M","?","?","M","E"],"items_purchased_type":["Card","Relic","Card"],"build_version":"2020-12-22","purchased_purges":0,"victory":false,"max_hp_per_floor":[72,77,77,77,77,77,77,77,77,77,77,77,77,77,77,77,77,77,77,77,82,82,82,82],"card_choices":[{"not_picked":["Hemokinesis","Iron Wave"],"picked":"Pommel Strike","floor":1},{"not_picked":["Hemokinesis","Perfected Strike","Sword Boomerang"],"picked":"SKIP","floor":1},{"not_picked":["Iron Wave","Headbutt"],"picked":"Inflame","floor":3},{"not_picked":["Wild Strike","Cleave"],"picked":"Anger","floor":3},{"not_picked":["Metallicize","Exhume"],"picked":"Warcry","floor":5},{"not_picked":["Flex","Wild Strike"],"picked":"Heavy Blade","floor":5},{"not_picked":["Havoc","Immolate"],"picked":"Battle Trance","floor":6},{"not_picked":["Clash","True Grit"],"picked":"Cleave","floor":7},{"not_picked":["Feel No Pain","Wild Strike"],"picked":"Cleave","floor":7},{"not_picked":["Searing Blow","Disarm"],"picked":"Sword Boomerang","floor":12},{"not_picked":["Flame Barrier","Havoc"],"picked":"Shrug It Off","floor":12},{"not_picked":["Clash","Barricade"],"picked":"Iron Wave","floor":13},{"not_picked":["Flame Barrier","Clothesline"],"picked":"Pummel","floor":14},{"not_picked":["Metallicize","Sever Soul","Perfected Strike"],"picked":"SKIP","floor":14},{"not_picked":["Offering","Fiend Fire"],"picked":"Limit Break","floor":16},{"not_picked":["Dual Wield","Wild Strike"],"picked":"Cleave","floor":18},{"not_picked":["Reckless Charge","Rupture"],"picked":"Fire Breathing+1","floor":18},{"not_picked":["Clothesline","Armaments+1"],"picked":"Warcry","floor":19},{"not_picked":["Clothesline","Havoc"],"picked":"Cleave","floor":19},{"not_picked":["Intimidate","Hemokinesis"],"picked":"Heavy Blade","floor":20},{"not_picked":["Shrug It Off","Armaments"],"picked":"Warcry","floor":20},{"not_picked":["Rupture","Feel No Pain+1"],"picked":"Flex","floor":22},{"not_picked":["Headbutt+1","Juggernaut"],"picked":"Shrug It Off+1","floor":22}],"player_experience":98449,"relics_obtained":[{"floor":6,"key":"StoneCalendar"},{"floor":8,"key":"HollowMod:LifeEnderRelic"},{"floor":9,"key":"Bag of Marbles"},{"floor":13,"key":"MawBank"}],"event_choices":[{"damage_healed":0,"gold_gain":0,"player_choice":"Donut","damage_taken":0,"max_hp_gain":5,"max_hp_loss":0,"event_name":"Big Fish","floor":2,"gold_loss":0},{"cards_removed":["Strike_R"],"damage_healed":0,"gold_gain":0,"player_choice":"Card Removal","damage_taken":7,"max_hp_gain":0,"max_hp_loss":0,"event_name":"Golden Wing","floor":4,"gold_loss":0},{"damage_healed":0,"gold_gain":0,"player_choice":"Shed Blood","damage_taken":19,"max_hp_gain":5,"max_hp_loss":0,"event_name":"Forgotten Altar","floor":21,"gold_loss":0}],"is_beta":false,"boss_relics":[{"not_picked":["Ectoplasm","Busted Crown","Velvet Choker"]}],"items_purged_floors":[],"is_endless":false,"potions_floor_spawned":[1,5,6,7,22],"killed_by":"Book of Stabbing","ascension_level":1}}