{"host":"y6zg4wwu39otf01a","time":1613492843,"event":{"mods":["Act Like it!","Aspiration","BaseMod","Better Altar","Better Match","Better Note","Better Sensory Stone","Better Skull","Better Third Choice","Challenge The Spire","Colored Map","Colored Powertips","Conspire","GifTheSpireLib","Glutton Mod","Halation","Hermit","Highlight Path","Hubris","Infinite Spire","Mimic Mod","Minty Spire (QoL Compilation)","Quick Restart","Random Character Button","Rare Cards Sparkle","Replay The Spire","Retaliation","Spicy Shops","StSLib","Stuff the Spire","The Blue Laboratory","The Jungle"],"gold_per_floor":[112,132,132,143,143,168,168,168,193,223,223,4,17,46,46,151,151,163,182,34,34,50,50,68,68,106,106,206,221,249,263,263,362,362,382,382,382,382,137,153,182,182,182,14,14,41,52,82,82,82],"floor_reached":51,"language":"ENG","playtime":3503,"items_purged":[],"score":981,"play_id":"e4aab2b7-dd47-468a-9e52-e42306ff2e3d","local_time":"20210216102723","daily_mods":["Draft","Purple Cards","Lethality"],"is_ascension_mode":true,"campfire_choices":[{"data":"Calculated Gamble","floor":7,"key":"SMITH"},{"data":"Calculated Gamble","floor":11,"key":"SMITH"},{"floor":15,"key":"REST"},{"data":"ClearTheMind","floor":23,"key":"SMITH"},{"data":"Accuracy","floor":27,"key":"SMITH"},{"data":"DeusExMachina","floor":32,"key":"SMITH"},{"data":"Survey Options","floor":45,"key":"SMITH"},{"data":"Crescendo","floor":49,"key":"SMITH"}],"circlet_count":0,"master_deck":["EmptyMind","TalkToTheHand","Calculated Gamble+1","Evaluate","Underhanded Strike","Flying Knee","FlurryOfBlows","Calculated Gamble+1","Evaluate","StuffTheSpire:DoubleShiv","EmptyFist","Noxious Fumes","ReplayTheSpireMod:Scrap Shanks","Footwork","ClearTheMind+1","ReplayTheSpireMod:Scrap Shanks","ReplayTheSpireMod:Tripwire","Masterful Stab","Quick Slash","Accuracy+1","Slice","SpiritShield","DeusExMachina+1","InnerPeace","Replay:Battleflow+1","Spreading Infection","Doppelganger","Adaptation+1","Survey Options+1","Tantrum","Crescendo+1","StuffTheSpire:ReptileScales+1"],"relics":["Ring of the Snake","halation:KoshaPiece","Oddly Smooth Stone","aspiration:Lifesprig","infinitespire:PuzzleCube","hubris:Spice","infinitespire:Joker Card","hubris:TerracottaHorce","Pet Ghost","FaceOfCleric","ReplayTheSpireMod:Ring of Exchange","Ring of Misfortune","Toolbox","ReplayTheSpireMod:TigerMarble","Strawberry","Replay:Rubber Ducky","Molten Egg 2"],"acts_visited":["Exordium","TheCity","TheBeyond"],"potions_floor_usage":[14,14,16,18,24,46,46,46],"damage_taken":[{"damage":7,"enemies":"Small Slimes","floor":1,"turns":2},{"damage":0,"enemies":"2 Louse","floor":2,"turns":1},{"damage":0,"enemies":"Jaw Worm","floor":4,"turns":3},{"damage":17,"enemies":"Lagavulin","floor":6,"turns":4},{"damage":7,"enemies":"Gremlin Nob","floor":10,"turns":3},{"damage":8,"enemies":"Gremlin Gang","floor":13,"turns":2},{"damage":14,"enemies":"3 Sentries","floor":14,"turns":3},{"damage":9,"enemies":"The Guardian","floor":16,"turns":5},{"damage":0,"enemies":"Chosen","floor":18,"turns":2},{"damage":0,"enemies":"Shell Parasite","floor":19,"turns":2},{"damage":0,"enemies":"3 Cultists","floor":22,"turns":3},{"damage":0,"enemies":"Snecko","floor":24,"turns":2},{"damage":0,"enemies":"Cultist and Chosen","floor":26,"turns":4},{"damage":14,"enemies":"Cultist and Chosen","floor":29,"turns":3},{"damage":7,"enemies":"Gremlin Leader","floor":30,"turns":2},{"damage":0,"enemies":"3 Cultists","floor":31,"turns":3},{"damage":26,"enemies":"conspire:MysteriousRune","floor":33,"turns":3},{"damage":10,"enemies":"3 Darklings","floor":35,"turns":3},{"damage":7,"enemies":"3 Shapes","floor":40,"turns":2},{"damage":8,"enemies":"Nemesis","floor":41,"turns":3},{"damage":0,"enemies":"Reptomancer","floor":46,"turns":3},{"damage":0,"enemies":"Jaw Worm Horde","floor":47,"turns":1},{"damage":0,"enemies":"R_Hoarder","floor":48,"turns":2},{"damage":0,"enemies":"hubris:GrandSnecko","floor":50,"turns":3}],"seed_played":"-1715238211162535316","potions_obtained":[{"floor":2,"key":"blueLaboratory:Virophage"},{"floor":4,"key":"Reflective Coating"},{"floor":14,"key":"BlessingOfTheForge"},{"floor":16,"key":"blueLaboratory:BubblePotion"},{"floor":22,"key":"Poison Potion"},{"floor":29,"key":"blueLaboratory:ForbiddenFruitJuice"},{"floor":35,"key":"blueLaboratory:BottledHope"},{"floor":46,"key":"Weak Potion"}],"is_trial":true,"path_per_floor":["M","M","?","M","?","E","R","?","T","E","R","$","M","E","R","B",null,"M","M","$","?","M","R","M","?","MIM","R","?","M","E","M","R","B",null,"M","?","?","?","$","M","E","?","T","$","R","E","M","E","R","B",null],"character_chosen":"THE_SILENT","items_purchased":["Accuracy","hubris:Spice","Slice","Pet Ghost","Strawberry","Survey Options","blueLaboratory:FruitPunch","Tantrum"],"campfire_rested":1,"item_purchase_floors":[12,12,12,20,39,39,44,44],"current_hp_per_floor":[63,63,60,60,60,43,43,43,43,36,36,44,36,22,45,36,68,68,68,68,68,69,69,70,70,79,79,79,66,60,61,61,36,73,64,64,64,64,71,65,58,95,87,87,87,84,85,86,86,87],"gold":82,"neow_bonus":"","is_daily":false,"chose_seed":false,"campfire_upgraded":7,"win_rate":0.0,"timestamp":1613492843,"path_taken":["M","M","?","M","?","E","R","?","T","E","R","$","M","E","R","BOSS","M","M","$","?","?","R","M","?","MIM","R","?","?","E","M","R","BOSS","M","?","?","?","$","?","E","?","T","$","R","E","?","E","R","BOSS"],"items_purchased_type":["Card","Relic","Card","Relic","Relic","Card","Potion","Card"],"build_version":"2020-12-22","purchased_purges":0,"victory":true,"max_hp_per_floor":[70,70,70,70,70,70,70,70,70,70,70,78,78,78,78,78,78,78,78,78,78,79,79,80,80,89,89,89,90,83,84,84,85,85,86,86,86,86,93,94,95,95,87,87,87,84,85,86,86,87],"card_choices":[{"not_picked":["Sucker Punch","Distraction"],"picked":"EmptyMind","floor":0},{"not_picked":["Wallop","Quick Slash"],"picked":"TalkToTheHand","floor":0},{"not_picked":["BattleHymn","StuffTheSpire:Python"],"picked":"Calculated Gamble","floor":0},{"not_picked":["EmptyFist","ThirdEye"],"picked":"Evaluate","floor":0},{"not_picked":["EmptyBody","Worship"],"picked":"Underhanded Strike","floor":0},{"not_picked":["CrushJoints","Cloak And Dagger"],"picked":"Flying Knee","floor":0},{"not_picked":["SashWhip","hubris:TrickCloak"],"picked":"FlurryOfBlows","floor":0},{"not_picked":["Escape Plan","Replay:AtTheReady"],"picked":"Calculated Gamble","floor":0},{"not_picked":["StuffTheSpire:BumpUp","Acrobatics"],"picked":"Cloak And Dagger","floor":0},{"not_picked":["EmptyFist","Acrobatics"],"picked":"Evaluate","floor":0},{"not_picked":["Dash","Draining Mist"],"picked":"StuffTheSpire:DoubleShiv","floor":0},{"not_picked":["Bane","Slice"],"picked":"EmptyFist","floor":0},{"not_picked":["Deadly Poison","Prostrate"],"picked":"Noxious Fumes","floor":0},{"not_picked":["Prepared","Infinite Blades"],"picked":"ReplayTheSpireMod:Scrap Shanks","floor":0},{"not_picked":["Protect","Dodge and Roll"],"picked":"Footwork","floor":0},{"not_picked":["Fluid Movement","FollowUp"],"picked":"ClearTheMind","floor":1},{"not_picked":["Crescendo","FlurryOfBlows"],"picked":"ReplayTheSpireMod:Scrap Shanks","floor":2},{"not_picked":["Acrobatics","SignatureMove"],"picked":"ReplayTheSpireMod:Tripwire","floor":4},{"not_picked":["Swivel","StuffTheSpire:Python"],"picked":"Masterful Stab","floor":6},{"not_picked":["ThirdEye","Vengeance"],"picked":"Quick Slash","floor":10},{"not_picked":["Prostrate","DeceiveReality"],"picked":"SpiritShield","floor":13},{"not_picked":["hubris:Counter","Prostrate","StuffTheSpire:Incursion"],"picked":"SKIP","floor":14},{"not_picked":["Atom Bomb","Wraith Form v2"],"picked":"DeusExMachina","floor":16},{"not_picked":["hubris:SlightOfHand","Consecrate","hubris:TrickCloak"],"picked":"SKIP","floor":18},{"not_picked":["Acrobatics","Quick Slash","Ragnarok"],"picked":"SKIP","floor":19},{"not_picked":["EmptyBody+1","Prepared+1"],"picked":"InnerPeace","floor":22},{"not_picked":["Dagger Spray","Deadly Poison"],"picked":"Replay:Battleflow+1","floor":24},{"not_picked":["Halt","Evaluate","FlyingSleeves+1"],"picked":"SKIP","floor":29},{"not_picked":["Outmaneuver","hubris:SlightOfHand","Bane"],"picked":"SKIP","floor":30},{"not_picked":["EmptyMind","MentalFortress","hubris:Counter+1"],"picked":"SKIP","floor":31},{"not_picked":["ReplayTheSpireMod:From All Sides","hubris:SpiceAddiction"],"picked":"Doppelganger","floor":33},{"not_picked":["Meditate+1","hubris:SpiceAddiction"],"picked":"Adaptation+1","floor":35},{"not_picked":["Worship+1","Study","Backflip"],"picked":"SKIP","floor":40},{"not_picked":["Poisoned Stab","ClearTheMind","StuffTheSpire:Python"],"picked":"SKIP","floor":41},{"not_picked":["hubris:SpiceAddiction","ClearTheMind"],"picked":"Crescendo","floor":46},{"not_picked":["Prepared+1","SashWhip+1"],"picked":"StuffTheSpire:ReptileScales+1","floor":47},{"not_picked":["Consecrate+1","Deadly Poison+1","StuffTheSpire:Python"],"picked":"SKIP","floor":48}],"player_experience":854472,"relics_obtained":[{"floor":6,"key":"Oddly Smooth Stone"},{"floor":9,"key":"aspiration:Lifesprig"},{"floor":10,"key":"infinitespire:PuzzleCube"},{"floor":14,"key":"infinitespire:Joker Card"},{"floor":25,"key":"ReplayTheSpireMod:Ring of Exchange"},{"floor":25,"key":"Ring of Misfortune"},{"floor":26,"key":"hubris:Spice"},{"floor":30,"key":"hubris:Spice"},{"floor":41,"key":"Replay:Rubber Ducky"},{"floor":43,"key":"hubris:Spice"},{"floor":46,"key":"hubris:Spice"},{"floor":48,"key":"Molten Egg 2"}],"event_choices":[{"damage_healed":0,"gold_gain":0,"player_choice":"Relic ","damage_taken":3,"max_hp_gain":0,"max_hp_loss":0,"event_name":"betterThird:BetterScrap","floor":3,"gold_loss":0,"cards_obtained":["Study"]},{"damage_healed":0,"gold_gain":0,"player_choice":"Disagree","damage_taken":0,"max_hp_gain":0,"max_hp_loss":0,"event_name":"conspire:LoneGhost","floor":5,"gold_loss":0},{"damage_healed":0,"gold_gain":0,"player_choice":"Leave","damage_taken":0,"max_hp_gain":0,"max_hp_loss":0,"event_name":"conspire:Investor","floor":8,"gold_loss":0},{"damage_healed":0,"gold_gain":0,"player_choice":"Trade","damage_taken":0,"relics_obtained":["FaceOfCleric"],"max_hp_gain":0,"max_hp_loss":0,"event_name":"FaceTrader","floor":21,"gold_loss":0},{"damage_healed":0,"gold_gain":100,"player_choice":"Pray","damage_taken":0,"max_hp_gain":0,"max_hp_loss":0,"event_name":"Golden Shrine","floor":28,"gold_loss":0},{"cards_removed":["Cloak And Dagger"],"damage_healed":0,"gold_gain":0,"player_choice":"Removed Skill","damage_taken":0,"max_hp_gain":0,"max_hp_loss":0,"event_name":"Falling","floor":38,"gold_loss":0},{"damage_healed":37,"gold_gain":0,"player_choice":"Full Heal","damage_taken":0,"max_hp_gain":0,"max_hp_loss":0,"event_name":"Wheel of Change","floor":42,"gold_loss":0}],"is_beta":false,"boss_relics":[{"not_picked":["hubris:Spice","Abe\u0027s Treasure"],"picked":"hubris:TerracottaHorce"},{"not_picked":["ReplayTheSpireMod:DimensionalGlitch","Coffee Dripper"],"picked":"Toolbox"}],"items_purged_floors":[],"is_endless":false,"potions_floor_spawned":[2,4,14,16,22,29,35,46],"ascension_level":2}}