{"host":"2ty4h143nj8vwezc","time":1613450496,"event":{"mods":["BaseMod","Colored Map","Googly Eyes","Highlight Path","Minty Spire (QoL Compilation)","Quick Restart","StSLib"],"gold_per_floor":[118,118,131,131,151,182,182,182,228,264,284,284,44,88,88,211,211,226,4,4,28,44,44,44,44,44],"floor_reached":25,"language":"ENG","playtime":730,"items_purged":["Strike_B","Storm"],"score":370,"play_id":"763d02ac-606f-4853-80f7-f6eb1e5eb681","local_time":"20210215234136","is_ascension_mode":true,"campfire_choices":[{"data":"Streamline","floor":8,"key":"SMITH"},{"data":"Leap","floor":12,"key":"SMITH"},{"floor":15,"key":"REST"},{"floor":24,"key":"REST"}],"circlet_count":0,"master_deck":["AscendersBane","Strike_B","Strike_B","Strike_B","Defend_B","Defend_B","Defend_B+1","Defend_B","Zap","Dualcast+1","Streamline+1","Streamline+1","Turbo","BootSequence","Leap+1","Gash","Apotheosis","Hyperbeam","Steam","Gash","Bandage Up","Decay","BootSequence","Double Energy+1"],"relics":["Cracked Core","NeowsBlessing","Golden Idol","War Paint","Tiny Chest","Orichalcum","Happy Flower","Black Star"],"acts_visited":["Exordium","TheCity"],"potions_floor_usage":[6,6,16,18,23,25],"damage_taken":[{"damage":0,"enemies":"2 Louse","floor":1,"turns":1},{"damage":0,"enemies":"Cultist","floor":3,"turns":1},{"damage":0,"enemies":"Small Slimes","floor":5,"turns":1},{"damage":5,"enemies":"Lagavulin","floor":6,"turns":6},{"damage":28,"enemies":"Gremlin Nob","floor":10,"turns":5},{"damage":0,"enemies":"3 Louse","floor":11,"turns":3},{"damage":18,"enemies":"3 Sentries","floor":14,"turns":8},{"damage":24,"enemies":"Slime Boss","floor":16,"turns":10},{"damage":24,"enemies":"Spheric Guardian","floor":18,"turns":4},{"damage":3,"enemies":"2 Thieves","floor":21,"turns":3},{"damage":30,"enemies":"Snake Plant","floor":22,"turns":4},{"damage":0,"enemies":"Slavers","floor":23,"turns":1},{"damage":42,"enemies":"Gremlin Leader","floor":25,"turns":2}],"seed_played":"561606808042489922","potions_obtained":[{"floor":3,"key":"Block Potion"},{"floor":5,"key":"Weak Potion"},{"floor":10,"key":"Strength Potion"},{"floor":16,"key":"AttackPotion"},{"floor":18,"key":"SmokeBomb"},{"floor":21,"key":"AttackPotion"}],"is_trial":false,"path_per_floor":["M","?","M","?","M","E","?","R","T","E","M","R","$","E","R","B",null,"M","$","?","M","M","E","R","E"],"character_chosen":"DEFECT","items_purchased":["Apotheosis","Gash","Bandage Up"],"campfire_rested":2,"item_purchase_floors":[13,19,19],"current_hp_per_floor":[68,68,68,68,68,63,68,68,68,40,40,40,40,22,44,20,61,37,37,37,34,10,10,32,0,0],"gold":44,"neow_bonus":"THREE_ENEMY_KILL","is_daily":false,"chose_seed":false,"campfire_upgraded":2,"win_rate":0.0,"timestamp":1613450496,"path_taken":["M","?","?","?","M","E","?","R","T","E","?","R","$","E","R","BOSS","M","$","?","?","M","E","R","E"],"items_purchased_type":["Card","Card","Card"],"build_version":"2020-12-22","purchased_purges":2,"victory":false,"max_hp_per_floor":[75,75,75,69,69,69,74,74,74,74,74,74,74,74,74,74,74,74,74,74,74,74,74,74,74,74],"card_choices":[{"not_picked":["Chaos","Go for the Eyes"],"picked":"Streamline","floor":1},{"not_picked":["Sweeping Beam","Force Field"],"picked":"Streamline","floor":3},{"not_picked":["Force Field","Barrage"],"picked":"Turbo","floor":5},{"not_picked":["Turbo","Tempest"],"picked":"BootSequence","floor":6},{"not_picked":["Undo","Steam"],"picked":"Leap","floor":10},{"not_picked":["Turbo","Compile Driver"],"picked":"Gash","floor":11},{"not_picked":["Rip and Tear","Barrage"],"picked":"Storm","floor":14},{"not_picked":["Multi-Cast","Amplify"],"picked":"Hyperbeam","floor":16},{"not_picked":["Barrage+1","Glacier"],"picked":"Steam","floor":18},{"not_picked":["Force Field+1","Leap"],"picked":"BootSequence","floor":21},{"not_picked":["Rip and Tear","Go for the Eyes"],"picked":"Double Energy+1","floor":22}],"player_experience":428961,"relics_obtained":[{"floor":6,"key":"War Paint"},{"floor":9,"key":"Tiny Chest"},{"floor":10,"key":"Orichalcum"},{"floor":14,"key":"Happy Flower"}],"event_choices":[{"damage_healed":0,"gold_gain":0,"player_choice":"Forge","damage_taken":0,"max_hp_gain":0,"max_hp_loss":0,"event_name":"Accursed Blacksmith","floor":2,"gold_loss":0,"cards_upgraded":["Streamline"]},{"damage_healed":0,"gold_gain":0,"player_choice":"Lose Max HP","damage_taken":0,"relics_obtained":["Golden Idol"],"max_hp_gain":0,"max_hp_loss":6,"event_name":"Golden Idol","floor":4,"gold_loss":0},{"damage_healed":0,"gold_gain":0,"player_choice":"Donut","damage_taken":0,"max_hp_gain":5,"max_hp_loss":0,"event_name":"Big Fish","floor":7,"gold_loss":0},{"damage_healed":0,"gold_gain":0,"player_choice":"Cursed","damage_taken":0,"max_hp_gain":0,"max_hp_loss":0,"event_name":"Wheel of Change","floor":20,"gold_loss":0,"cards_obtained":["Decay"]}],"is_beta":false,"boss_relics":[{"not_picked":["Coffee Dripper","Empty Cage"],"picked":"Black Star"}],"items_purged_floors":[13,19],"is_endless":false,"potions_floor_spawned":[3,5,10,16,18,21],"killed_by":"Gremlin Leader","ascension_level":11}}