{"host":"64qzurqwi0x0qgxo","time":1613446404,"event":{"mods":["Act Like it!","BaseMod","Colored Map","Colored Powertips","Downfall","Googly Eyes","Keyboard Shortcuts","Minty Spire (QoL Compilation)","MostiFishMod","Rare Cards Sparkle","Relic Stats","Replay The Spire","StSLib","The Poker Player","noobMod"],"gold_per_floor":[99,99,99,99,99,110,110,144,44,77,93,368,384,45058,45068,45172,45172,44972,44992,45012,43891,43905,43905,43905,43990,43487,43487,43487,43487,43530,43547,43562,43660,43660,43660,43673,43687,43750,43750,43773,43773,43817,43837,44112,44112,21019,21019,21073,21073,21085,21085,21113,20829,20829,20889,20937],"floor_reached":57,"language":"ZHS","playtime":3180,"items_purged":["hexamod:Defend","hexamod:Defend","hexamod:Defend","Regret","Regret"],"score":1631,"play_id":"b048c9cc-026d-4e86-a0e2-4cfb717a4d2c","local_time":"20210216113324","is_ascension_mode":false,"campfire_choices":[{"floor":1,"key":"RECALL"},{"data":"hexamod:RadiantFlame","floor":9,"key":"SMITH"},{"data":"hexamod:SoulSteal","floor":18,"key":"SMITH"},{"data":"hexamod:RainOfEmbers","floor":29,"key":"SMITH"},{"data":"hexamod:GiftsFromTheDead","floor":35,"key":"SMITH"},{"data":"1","floor":54,"key":"LIFT"}],"circlet_count":6,"master_deck":["hexamod:Sear+1","hexamod:Float+1","hexamod:BacktrackSmack+1","hexamod:RadiantFlame+1","hexamod:BurningTouch+1","hexamod:FlamesFromBeyond+1","hexamod:PhantomFireball+1","hexamod:SoulSteal+1","hexamod:FlamesFromBeyond+1","hexamod:RainOfEmbers+1","hexamod:BurningTouch+1","hexamod:PowerFromBeyond+1","hexamod:GhostOfSpirePresent+1","hexamod:PhantomFireball+1","hexamod:FlamesFromBeyond+1","hexamod:BurningTouch+1","hexamod:PhantomFireball+1","Pot Of Greed+1","Pot Of Greed+1","Pot Of Greed+1","hexamod:SkipABeat+1","Slimebound:Tackle+1","Slimebound:Tackle+1","Slimebound:Tackle+1","hexamod:RecurringNightmare+1","hexamod:BurningTouch+1","hexamod:GiftsFromTheDead+1","hexamod:HauntingEcho+1","hexamod:GiftsFromTheDead+1","Pot Of Greed+1","hexamod:PowerFromBeyond+1","hexamod:RecurringNightmare+1","hexamod:FourthSeal","hexamod:SixthSeal","hexamod:Again+1","hexamod:SearingWound+1","hexamod:SoulSteal+1","hexamod:PowerFromBeyond+1","Pot Of Greed+1","hexamod:TimeWarp+1","hexamod:UnlimitedPower+1","hexamod:PowerFromBeyond+1","hexamod:PowerFromBeyond+1","hexamod:FlamesFromBeyond+1","hexamod:PhantomFireball+1","hexamod:PowerFromBeyond+1","hexamod:RecurringNightmare+1","hexamod:PowerFromBeyond+1","hexamod:TimeOfNeed+1"],"relics":["hexamod:SpiritBrand","ice","DaveBox","downfall:HeartsMalice","RhineCircuit","Orichalcum","downfall:HeartBlessingRed","ReplayTheSpireMod:Lightbulb","Toxic Egg 2","War Paint","PatriotShield","downfall:HeartBlessingGreen","downfall:HeartBlessingBlue","BirthdayGift-Icosahedron","Grinning Jar","Incense Burner","TheAbacus","Garlic","Juzu Bracelet","Snack Pack","FeatherPendant","Replay:Baseball","Replay:Mystery Machine","hexamod:TheBrokenSeal","The Courier","Whetstone","Golden Egg","ClockworkSouvenir","Centennial Puzzle","Oddly Smooth Stone","Replay:Wax Seal","Lantern","FossilizedHelix","Replay:Bandana","Pen Nib","Bag of Marbles","MealTicket","Darkstone Periapt","Regal Pillow","Divine Protection","Strawberry","Gremlin Food","DianPoetry","HornCleat","Replay:Arrowhead","Anchor","Bottled Flame","Mirror","Replay:Towering Pillar of Hats","Blood Vial","Potion Belt","Art of War","ReplayTheSpireMod:TigerMarble","PreservedInsect","hexamod:SoulConsumer","Replay:Bottled Snecko","SynthV:C4","ImprovedEquipment","Blue Doll","Happy Flower","Mango","Bag of Preparation","Sundial","Dead Branch","Replay:Bottled Steam","Iron Hammer","hexamod:InflammatoryLetter","Dream Catcher","Eternal Feather","Turnip","Bottled Tornado","DianDianMeat","Blue Candle","Question Card","Replay:Rubber Ducky","Nunchaku","hexamod:MatchstickCase","ReplayFunnel","Replay:Ringing Soul","Meat on the Bone","Letter Opener","InkBottle","Shuriken","Pantograph","Chameleon Ring","Ornamental Fan","Replay:Bottled Eggs","Singing Bowl","Kunai","Frozen Egg 2","Bottled Lightning","ReplayTheSpireMod:Ninjato","Gremlin Horn","Du-Vu Doll","Replay:Kaleidoscope","ReplayTheSpireMod:Shallot","Onion Ring","Calipers","Replay:PocketPolymizer","CombinedTypeHook","Mummified Hand","Quantum Egg","White Beast Statue","Replay:Accelerometer","HollowDreamFlower","Replay:WaspNest","Durian","Pear","Girya","ArrowTower","Unceasing Top","Prayer Wheel","SentryEyes","Ice Cream","OriginationStaff","DaCapo","Thread and Needle","Shovel","TungstenRod","BionicSphere","Replay:Multitool","Ginger","MostiFishMod:Haymaker","Pocketwatch","ThornShield","Bird Faced Urn","CaptainsWheel","StoneCalendar","Counterbalance","Gambling Chip","Torii","Circlet","Lizard Tail"],"acts_visited":["Exordium","TheCity","TheBeyond","TheEnding"],"potions_floor_usage":[],"damage_taken":[{"damage":0,"enemies":"Small Slimes","floor":2,"turns":1},{"damage":0,"enemies":"Cultist","floor":4,"turns":1},{"damage":0,"enemies":"2 Louse","floor":5,"turns":1},{"damage":0,"enemies":"Gremlin Gang","floor":6,"turns":5},{"damage":21,"enemies":"Lagavulin","floor":8,"turns":5},{"damage":23,"enemies":"3 Sentries","floor":10,"turns":6},{"damage":9,"enemies":"2 Fungi Beasts","floor":11,"turns":3},{"damage":9,"enemies":"Large Slime","floor":13,"turns":3},{"damage":7,"enemies":"downfall:FleeingMerchant","floor":14,"turns":4},{"damage":2,"enemies":"Exordium Wildlife","floor":15,"turns":3},{"damage":31,"enemies":"IC_STATUS_ARCHETYPE","floor":16,"turns":5},{"damage":2,"enemies":"Chosen","floor":19,"turns":3},{"damage":0,"enemies":"Spheric Guardian","floor":20,"turns":2},{"damage":2,"enemies":"downfall:FleeingMerchant","floor":21,"turns":4},{"damage":0,"enemies":"Snake Plant","floor":22,"turns":2},{"damage":3,"enemies":"downfall:FleeingMerchant","floor":26,"turns":2},{"damage":2,"enemies":"Book of Stabbing","floor":30,"turns":3},{"damage":1,"enemies":"3 Cultists","floor":31,"turns":2},{"damage":0,"enemies":"Shelled Parasite and Fungi","floor":32,"turns":2},{"damage":9,"enemies":"SI_MIRROR_ARCHETYPE","floor":33,"turns":3},{"damage":0,"enemies":"Orb Walker","floor":36,"turns":1},{"damage":9,"enemies":"3 Shapes","floor":37,"turns":5},{"damage":10,"enemies":"R_Hoarder","floor":42,"turns":6},{"damage":0,"enemies":"3 Darklings","floor":43,"turns":3},{"damage":0,"enemies":"2 Orb Walkers","floor":48,"turns":2},{"damage":0,"enemies":"Writhing Mass","floor":49,"turns":2},{"damage":0,"enemies":"WA_ARCHETYPE_DIVINITY","floor":50,"turns":1},{"damage":0,"enemies":"downfall:CharBossMerchant","floor":52,"turns":1},{"damage":0,"enemies":"downfall:NeowBoss","floor":55,"turns":3},{"damage":0,"enemies":"downfall:NeowBossFinal","floor":56,"turns":3}],"seed_played":"-3015967035994459686","potions_obtained":[{"floor":15,"key":"Block Potion"},{"floor":16,"key":"champ:CounterPotion"},{"floor":27,"key":"CultistPotion"}],"is_trial":false,"path_per_floor":["R","M","?","M","M","M","T","E","R","E","M","?","M","$","M","B",null,"R","M","M","$","M","?","T","?","$","?","?","R","E","M","M","B",null,"R","M","M","?","?","T","T","E","M","?","?","$","?","?","M","B",null,"E","$","R","B","B",null],"character_chosen":"THE_SPIRIT","items_purchased":["hexamod:FourthSeal","Toxic Egg 2","hexamod:BurningTouch+1","War Paint","BirthdayGift-Icosahedron","hexamod:BurningTouch+1","hexamod:PhantomFireball","Grinning Jar","TheAbacus","Garlic","Juzu Bracelet","hexamod:SecondSeal","hexamod:RecurringNightmare+1","Whetstone","Golden Egg","ClockworkSouvenir","Centennial Puzzle","Oddly Smooth Stone","Replay:Wax Seal","Lantern","FossilizedHelix","Replay:Bandana","Pen Nib","Bag of Marbles","MealTicket","Darkstone Periapt","Regal Pillow","Divine Protection","Strawberry","Gremlin Food","DianPoetry","HornCleat","Replay:Arrowhead","Anchor","Bottled Flame","Mirror","Replay:Towering Pillar of Hats","Blood Vial","Potion Belt","Art of War","ReplayTheSpireMod:TigerMarble","PreservedInsect","hexamod:SoulConsumer","Replay:Bottled Snecko","SynthV:C4","ImprovedEquipment","Blue Doll","Happy Flower","Mango","Bag of Preparation","Sundial","Dead Branch","Replay:Bottled Steam","Iron Hammer","hexamod:InflammatoryLetter","Dream Catcher","Eternal Feather","Turnip","Bottled Tornado","DianDianMeat","Blue Candle","Question Card","Replay:Rubber Ducky","Nunchaku","hexamod:MatchstickCase","ReplayFunnel","Replay:Ringing Soul","Meat on the Bone","Letter Opener","InkBottle","Shuriken","Pantograph","Chameleon Ring","Ornamental Fan","Replay:Bottled Eggs","Singing Bowl","Kunai","Frozen Egg 2","Bottled Lightning","ReplayTheSpireMod:Ninjato","Gremlin Horn","Du-Vu Doll","Replay:Kaleidoscope","ReplayTheSpireMod:Shallot","Onion Ring","Calipers","Replay:PocketPolymizer","CombinedTypeHook","Mummified Hand","Quantum Egg","White Beast Statue","Replay:Accelerometer","HollowDreamFlower","Replay:WaspNest","Durian","Pear","Girya","ArrowTower","Unceasing Top","Prayer Wheel","SentryEyes","Ice Cream","OriginationStaff","DaCapo","Thread and Needle","Shovel","TungstenRod","BionicSphere","Replay:Multitool","Ginger","MostiFishMod:Haymaker","Pocketwatch","ThornShield","Bird Faced Urn","CaptainsWheel","StoneCalendar","Counterbalance","Gambling Chip","Torii","Circlet","Circlet","Circlet","Lizard Tail","Circlet","Circlet","Circlet","hexamod:UnlimitedPower+1","hexamod:PowerFromBeyond+1","hexamod:PowerFromBeyond+1","hexamod:FlamesFromBeyond+1","hexamod:PhantomFireball","hexamod:PowerFromBeyond+1","hexamod:TimeOfNeed+1"],"campfire_rested":0,"item_purchase_floors":[14,14,14,14,21,21,21,21,26,26,26,26,26,46,46,46,46,46,46,46,46,46,46,46,46,46,46,46,46,46,46,46,46,46,46,46,46,46,46,46,46,46,46,46,46,46,46,46,46,46,46,46,46,46,46,46,46,46,46,46,46,46,46,46,46,46,46,46,46,46,46,46,46,46,46,46,46,46,46,46,46,46,46,46,46,46,46,46,46,46,46,46,46,46,46,46,46,46,46,46,46,46,46,46,46,46,46,46,46,46,46,46,46,46,46,46,46,46,46,46,46,46,46,46,46,46,46,46,46,46,46,53,53],"current_hp_per_floor":[70,70,70,70,70,70,70,49,49,26,17,17,8,70,68,44,76,86,84,84,82,83,83,83,69,67,67,67,67,66,68,69,65,105,105,105,97,97,97,97,97,124,125,125,125,179,179,192,206,208,208,210,230,230,230,231],"gold":20937,"neow_bonus":"THREE_ENEMY_KILL","is_daily":false,"chose_seed":false,"campfire_upgraded":4,"win_rate":0.0,"timestamp":1613446404,"path_taken":["R","M","?","?","M","M","T","E","R","E","M","?","M","$","M","BOSS","R","M","?","$","M","?","T","?","$","?","?","R","E","M","M","BOSS","R","M","M","?","?","?","T","E","M","?","?","?","?","?","M","BOSS","E","$","R","BOSS","BOSS"],"items_purchased_type":["Card","Relic","Card","Relic","Relic","Card","Card","Relic","Relic","Relic","Relic","Card","Card","Relic","Relic","Relic","Relic","Relic","Relic","Relic","Relic","Relic","Relic","Relic","Relic","Relic","Relic","Relic","Relic","Relic","Relic","Relic","Relic","Relic","Relic","Relic","Relic","Relic","Relic","Relic","Relic","Relic","Relic","Relic","Relic","Relic","Relic","Relic","Relic","Relic","Relic","Relic","Relic","Relic","Relic","Relic","Relic","Relic","Relic","Relic","Relic","Relic","Relic","Relic","Relic","Relic","Relic","Relic","Relic","Relic","Relic","Relic","Relic","Relic","Relic","Relic","Relic","Relic","Relic","Relic","Relic","Relic","Relic","Relic","Relic","Relic","Relic","Relic","Relic","Relic","Relic","Relic","Relic","Relic","Relic","Relic","Relic","Relic","Relic","Relic","Relic","Relic","Relic","Relic","Relic","Relic","Relic","Relic","Relic","Relic","Relic","Relic","Relic","Relic","Relic","Relic","Relic","Relic","Relic","Undefined","Undefined","Undefined","Relic","Undefined","Undefined","Undefined","Card","Card","Card","Card","Card","Card","Card"],"build_version":"2020-12-22","purchased_purges":5,"victory":true,"max_hp_per_floor":[70,70,70,70,70,70,70,70,70,70,70,70,70,70,72,76,76,86,88,88,93,96,96,96,96,96,96,96,96,99,99,102,105,105,105,105,109,109,109,109,109,124,128,128,128,182,182,193,208,208,208,210,230,230,230,233],"relic_stats":{"Darkstone Periapt":0,"Regal Pillow":0,"Singing Bowl":4,"Gremlin Horn":[1,3],"Torii":0,"StoneCalendar":[0],"Juzu Bracelet":4,"Bag of Preparation":[12],"Whetstone":["hexamod:TimeWarp","hexamod:BacktrackSmack"],"Ginger":[3],"Blood Vial":0,"Centennial Puzzle":[0],"Dream Catcher":0,"Nunchaku":[2],"Lizard Tail":0,"TheAbacus":[12],"Shovel":0,"Sundial":[0],"Mummified Hand":[20],"Pantograph":0,"Gambling Chip":[0],"MealTicket":0,"Prayer Wheel":1,"Kunai":[8],"InkBottle":[4],"Happy Flower":[4],"counters":[30,81],"Dead Branch":[18],"Blue Candle":[0],"Eternal Feather":0,"Pen Nib":[2],"PreservedInsect":75,"Letter Opener":[28],"Orichalcum":[150],"War Paint":["hexamod:Sear","hexamod:FlamesFromBeyond"],"Question Card":4,"Shuriken":[8],"Ornamental Fan":[32],"Bird Faced Urn":[0],"Turnip":[3],"Art of War":[2],"obtain_stats":[{"Golden Egg":46,"Replay:Accelerometer":46,"downfall:HeartBlessingGreen":18,"Whetstone":46,"Ginger":46,"Bottled Tornado":46,"Boot":38,"Blood Vial":46,"Replay:Ringing Soul":46,"Sundial":46,"MealTicket":46,"Kunai":46,"Replay:Wax Seal":46,"Replay:Bottled Steam":46,"DianDianMeat":46,"Pear":46,"Blue Candle":46,"Counterbalance":46,"Eternal Feather":46,"Pen Nib":46,"BionicSphere":46,"Bird Faced Urn":46,"SentryEyes":46,"hexamod:SoulConsumer":46,"Unceasing Top":46,"Lantern":46,"Regal Pillow":46,"DaveBox":0,"Singing Bowl":46,"Torii":46,"DianPoetry":46,"Blue Doll":46,"StoneCalendar":46,"Bag of Preparation":46,"Replay:Multitool":46,"SynthV:C4":46,"Replay:Rubber Ducky":46,"Shovel":46,"Replay:Bottled Eggs":46,"InkBottle":46,"HollowDreamFlower":46,"Potion Belt":46,"downfall:HeartBlessingRed":9,"ImprovedEquipment":46,"Circlet":46,"Thread and Needle":46,"The Courier":42,"PreservedInsect":46,"hexamod:InflammatoryLetter":46,"Frozen Egg 2":46,"ThornShield":46,"Replay:Arrowhead":46,"FeatherPendant":34,"Ornamental Fan":46,"Turnip":46,"Garlic":26,"Art of War":46,"Durian":46,"Bottled Lightning":46,"ReplayTheSpireMod:Lightbulb":10,"Ice Cream":46,"Divine Protection":46,"CombinedTypeHook":46,"PatriotShield":17,"Calipers":46,"Gremlin Horn":46,"ice":0,"BirthdayGift-Icosahedron":21,"Centennial Puzzle":46,"Lizard Tail":46,"HornCleat":46,"Strawberry":46,"Prayer Wheel":46,"Iron Hammer":46,"DaCapo":46,"Toxic Egg 2":14,"hexamod:SpiritBrand":0,"Girya":46,"Happy Flower":46,"Dead Branch":46,"hexamod:TheBrokenSeal":42,"Oddly Smooth Stone":46,"downfall:HeartsMalice":0,"Letter Opener":46,"Replay:Kaleidoscope":46,"War Paint":14,"Question Card":46,"RhineCircuit":1,"hexamod:MatchstickCase":46,"Du-Vu Doll":46,"Replay:Baseball":40,"Bottled Flame":46,"ReplayTheSpireMod:Shallot":46,"Shuriken":46,"Onion Ring":46,"ReplayTheSpireMod:TigerMarble":46,"OriginationStaff":46,"Grinning Jar":21,"Mirror":46,"ArrowTower":46,"Meat on the Bone":46,"Pocketwatch":46,"Darkstone Periapt":46,"ReplayFunnel":46,"Replay:PocketPolymizer":46,"MostiFishMod:Haymaker":46,"Mango":46,"Incense Burner":24,"Juzu Bracelet":26,"Replay:Mystery Machine":41,"ClockworkSouvenir":46,"Replay:Bandana":46,"Dream Catcher":46,"Nunchaku":46,"TheAbacus":26,"Chameleon Ring":46,"downfall:HeartBlessingBlue":18,"Mummified Hand":46,"Pantograph":46,"Gambling Chip":46,"Replay:Bottled Snecko":46,"Gremlin Food":46,"ReplayTheSpireMod:Ninjato":46,"Replay:Towering Pillar of Hats":46,"Quantum Egg":46,"Replay:WaspNest":46,"Orichalcum":8,"White Beast Statue":46,"Anchor":46,"CaptainsWheel":46,"Snack Pack":30,"Bag of Marbles":46,"FossilizedHelix":46,"TungstenRod":46},{"Golden Egg":24,"Replay:Accelerometer":24,"downfall:HeartBlessingGreen":11,"Whetstone":24,"Ginger":24,"Bottled Tornado":24,"Boot":22,"Blood Vial":24,"Replay:Ringing Soul":24,"Sundial":24,"MealTicket":24,"Kunai":24,"Replay:Wax Seal":24,"Replay:Bottled Steam":24,"DianDianMeat":24,"Pear":24,"Blue Candle":24,"Counterbalance":24,"Eternal Feather":24,"Pen Nib":24,"BionicSphere":24,"Bird Faced Urn":24,"SentryEyes":24,"hexamod:SoulConsumer":24,"Unceasing Top":24,"Lantern":24,"Regal Pillow":24,"DaveBox":0,"Singing Bowl":24,"Torii":24,"DianPoetry":24,"Blue Doll":24,"StoneCalendar":24,"Bag of Preparation":24,"Replay:Multitool":24,"SynthV:C4":24,"Replay:Rubber Ducky":24,"Shovel":24,"Replay:Bottled Eggs":24,"InkBottle":24,"HollowDreamFlower":24,"Potion Belt":24,"downfall:HeartBlessingRed":5,"ImprovedEquipment":24,"Circlet":24,"Thread and Needle":24,"The Courier":23,"PreservedInsect":24,"hexamod:InflammatoryLetter":24,"Frozen Egg 2":24,"ThornShield":24,"Replay:Arrowhead":24,"FeatherPendant":20,"Ornamental Fan":24,"Turnip":24,"Garlic":16,"Art of War":24,"Durian":24,"Bottled Lightning":24,"ReplayTheSpireMod:Lightbulb":6,"Ice Cream":24,"Divine Protection":24,"CombinedTypeHook":24,"PatriotShield":11,"Calipers":24,"Gremlin Horn":24,"ice":0,"BirthdayGift-Icosahedron":14,"Centennial Puzzle":24,"Lizard Tail":24,"HornCleat":24,"Strawberry":24,"Prayer Wheel":24,"Iron Hammer":24,"DaCapo":24,"Toxic Egg 2":9,"hexamod:SpiritBrand":0,"Girya":24,"Happy Flower":24,"Dead Branch":24,"hexamod:TheBrokenSeal":23,"Oddly Smooth Stone":24,"downfall:HeartsMalice":0,"Letter Opener":24,"Replay:Kaleidoscope":24,"War Paint":9,"Question Card":24,"RhineCircuit":0,"hexamod:MatchstickCase":24,"Du-Vu Doll":24,"Replay:Baseball":22,"Bottled Flame":24,"ReplayTheSpireMod:Shallot":24,"Shuriken":24,"Onion Ring":24,"ReplayTheSpireMod:TigerMarble":24,"OriginationStaff":24,"Grinning Jar":14,"Mirror":24,"ArrowTower":24,"Meat on the Bone":24,"Pocketwatch":24,"Darkstone Periapt":24,"ReplayFunnel":24,"Replay:PocketPolymizer":24,"MostiFishMod:Haymaker":24,"Mango":24,"Incense Burner":15,"Juzu Bracelet":16,"Replay:Mystery Machine":22,"ClockworkSouvenir":24,"Replay:Bandana":24,"Dream Catcher":24,"Nunchaku":24,"TheAbacus":16,"Chameleon Ring":24,"downfall:HeartBlessingBlue":11,"Mummified Hand":24,"Pantograph":24,"Gambling Chip":24,"Replay:Bottled Snecko":24,"Gremlin Food":24,"ReplayTheSpireMod:Ninjato":24,"Replay:Towering Pillar of Hats":24,"Quantum Egg":24,"Replay:WaspNest":24,"Orichalcum":5,"White Beast Statue":24,"Anchor":24,"CaptainsWheel":24,"Snack Pack":17,"Bag of Marbles":24,"FossilizedHelix":24,"TungstenRod":24},{"Golden Egg":72,"Replay:Accelerometer":72,"downfall:HeartBlessingGreen":34,"Whetstone":72,"Ginger":72,"Bottled Tornado":72,"Boot":63,"Blood Vial":72,"Replay:Ringing Soul":72,"Sundial":72,"MealTicket":72,"Kunai":72,"Replay:Wax Seal":72,"Replay:Bottled Steam":72,"DianDianMeat":72,"Pear":72,"Blue Candle":72,"Counterbalance":72,"Eternal Feather":72,"Pen Nib":72,"BionicSphere":72,"Bird Faced Urn":72,"SentryEyes":72,"hexamod:SoulConsumer":72,"Unceasing Top":72,"Lantern":72,"Regal Pillow":72,"DaveBox":0,"Singing Bowl":72,"Torii":72,"DianPoetry":72,"Blue Doll":72,"StoneCalendar":72,"Bag of Preparation":72,"Replay:Multitool":72,"SynthV:C4":72,"Replay:Rubber Ducky":72,"Shovel":72,"Replay:Bottled Eggs":72,"InkBottle":72,"HollowDreamFlower":72,"Potion Belt":72,"downfall:HeartBlessingRed":10,"ImprovedEquipment":72,"Circlet":72,"Thread and Needle":72,"The Courier":69,"PreservedInsect":72,"hexamod:InflammatoryLetter":72,"Frozen Egg 2":72,"ThornShield":72,"Replay:Arrowhead":72,"FeatherPendant":57,"Ornamental Fan":72,"Turnip":72,"Garlic":47,"Art of War":72,"Durian":72,"Bottled Lightning":72,"ReplayTheSpireMod:Lightbulb":16,"Ice Cream":72,"Divine Protection":72,"CombinedTypeHook":72,"PatriotShield":34,"Calipers":72,"Gremlin Horn":72,"ice":0,"BirthdayGift-Icosahedron":43,"Centennial Puzzle":72,"Lizard Tail":72,"HornCleat":72,"Strawberry":72,"Prayer Wheel":72,"Iron Hammer":72,"DaCapo":72,"Toxic Egg 2":26,"hexamod:SpiritBrand":0,"Girya":72,"Happy Flower":72,"Dead Branch":72,"hexamod:TheBrokenSeal":68,"Oddly Smooth Stone":72,"downfall:HeartsMalice":0,"Letter Opener":72,"Replay:Kaleidoscope":72,"War Paint":26,"Question Card":72,"RhineCircuit":0,"hexamod:MatchstickCase":72,"Du-Vu Doll":72,"Replay:Baseball":63,"Bottled Flame":72,"ReplayTheSpireMod:Shallot":72,"Shuriken":72,"Onion Ring":72,"ReplayTheSpireMod:TigerMarble":72,"OriginationStaff":72,"Grinning Jar":43,"Mirror":72,"ArrowTower":72,"Meat on the Bone":72,"Pocketwatch":72,"Darkstone Periapt":72,"ReplayFunnel":72,"Replay:PocketPolymizer":72,"MostiFishMod:Haymaker":72,"Mango":72,"Incense Burner":45,"Juzu Bracelet":47,"Replay:Mystery Machine":63,"ClockworkSouvenir":72,"Replay:Bandana":72,"Dream Catcher":72,"Nunchaku":72,"TheAbacus":47,"Chameleon Ring":72,"downfall:HeartBlessingBlue":34,"Mummified Hand":72,"Pantograph":72,"Gambling Chip":72,"Replay:Bottled Snecko":72,"Gremlin Food":72,"ReplayTheSpireMod:Ninjato":72,"Replay:Towering Pillar of Hats":72,"Quantum Egg":72,"Replay:WaspNest":72,"Orichalcum":10,"White Beast Statue":72,"Anchor":72,"CaptainsWheel":72,"Snack Pack":50,"Bag of Marbles":72,"FossilizedHelix":72,"TungstenRod":72}],"Unceasing Top":[0],"TungstenRod":0,"Meat on the Bone":0,"Pocketwatch":[0]},"card_choices":[{"not_picked":["hexamod:SwordOfDarkness","hexamod:HeatShield"],"picked":"hexamod:BacktrackSmack","floor":2},{"not_picked":["hexamod:Firestarter","hexamod:NightmareGuise"],"picked":"hexamod:RadiantFlame","floor":4},{"not_picked":["hexamod:PhantomCloak","hexamod:GhostOfSpireFuture"],"picked":"hexamod:BurningTouch","floor":5},{"not_picked":["hexamod:BurningTouch","hexamod:GhostflameBarrier"],"picked":"hexamod:FlamesFromBeyond","floor":6},{"not_picked":["hexamod:FlamesFromBeyond","hexamod:GhostShield"],"picked":"hexamod:PhantomFireball","floor":8},{"not_picked":["hexamod:RainOfEmbers","hexamod:SwordOfDarkness"],"picked":"hexamod:SoulSteal","floor":10},{"not_picked":["hexamod:UnleashSpirits","hexamod:ShieldOfDarkness"],"picked":"hexamod:FlamesFromBeyond","floor":11},{"not_picked":["hexamod:GhostLash","hexamod:BacktrackSmack"],"picked":"hexamod:RainOfEmbers","floor":13},{"not_picked":["hexamod:GhostShield","hexamod:SwordOfDarkness"],"picked":"hexamod:FirstSeal","floor":14},{"not_picked":["hexamod:HauntingEcho","hexamod:Firestarter"],"picked":"hexamod:PowerFromBeyond+1","floor":15},{"not_picked":["hexamod:HexaLevel","hexamod:TurnItUp+1"],"picked":"hexamod:GhostOfSpirePresent","floor":16},{"not_picked":["hexamod:BacktrackSmack","hexamod:InspiringFlames+1","hexamod:HauntingEcho"],"picked":"SKIP","floor":19},{"not_picked":["hexamod:Haunt+1","hexamod:FastForward+1"],"picked":"hexamod:PhantomFireball+1","floor":20},{"not_picked":["hexamod:HexaLevel","hexamod:BurningTouch+1"],"picked":"hexamod:FlamesFromBeyond+1","floor":21},{"not_picked":["hexamod:GhostOfSpireFuture","hexamod:InspiringFlames+1"],"picked":"hexamod:SkipABeat+1","floor":22},{"not_picked":["hexamod:InspiringFlames+1","hexamod:EmpoweredFlame+1","hexamod:HeatShield+1"],"picked":"SKIP","floor":26},{"not_picked":["hexamod:Haunt+1","hexamod:FastForward+1"],"picked":"hexamod:GiftsFromTheDead","floor":30},{"not_picked":["hexamod:SpectersWail","hexamod:Firestarter"],"picked":"hexamod:HauntingEcho+1","floor":31},{"not_picked":["hexamod:BurningTouch+1","hexamod:BacktrackSmack"],"picked":"hexamod:GiftsFromTheDead","floor":32},{"not_picked":["hexamod:UnleashSpirits","hexamod:SearingWound+1"],"picked":"hexamod:FifthSeal","floor":33},{"not_picked":["hexamod:BacktrackSmack+1","hexamod:ThermalTransfer","hexamod:SecondSeal"],"picked":"SKIP","floor":36},{"not_picked":["hexamod:SecondSeal","hexamod:FourthSeal"],"picked":"hexamod:ThirdSeal","floor":37},{"not_picked":["hexamod:SecondSeal","hexamod:FirstSeal"],"picked":"hexamod:SixthSeal","floor":37},{"not_picked":["hexamod:BurningTouch+1","hexamod:NecessarySacrifice+1","hexamod:GhostOfSpirePast+1"],"picked":"SKIP","floor":37},{"not_picked":["hexamod:GhostflameInferno+1","hexamod:GhostflameBarrier+1"],"picked":"hexamod:PowerFromBeyond+1","floor":38},{"not_picked":["hexamod:SwordOfDarkness","hexamod:HauntingEcho+1"],"picked":"hexamod:RecurringNightmare+1","floor":38},{"not_picked":["hexamod:SecondSeal","hexamod:FourthSeal"],"picked":"hexamod:SixthSeal","floor":42},{"not_picked":["hexamod:FirstSeal","hexamod:BacktrackSmack"],"picked":"hexamod:Again+1","floor":42},{"not_picked":["hexamod:FirstSeal","hexamod:HeatMetal+1"],"picked":"hexamod:SearingWound+1","floor":42},{"not_picked":["hexamod:PhantomFireball","hexamod:ThirdSeal"],"picked":"hexamod:SoulSteal+1","floor":42},{"not_picked":["hexamod:Again+1","hexamod:NightmareStrike+1"],"picked":"hexamod:PowerFromBeyond+1","floor":43},{"not_picked":["hexamod:FlamesFromBeyond+1","hexamod:BacktrackSmack+1","hexamod:GhostLash"],"picked":"hexamod:PowerFromBeyond+1","floor":48},{"not_picked":["hexamod:GhostShield+1","hexamod:BacktrackSmack+1","hexamod:GhostLash+1","hexamod:InspiringFlames+1"],"picked":"Singing Bowl","floor":49},{"not_picked":["hexamod:EmpoweredFlame+1","hexamod:BacktrackSmack+1","hexamod:GhostLash"],"picked":"hexamod:RecurringNightmare+1","floor":49},{"not_picked":["hexamod:HeatCrush","hexamod:RecurringNightmare+1","hexamod:PhantomCloak+1","hexamod:PhantomFireball+1"],"picked":"Singing Bowl","floor":52}],"player_experience":133850,"relics_obtained":[{"floor":8,"key":"Orichalcum"},{"floor":10,"key":"ReplayTheSpireMod:Lightbulb"},{"floor":24,"key":"Incense Burner"},{"floor":30,"key":"Snack Pack"},{"floor":38,"key":"Boot"},{"floor":40,"key":"Replay:Baseball"},{"floor":41,"key":"Replay:Mystery Machine"},{"floor":42,"key":"The Courier"}],"event_choices":[{"damage_healed":0,"gold_gain":0,"player_choice":"Forge","damage_taken":0,"max_hp_gain":0,"max_hp_loss":0,"event_name":"Accursed Blacksmith","floor":3,"gold_loss":0,"cards_upgraded":["hexamod:Float"]},{"damage_healed":0,"gold_gain":0,"player_choice":"Got Potions","damage_taken":0,"max_hp_gain":0,"max_hp_loss":0,"event_name":"Lab","floor":47,"gold_loss":0},{"damage_healed":0,"gold_gain":0,"player_choice":"Fight","damage_taken":0,"max_hp_gain":0,"max_hp_loss":0,"event_name":"Mysterious Sphere","floor":48,"gold_loss":0}],"is_beta":false,"boss_relics":[{"not_picked":["RhineFirstAidKit","Runic Dome"],"picked":"PatriotShield"},{"not_picked":["ExusiaiGun","EE1DDrone"],"picked":"FeatherPendant"}],"items_purged_floors":[14,21,26,46,53],"is_endless":false,"potions_floor_spawned":[8,13,15,16,19,20,31,32,33,36,37,48,49,52],"ascension_level":0}}