{"host":"3uwhcpalb3g7ihhc","time":1613445618,"event":{"mods":["AchievementEnabler","BaseMod","BetterRewards","Card Forge","Grow up Mod","Minty Spire (QoL Compilation)","StSLib"],"gold_per_floor":[114,114,114,125,137,171,183,183,251,278,297,153,153,153,153,255,255,267,321,340,439,456,485,485,511,511,511,526,377,394,394,394,497,497,507,507,557,557,610,629,656,656,683,693,693,728,728,755,755,755,755,755,357,388,388],"floor_reached":56,"language":"ENG","playtime":4917,"items_purged":[],"score":1904,"play_id":"a0080832-dfe1-4aa1-a1c1-7270221824df","local_time":"20210216162018","is_ascension_mode":true,"campfire_choices":[{"floor":8,"key":"RECALL"},{"floor":15,"key":"REST"},{"floor":32,"key":"REST"},{"floor":49,"key":"REST"},{"floor":52,"key":"REST"}],"circlet_count":0,"master_deck":["Body Slam+1","Entrench+1","Escape Plan+1","Escape Plan+1","Barricade+1"],"relics":["Ring of the Snake","Hammer of Thor","Seething Fire","Anvil of the Gods","Ginger","Tiny Chest","Orichalcum","Juzu Bracelet","MealTicket","FaceOfCleric","Turnip","InkBottle","Nloth\u0027s Gift","Lee\u0027s Waffle","Bag of Marbles","Dead Branch","Art of War","Bird Faced Urn","Ancient Tea Set","Gremlin Horn","Smiling Mask","Kunai","Cauldron","Strawberry"],"acts_visited":["Exordium","TheCity","TheBeyond","TheEnding"],"potions_floor_usage":[50,50,50,53,53],"damage_taken":[{"damage":0,"enemies":"2 Louse","floor":1,"turns":3},{"damage":0,"enemies":"Small Slimes","floor":4,"turns":3},{"damage":0,"enemies":"Cultist","floor":5,"turns":3},{"damage":0,"enemies":"3 Sentries","floor":6,"turns":6},{"damage":0,"enemies":"Exordium Thugs","floor":7,"turns":3},{"damage":0,"enemies":"Gremlin Nob","floor":10,"turns":4},{"damage":0,"enemies":"Looter","floor":11,"turns":3},{"damage":0,"enemies":"Hexaghost","floor":16,"turns":2},{"damage":0,"enemies":"Chosen","floor":18,"turns":1},{"damage":0,"enemies":"2 Thieves","floor":20,"turns":1},{"damage":0,"enemies":"Snake Plant","floor":22,"turns":1},{"damage":0,"enemies":"Book of Stabbing","floor":23,"turns":1},{"damage":0,"enemies":"Gremlin Leader","floor":25,"turns":1},{"damage":0,"enemies":"Centurion and Healer","floor":28,"turns":1},{"damage":0,"enemies":"3 Cultists","floor":30,"turns":1},{"damage":0,"enemies":"Collector","floor":33,"turns":1},{"damage":0,"enemies":"Orb Walker","floor":35,"turns":1},{"damage":0,"enemies":"Mind Bloom Boss Battle","floor":37,"turns":1},{"damage":0,"enemies":"3 Darklings","floor":40,"turns":1},{"damage":0,"enemies":"Nemesis","floor":41,"turns":1},{"damage":0,"enemies":"Spire Growth","floor":44,"turns":1},{"damage":0,"enemies":"Reptomancer","floor":46,"turns":1},{"damage":0,"enemies":"Time Eater","floor":50,"turns":3},{"damage":0,"enemies":"Shield and Spear","floor":54,"turns":1},{"damage":2,"enemies":"The Heart","floor":55,"turns":4}],"seed_played":"5311763961578924878","potions_obtained":[{"floor":1,"key":"SkillPotion"},{"floor":5,"key":"SkillPotion"},{"floor":11,"key":"ColorlessPotion"},{"floor":25,"key":"SpeedPotion"},{"floor":41,"key":"SpeedPotion"},{"floor":46,"key":"Explosive Potion"},{"floor":53,"key":"Fruit Juice"},{"floor":53,"key":"FairyPotion"},{"floor":53,"key":"SpeedPotion"},{"floor":53,"key":"Fruit Juice"},{"floor":53,"key":"LiquidMemories"},{"floor":54,"key":"Strength Potion"}],"is_trial":false,"path_per_floor":["M","?","?","M","M","E","M","R","T","E","M","$","?","?","R","B",null,"M","T","M","?","M","E","?","E","T","?","M","$","M","T","R","B",null,"M","?","?","?","T","M","E","?","T","M","?","E","?","T","R","B",null,"R","$","E","B",null],"character_chosen":"THE_SILENT","items_purchased":["Juzu Bracelet","Lee\u0027s Waffle","Kunai","Cauldron"],"campfire_rested":4,"item_purchase_floors":[12,29,53,53],"current_hp_per_floor":[97,112,122,132,142,152,162,172,182,192,202,212,219,229,239,249,259,269,279,289,299,309,319,329,340,350,360,371,388,399,409,419,430,440,451,461,472,482,492,503,514,524,534,545,555,566,576,586,596,607,617,627,647,665,674],"gold":388,"neow_bonus":"TEN_PERCENT_HP_BONUS","is_daily":false,"chose_seed":false,"campfire_upgraded":0,"win_rate":0.0,"timestamp":1613445618,"path_taken":["M","?","?","?","M","E","M","R","T","E","M","?","?","?","R","BOSS","M","?","M","?","M","E","?","E","T","?","M","$","M","?","R","BOSS","M","?","?","?","?","M","E","?","T","M","?","E","?","?","R","BOSS","R","$","E","BOSS"],"items_purchased_type":["Relic","Relic","Relic","Relic"],"build_version":"2020-12-22","purchased_purges":0,"victory":true,"max_hp_per_floor":[97,112,122,132,142,152,162,172,182,192,202,212,219,229,239,249,259,269,279,289,299,309,319,329,340,350,360,371,388,399,409,419,430,440,451,461,472,482,492,503,514,524,534,545,555,566,576,586,596,607,617,627,647,665,676],"card_choices":[{"not_picked":["Backstab","Cloak And Dagger","PiercingWail"],"picked":"SKIP","floor":1},{"not_picked":["Prepared","Dagger Spray","All Out Attack"],"picked":"SKIP","floor":4},{"not_picked":["Underhanded Strike","Footwork","Bane"],"picked":"SKIP","floor":5},{"not_picked":["All Out Attack","Dagger Throw","Dash"],"picked":"SKIP","floor":6},{"not_picked":["Flechettes","Noxious Fumes","Heel Hook"],"picked":"SKIP","floor":7},{"not_picked":["Backstab","Slice","Backflip"],"picked":"SKIP","floor":10},{"not_picked":["Acrobatics","Outmaneuver","Backflip"],"picked":"SKIP","floor":11},{"not_picked":["Deflect+1","Dagger Spray","Outmaneuver"],"picked":"SKIP","floor":18},{"not_picked":["Sucker Punch","Dodge and Roll","Poisoned Stab"],"picked":"SKIP","floor":20},{"not_picked":["Reflex","Bane","Crippling Poison"],"picked":"SKIP","floor":22},{"not_picked":["Finisher+1","Quick Slash","Burst"],"picked":"SKIP","floor":23},{"not_picked":["Deflect","Backflip+1","Bane"],"picked":"SKIP","floor":25},{"not_picked":["Doppelganger","Dash+1","Crippling Poison+1"],"picked":"SKIP","floor":28},{"not_picked":["Skewer+1","Predator","Prepared"],"picked":"SKIP","floor":30},{"not_picked":["Deflect+1","Masterful Stab+1","Crippling Poison+1"],"picked":"SKIP","floor":35},{"not_picked":["Bullet Time","Deflect+1","PiercingWail"],"picked":"SKIP","floor":40},{"not_picked":["Flying Knee","Choke","Well Laid Plans+1"],"picked":"SKIP","floor":41},{"not_picked":["Glass Knife","Well Laid Plans+1","Poisoned Stab+1"],"picked":"SKIP","floor":44},{"not_picked":["Deflect+1","Wraith Form v2","Grand Finale"],"picked":"SKIP","floor":46},{"not_picked":["Well Laid Plans+1","Heel Hook","After Image"],"picked":"SKIP","floor":54}],"player_experience":327839,"relics_obtained":[{"floor":6,"key":"Tiny Chest"},{"floor":10,"key":"Orichalcum"},{"floor":19,"key":"Happy Flower"},{"floor":23,"key":"MealTicket"},{"floor":25,"key":"Turnip"},{"floor":26,"key":"InkBottle"},{"floor":31,"key":"Bag of Marbles"},{"floor":37,"key":"Dead Branch"},{"floor":39,"key":"Art of War"},{"floor":41,"key":"Bird Faced Urn"},{"floor":43,"key":"Ancient Tea Set"},{"floor":46,"key":"Gremlin Horn"},{"floor":48,"key":"Smiling Mask"},{"floor":54,"key":"Strawberry"}],"event_choices":[{"damage_healed":0,"gold_gain":0,"player_choice":"Donut","damage_taken":0,"max_hp_gain":5,"max_hp_loss":0,"event_name":"Big Fish","floor":2,"gold_loss":0},{"cards_removed":["Escape Plan"],"damage_healed":0,"gold_gain":0,"player_choice":"Gave Card","damage_taken":0,"relics_obtained":["Ginger"],"max_hp_gain":0,"max_hp_loss":0,"event_name":"WeMeetAgain","floor":3,"gold_loss":0},{"damage_healed":53,"gold_gain":0,"player_choice":"Healed and dodged fight","damage_taken":0,"max_hp_gain":0,"max_hp_loss":0,"event_name":"Mushrooms","floor":13,"gold_loss":0,"cards_obtained":["Parasite"]},{"damage_healed":0,"gold_gain":0,"player_choice":"Ignored","damage_taken":0,"max_hp_gain":0,"max_hp_loss":0,"event_name":"Golden Wing","floor":14,"gold_loss":0},{"damage_healed":0,"gold_gain":99,"player_choice":"Stole From Cult","damage_taken":0,"max_hp_gain":0,"max_hp_loss":0,"event_name":"Nest","floor":21,"gold_loss":0},{"damage_healed":0,"gold_gain":0,"player_choice":"Trade","damage_taken":0,"relics_obtained":["FaceOfCleric"],"max_hp_gain":0,"max_hp_loss":0,"event_name":"FaceTrader","floor":24,"gold_loss":0},{"damage_healed":0,"gold_gain":0,"player_choice":"Traded Relic","damage_taken":0,"relics_obtained":["Nloth\u0027s Gift"],"max_hp_gain":0,"max_hp_loss":0,"event_name":"N\u0027loth","floor":27,"relics_lost":["Happy Flower"],"gold_loss":0},{"damage_healed":113,"gold_gain":0,"player_choice":"Writhe","damage_taken":0,"max_hp_gain":0,"max_hp_loss":0,"event_name":"Winding Halls","floor":36,"gold_loss":0,"cards_obtained":["Writhe"]},{"damage_healed":0,"gold_gain":0,"player_choice":"Fight","damage_taken":0,"max_hp_gain":0,"max_hp_loss":0,"event_name":"MindBloom","floor":37,"gold_loss":0},{"damage_healed":0,"gold_gain":0,"player_choice":"Ignored","damage_taken":0,"max_hp_gain":0,"max_hp_loss":0,"event_name":"Upgrade Shrine","floor":38,"gold_loss":0},{"cards_removed":["Escape Plan"],"damage_healed":0,"gold_gain":0,"player_choice":"Removed Skill","damage_taken":0,"max_hp_gain":0,"max_hp_loss":0,"event_name":"Falling","floor":42,"gold_loss":0},{"damage_healed":0,"gold_gain":0,"player_choice":"Memory 1","damage_taken":0,"max_hp_gain":0,"max_hp_loss":0,"event_name":"SensoryStone","floor":45,"gold_loss":0},{"damage_healed":0,"gold_gain":0,"cards_transformed":["Escape Plan"],"player_choice":"Transformed","damage_taken":0,"max_hp_gain":0,"max_hp_loss":0,"event_name":"Transmorgrifier","floor":47,"gold_loss":0,"cards_obtained":["Footwork"]}],"is_beta":false,"boss_relics":[{"not_picked":["Philosopher\u0027s Stone","Empty Cage","Coffee Dripper"]},{"not_picked":["Fusion Hammer","Runic Pyramid","Pandora\u0027s Box"]}],"items_purged_floors":[],"is_endless":false,"potions_floor_spawned":[1,5,11,18,20,23,25,33,41,46,54],"ascension_level":3}}