{"host":"za1qviwhp34x909e","time":1613465723,"event":{"mods":["Act Like it!","BaseMod","Colored Map","Colored Powertips","Downfall","Highlight Path","Hubris","Koishi","Marisa????????","Minty Spire (QoL Compilation)","Quick Restart","Reimu??????","Replay The Spire","StSLib","The Servant 0.9.4"],"gold_per_floor":[110,121,81,81,3,37,37,72,72,72,84,96,127,168,180,290,302,325,11,61,74,349,349,349],"floor_reached":23,"language":"ENG","playtime":1274,"items_purged":["Strike_S"],"score":253,"play_id":"b7bd761e-e6f6-4532-a808-8e0dc9a4b87d","local_time":"20210216025523","is_ascension_mode":true,"campfire_choices":[{"data":"hubris:DuctTapeCard","floor":7,"key":"SMITH"},{"floor":12,"key":"REST"},{"data":"Read","floor":15,"key":"SMITH"}],"circlet_count":0,"master_deck":["Strike_S","Strike_S","Strike_S+1","Defend_S","Defend_S","Defend_S","Defend_S","KidneyShot","Exchange","Gouge","Read+1","hubris:DuctTapeCard+2","ShatteredReality+1","Potential","Alleviate","TimeWarp","KillingDoll","Unruled","Rearm","Rearm","ShatteredReality+1","Luminosity","Regret"],"relics":["Uniform","Tiny Chest","PaintedHorse:ReiMu","hubris:DuctTape","PaperSwan","Mummified Hand","MawBank","Du-Vu Doll","Whetstone","MysterySword","TentaclePot:ReiMu","Kunai"],"acts_visited":["Exordium","TheCity"],"potions_floor_usage":[23],"damage_taken":[{"damage":7,"enemies":"Small Slimes","floor":1,"turns":4},{"damage":9,"enemies":"2 Louse","floor":2,"turns":2},{"damage":10,"enemies":"Lagavulin","floor":6,"turns":8},{"damage":20,"enemies":"Gremlin Nob","floor":8,"turns":5},{"damage":0,"enemies":"Cultist","floor":13,"turns":3},{"damage":0,"enemies":"Lagavulin","floor":14,"turns":8},{"damage":45,"enemies":"Fading Forest","floor":16,"turns":11},{"damage":0,"enemies":"3 Byrds","floor":18,"turns":4},{"damage":27,"enemies":"2 Thieves","floor":21,"turns":3},{"damage":7,"enemies":"Gremlin Leader","floor":23,"turns":4}],"seed_played":"2786961346846194816","potions_obtained":[{"floor":8,"key":"ColorlessPotion"},{"floor":20,"key":"Reflective Coating"},{"floor":21,"key":"Reflective Coating"}],"is_trial":false,"path_per_floor":["M","M","?","?","$","E","R","E","T","?","T","R","M","E","R","B",null,"M","$","?","M","?","E"],"character_chosen":"THE_SERVANT","items_purchased":["Read","Rearm","TentaclePot:ReiMu","Reflective Coating"],"campfire_rested":1,"item_purchase_floors":[5,19,19,19],"current_hp_per_floor":[58,49,49,49,49,39,39,19,19,19,19,38,38,38,38,13,65,65,65,39,12,12,5,5],"gold":349,"neow_bonus":"RANDOM_COMMON_RELIC","is_daily":false,"chose_seed":false,"campfire_upgraded":2,"win_rate":0.0,"timestamp":1613465723,"path_taken":["M","M","?","?","$","E","R","E","T","?","?","R","M","E","R","BOSS","M","$","?","?","?","E"],"items_purchased_type":["Card","Card","Relic","Potion"],"build_version":"2020-12-22","purchased_purges":1,"victory":false,"max_hp_per_floor":[65,65,65,65,65,65,65,65,65,65,65,65,65,65,65,65,65,65,65,65,65,65,65,65],"card_choices":[{"not_picked":["DoubleEdge","FastForward"],"picked":"Misdirection","floor":1},{"not_picked":["TimeWarp","DualDimension"],"picked":"Rewind","floor":2},{"not_picked":["FastForward","Defy"],"picked":"ShatteredReality","floor":6},{"not_picked":["Alleviate","Starlight"],"picked":"Potential","floor":8},{"not_picked":["SurpressingFire","DoubleEdge"],"picked":"Alleviate","floor":13},{"not_picked":["DoubleEdge","Misdirection"],"picked":"TimeWarp","floor":14},{"not_picked":["ForgedInTime","Initiator"],"picked":"KillingDoll","floor":16},{"not_picked":["Alleviate","Spin"],"picked":"Unruled","floor":18},{"not_picked":["Potential","Luminosity+1"],"picked":"ShatteredReality+1","floor":20},{"not_picked":["Reset","Moondial"],"picked":"Luminosity","floor":21}],"player_experience":746547,"relics_obtained":[{"floor":6,"key":"hubris:DuctTape"},{"floor":8,"key":"PaperSwan"},{"floor":9,"key":"Mummified Hand"},{"floor":11,"key":"Du-Vu Doll"},{"floor":14,"key":"Whetstone"},{"floor":20,"key":"Kunai"}],"event_choices":[{"damage_healed":0,"gold_gain":0,"player_choice":"Donate","damage_taken":0,"relics_obtained":["PaintedHorse:ReiMu"],"max_hp_gain":0,"max_hp_loss":0,"event_name":"yidonshenshe","floor":3,"gold_loss":40},{"damage_healed":0,"gold_gain":0,"player_choice":"Gave Potion","damage_taken":0,"relics_obtained":["MawBank"],"max_hp_gain":0,"max_hp_loss":0,"event_name":"WeMeetAgain","floor":10,"gold_loss":0},{"damage_healed":0,"gold_gain":275,"player_choice":"Desecrate","damage_taken":0,"max_hp_gain":0,"max_hp_loss":0,"event_name":"Golden Shrine","floor":22,"gold_loss":0,"cards_obtained":["Regret"]}],"is_beta":false,"boss_relics":[{"not_picked":["Replay:Drink Me","hubris:GrandSneckoEye"],"picked":"MysterySword"}],"items_purged_floors":[19],"is_endless":false,"potions_floor_spawned":[8,21],"killed_by":"Gremlin Leader","ascension_level":2}}