{"host":"cdbhaz9p3iutjbyx","time":1613485594,"event":{"mods":["AchievementEnabler","BaseMod","Downfall","GifTheSpireLib","Hubris","Minty Spire (QoL Compilation)","StSLib","The Cursed","The Disciple","The Forsaken","The Necromancer","The Senshi"],"gold_per_floor":[113,113,113,59,59,86,100,100,100,135,29,29,61,61],"floor_reached":13,"language":"ENG","playtime":1036,"items_purged":[],"score":124,"play_id":"c2ea450f-180f-4cee-b297-33a2e3dfa83e","local_time":"20210216152634","is_ascension_mode":false,"campfire_choices":[{"floor":12,"key":"REST"}],"circlet_count":0,"master_deck":["theSenshi:SailorKick","theSenshi:SailorKick","theSenshi:SailorKick","theSenshi:SailorKick+1","theSenshi:SailorBlock","theSenshi:SailorBlock","theSenshi:SailorBlock+1","theSenshi:SailorBlock","theSenshi:RoseThrow","theSenshi:MoonPrismPowerMakeUp","theSenshi:LateForSchool","theSenshi:SailorMarsAssists","theSenshi:MoonGorgeousMeditation","theSenshi:MoonCosmicPowerMakeUp","theSenshi:InTheNameOfTheMoon","theSenshi:CrisisMakeUp+1","theSenshi:SailorMercuryAssists"],"relics":["theSenshi:TransformationBroochRelic","NeowsBlessing","hubris:Towel","Happy Flower","Frozen Egg 2","Pen Nib","Regal Pillow"],"acts_visited":["Exordium"],"potions_floor_usage":[],"damage_taken":[{"damage":0,"enemies":"Jaw Worm","floor":1,"turns":1},{"damage":0,"enemies":"Gremlin Nob","floor":6,"turns":1},{"damage":0,"enemies":"Small Slimes","floor":7,"turns":1},{"damage":41,"enemies":"3 Sentries","floor":10,"turns":10},{"damage":43,"enemies":"Gremlin Nob","floor":13,"turns":6}],"seed_played":"-3434795083258232434","potions_obtained":[{"floor":6,"key":"champ:CounterPotion"},{"floor":7,"key":"PowerPotion"},{"floor":10,"key":"GamblersBrew"}],"is_trial":false,"path_per_floor":["M","?","?","$","?","E","M","T","T","E","$","R","E"],"character_chosen":"THE_SENSHI","items_purchased":["theSenshi:SailorMarsAssists","theSenshi:CrisisMakeUp+1","theSenshi:SailorMercuryAssists"],"campfire_rested":1,"item_purchase_floors":[4,11,11],"current_hp_per_floor":[75,60,60,60,60,60,60,60,60,19,19,56,13,13],"gold":61,"neow_bonus":"THREE_ENEMY_KILL","is_daily":false,"chose_seed":false,"campfire_upgraded":0,"win_rate":0.0,"timestamp":1613485594,"path_taken":["M","?","?","$","?","E","M","?","T","E","?","R","E"],"items_purchased_type":["Card","Card","Card"],"build_version":"2020-12-22","purchased_purges":0,"victory":false,"max_hp_per_floor":[75,75,75,75,75,75,75,75,75,75,75,75,75,75],"card_choices":[{"not_picked":["theSenshi:MoonPunch","theSenshi:MoonTwilightFlash"],"picked":"theSenshi:LateForSchool","floor":1},{"not_picked":["theSenshi:SailorChibiMoonAssists","theSenshi:SailorStarMakerAssists"],"picked":"theSenshi:MoonGorgeousMeditation","floor":6},{"not_picked":["theSenshi:SailorUranusAssists","theSenshi:MoonKick"],"picked":"theSenshi:MoonCosmicPowerMakeUp","floor":7},{"not_picked":["theSenshi:PlutosSolemnity","theSenshi:MoonsReflection"],"picked":"theSenshi:InTheNameOfTheMoon","floor":10}],"player_experience":4522,"relics_obtained":[{"floor":6,"key":"Happy Flower"},{"floor":8,"key":"Frozen Egg 2"},{"floor":9,"key":"Pen Nib"},{"floor":10,"key":"Regal Pillow"}],"event_choices":[{"damage_healed":0,"gold_gain":0,"player_choice":"Entered Light","damage_taken":15,"max_hp_gain":0,"max_hp_loss":0,"event_name":"Shining Light","floor":2,"gold_loss":0,"cards_upgraded":["theSenshi:SailorKick","theSenshi:SailorBlock"]}],"is_beta":false,"boss_relics":[],"items_purged_floors":[],"is_endless":false,"potions_floor_spawned":[6,7,10],"killed_by":"Gremlin Nob","ascension_level":0}}