{"host":"nxma0dbhh74lxenq","time":1613473036,"event":{"mods":["Astrologer","BaseMod","Beaked The Cultist","CapriCore","Colored Map","DeckTracker","Gremlin Mod","Highlight Path","Koishi","Mad Scientist","Minty Spire (QoL Compilation)","StSLib","SuperFastMode","The Bladedancer","The Cursed","The Immortal","The Mystic","YoumuÅiç∞ÈÆódöÎÅj"],"gold_per_floor":[113,131,143,154,154,187,137,170,170,183,68,78,78,78,78,207,207,227,242,242,255,268,268,299,299,350,350,265,300,320,320,320,320,320],"floor_reached":33,"language":"JPN","playtime":1277,"items_purged":["Strike_R"],"score":371,"play_id":"14cb9161-20e9-431b-97f2-734adbbf27aa","local_time":"20210216195716","is_ascension_mode":true,"campfire_choices":[{"data":"1","floor":13,"key":"LIFT"},{"floor":15,"key":"REST"},{"floor":23,"key":"REST"},{"data":"Limit Break","floor":25,"key":"SMITH"},{"data":"True Grit","floor":27,"key":"SMITH"},{"floor":32,"key":"REST"}],"circlet_count":0,"master_deck":["Strike_R+1","Defend_R","Defend_R","Defend_R","Bash","Clothesline","Anger","Disarm","Pommel Strike+1","Double Tap","Shrug It Off","Searing Blow","Fire Breathing","Immolate","Shrug It Off+1","Power Through+1","Body Slam+1","Evolve+1","True Grit+1","Infernal Blade+1","Second Wind","Limit Break+1","Feed","Flex"],"relics":["Burning Blood","NeowsBlessing","Girya","Dream Catcher","Golden Idol","Astrolabe","Nloth\u0027s Gift","Shuriken","Lantern","Paper Frog","Anchor"],"acts_visited":["Exordium","TheCity"],"potions_floor_usage":[16,16,24,33],"damage_taken":[{"damage":0,"enemies":"Small Slimes","floor":1,"turns":1},{"damage":0,"enemies":"2 Louse","floor":2,"turns":1},{"damage":0,"enemies":"Cultist","floor":3,"turns":1},{"damage":6,"enemies":"Looter","floor":4,"turns":4},{"damage":30,"enemies":"3 Sentries","floor":6,"turns":8},{"damage":14,"enemies":"Gremlin Nob","floor":8,"turns":3},{"damage":9,"enemies":"3 Louse","floor":10,"turns":2},{"damage":13,"enemies":"Exordium Thugs","floor":12,"turns":4},{"damage":31,"enemies":"The Guardian","floor":16,"turns":14},{"damage":21,"enemies":"2 Thieves","floor":18,"turns":4},{"damage":10,"enemies":"Shell Parasite","floor":19,"turns":7},{"damage":19,"enemies":"Sentry and Sphere","floor":21,"turns":6},{"damage":17,"enemies":"Centurion and Healer","floor":22,"turns":8},{"damage":5,"enemies":"Book of Stabbing","floor":24,"turns":5},{"damage":8,"enemies":"Gremlin Leader","floor":29,"turns":6},{"damage":30,"enemies":"Snecko","floor":30,"turns":6},{"damage":69,"enemies":"Automaton","floor":33,"turns":6}],"seed_played":"-4323283628515517888","potions_obtained":[{"floor":1,"key":"HeartOfIron"},{"floor":2,"key":"Strength Potion"},{"floor":8,"key":"FearPotion"},{"floor":18,"key":"DistilledChaos"},{"floor":24,"key":"SteroidPotion"}],"is_trial":false,"path_per_floor":["M","M","M","M","?","E","?","E","T","M","$","M","R","?","R","B",null,"M","M","?","M","M","R","E","R","T","R","?","E","M","?","R","B"],"character_chosen":"IRONCLAD","items_purchased":["Searing Blow"],"campfire_rested":3,"item_purchase_floors":[11],"current_hp_per_floor":[80,80,80,80,64,40,40,32,32,29,29,22,22,22,44,19,60,45,41,41,28,17,39,40,40,40,40,40,38,14,14,36,0,0],"gold":320,"neow_bonus":"THREE_ENEMY_KILL","is_daily":false,"chose_seed":false,"campfire_upgraded":2,"win_rate":0.0,"timestamp":1613473036,"path_taken":["M","M","M","M","?","E","?","E","T","M","$","M","R","?","R","BOSS","M","M","?","?","M","R","E","R","T","R","?","E","M","?","R","BOSS"],"items_purchased_type":["Card"],"build_version":"2020-12-22","purchased_purges":1,"victory":false,"max_hp_per_floor":[80,80,80,80,80,80,80,80,80,80,80,80,80,74,74,74,74,74,74,74,74,74,74,74,74,74,74,74,74,74,74,74,74,74],"card_choices":[{"not_picked":["Dark Embrace","Pummel"],"picked":"Clothesline","floor":1},{"not_picked":["Searing Blow","Cleave"],"picked":"Anger","floor":2},{"not_picked":["Havoc","Flex"],"picked":"Disarm","floor":3},{"not_picked":["Wild Strike","Body Slam"],"picked":"Pommel Strike","floor":4},{"not_picked":["True Grit","Body Slam"],"picked":"Double Tap","floor":6},{"not_picked":["Ghostly Armor","Headbutt","Combust"],"picked":"SKIP","floor":8},{"not_picked":["Infernal Blade","Cleave"],"picked":"Shrug It Off","floor":10},{"not_picked":["Heavy Blade","Second Wind","Searing Blow"],"picked":"SKIP","floor":12},{"not_picked":["Anger","Entrench"],"picked":"Fire Breathing","floor":15},{"not_picked":["Impervious","Demon Form"],"picked":"Immolate","floor":16},{"not_picked":["Sever Soul+1","Armaments"],"picked":"Evolve+1","floor":18},{"not_picked":["Carnage","Clash"],"picked":"True Grit","floor":19},{"not_picked":["Pommel Strike","Dropkick"],"picked":"Infernal Blade+1","floor":21},{"not_picked":["Perfected Strike","Rupture"],"picked":"Second Wind","floor":22},{"not_picked":["Sentinel","Flex"],"picked":"Limit Break","floor":24},{"not_picked":["Impervious","Anger"],"picked":"Feed","floor":29},{"not_picked":["Perfected Strike","Fire Breathing","Clothesline"],"picked":"SKIP","floor":30},{"not_picked":["Infernal Blade","Iron Wave"],"picked":"Flex","floor":32}],"player_experience":467268,"relics_obtained":[{"floor":6,"key":"Girya"},{"floor":8,"key":"Art of War"},{"floor":9,"key":"Dream Catcher"},{"floor":24,"key":"Shuriken"},{"floor":26,"key":"Lantern"},{"floor":29,"key":"Anchor"}],"event_choices":[{"damage_healed":0,"gold_gain":0,"player_choice":"Entered Light","damage_taken":16,"max_hp_gain":0,"max_hp_loss":0,"event_name":"Shining Light","floor":5,"gold_loss":0,"cards_upgraded":["Strike_R","Pommel Strike"]},{"cards_removed":["Strike_R"],"damage_healed":0,"gold_gain":0,"player_choice":"Card Removal","damage_taken":0,"max_hp_gain":0,"max_hp_loss":0,"event_name":"The Cleric","floor":7,"gold_loss":50},{"damage_healed":0,"gold_gain":0,"player_choice":"Lose Max HP","damage_taken":0,"relics_obtained":["Golden Idol"],"max_hp_gain":0,"max_hp_loss":6,"event_name":"Golden Idol","floor":14,"gold_loss":0},{"damage_healed":0,"gold_gain":0,"player_choice":"Traded Relic","damage_taken":0,"relics_obtained":["Nloth\u0027s Gift"],"max_hp_gain":0,"max_hp_loss":0,"event_name":"N\u0027loth","floor":20,"relics_lost":["Art of War"],"gold_loss":0},{"damage_healed":0,"gold_gain":0,"player_choice":"Obtained Relic","damage_taken":0,"relics_obtained":["Paper Frog"],"max_hp_gain":0,"max_hp_loss":0,"event_name":"Addict","floor":28,"gold_loss":85},{"damage_healed":0,"gold_gain":0,"player_choice":"Ignored","damage_taken":0,"max_hp_gain":0,"max_hp_loss":0,"event_name":"Vampires","floor":31,"gold_loss":0}],"is_beta":false,"boss_relics":[{"not_picked":["Ectoplasm","Runic Pyramid"],"picked":"Astrolabe"}],"items_purged_floors":[11],"is_endless":false,"potions_floor_spawned":[1,2,8,18,24],"killed_by":"Automaton","ascension_level":5}}