{"host":"en4narc5947t7k9n","time":1613487727,"event":{"mods":["AchievementEnabler","BaseMod","Colored Map","Minty Spire (QoL Compilation)","SuperFastMode"],"gold_per_floor":[219,55,69,144,319,319,336,367,367,400,400,400,410,426,426,426,426],"floor_reached":16,"language":"KOR","playtime":721,"items_purged":["Strike_R"],"score":110,"play_id":"39518bed-7e17-435d-8f64-ed445e9637e1","local_time":"20210217000207","is_ascension_mode":false,"campfire_choices":[{"data":"Clash","floor":6,"key":"SMITH"},{"data":"Searing Blow","floor":12,"key":"SMITH"},{"data":"Searing Blow+1","floor":15,"key":"SMITH"}],"circlet_count":0,"master_deck":["Strike_R","Strike_R","Strike_R","Strike_R","Defend_R","Defend_R","Defend_R","Defend_R","Bash","Clash+1","Flash of Steel","Doubt","Armaments","Searing Blow+2","Battle Trance","Disarm","Anger"],"relics":["Burning Blood","Question Card","Ancient Tea Set","Centennial Puzzle"],"acts_visited":["Exordium"],"potions_floor_usage":[10,14,16],"damage_taken":[{"damage":1,"enemies":"Jaw Worm","floor":1,"turns":5},{"damage":2,"enemies":"2 Louse","floor":3,"turns":3},{"damage":0,"enemies":"Cultist","floor":7,"turns":3},{"damage":31,"enemies":"Lagavulin","floor":8,"turns":8},{"damage":21,"enemies":"Gremlin Nob","floor":10,"turns":4},{"damage":2,"enemies":"Blue Slaver","floor":13,"turns":2},{"damage":25,"enemies":"Large Slime","floor":14,"turns":8},{"damage":28,"enemies":"Slime Boss","floor":16,"turns":4}],"seed_played":"-316898156519953794","potions_obtained":[{"floor":7,"key":"Weak Potion"},{"floor":8,"key":"DistilledChaos"},{"floor":11,"key":"PowerPotion"},{"floor":11,"key":"SneckoOil"},{"floor":11,"key":"ColorlessPotion"},{"floor":14,"key":"GamblersBrew"}],"is_trial":false,"path_per_floor":["M","$","M","?","?","R","M","E","T","E","?","R","M","M","R","B"],"character_chosen":"IRONCLAD","items_purchased":["Flash of Steel"],"campfire_rested":0,"item_purchase_floors":[2],"current_hp_per_floor":[80,80,80,69,69,69,75,50,50,35,35,35,39,20,20,0,0],"gold":426,"neow_bonus":"HUNDRED_GOLD","is_daily":false,"chose_seed":false,"campfire_upgraded":3,"win_rate":0.0,"timestamp":1613487727,"path_taken":["M","$","M","?","?","R","M","E","T","E","?","R","?","M","R","BOSS"],"items_purchased_type":["Card"],"build_version":"2020-12-22","purchased_purges":1,"victory":false,"max_hp_per_floor":[80,80,80,80,80,80,80,80,80,80,80,80,80,80,80,80,80],"card_choices":[{"not_picked":["Ghostly Armor","Whirlwind"],"picked":"Clash","floor":1},{"not_picked":["Twin Strike","Sword Boomerang","Heavy Blade"],"picked":"SKIP","floor":3},{"not_picked":["Clothesline","Power Through"],"picked":"Armaments","floor":7},{"not_picked":["Rage","Anger"],"picked":"Searing Blow","floor":8},{"not_picked":["Pommel Strike","Heavy Blade","Shrug It Off"],"picked":"Battle Trance","floor":10},{"not_picked":["Iron Wave","Heavy Blade","Shrug It Off"],"picked":"Disarm","floor":13},{"not_picked":["Combust","Thunderclap","Spot Weakness"],"picked":"Anger","floor":14}],"player_experience":10711,"relics_obtained":[{"floor":8,"key":"Question Card"},{"floor":9,"key":"Ancient Tea Set"},{"floor":10,"key":"Centennial Puzzle"}],"event_choices":[{"damage_healed":0,"gold_gain":75,"player_choice":"Gather Gold","damage_taken":11,"max_hp_gain":0,"max_hp_loss":0,"event_name":"World of Goop","floor":4,"gold_loss":0},{"damage_healed":0,"gold_gain":175,"player_choice":"AGREE","damage_taken":0,"max_hp_gain":0,"max_hp_loss":0,"event_name":"Liars Game","floor":5,"gold_loss":0,"cards_obtained":["Doubt"]},{"damage_healed":0,"gold_gain":0,"player_choice":"Got Potions","damage_taken":0,"max_hp_gain":0,"max_hp_loss":0,"event_name":"Lab","floor":11,"gold_loss":0}],"is_beta":false,"boss_relics":[],"items_purged_floors":[2],"is_endless":false,"potions_floor_spawned":[7,8,14],"killed_by":"Slime Boss","ascension_level":0}}