{"host":"5hsgormuu0lj4iiq","time":1613498118,"event":{"mods":["AchievementEnabler","BaseMod","Colored Map","Colored Powertips","Minty Spire (QoL Compilation)","Quick Restart","Relic Stats","SuperFastMode","everything is the same but u backflip on backflip","slay the spire mod where everything is the same but ironclad has a cowboy hat"],"gold_per_floor":[115,41,58,71,89,89,89,118,118,118,143,154,154,170,170,268,268,284,284,284,305,324,324,324],"floor_reached":23,"language":"ENG","playtime":334,"items_purged":[],"score":335,"play_id":"e75a50d6-7d85-4fb9-86c7-f6fdc40399c7","local_time":"20210216125518","is_ascension_mode":true,"campfire_choices":[{"data":"Defragment","floor":6,"key":"SMITH"},{"data":"Electrodynamics","floor":10,"key":"SMITH"},{"floor":15,"key":"REST"}],"circlet_count":0,"master_deck":["AscendersBane","Strike_B","Strike_B","Strike_B","Strike_B","Defend_B","Defend_B","Defend_B","Defend_B","Zap","Dualcast","Defragment+1","Conserve Battery","Electrodynamics+1","Undo","Cold Snap","Rip and Tear","Electrodynamics","Cold Snap+1","Writhe","Self Repair"],"relics":["Cracked Core","NeowsBlessing","Bronze Scales","Pear","White Beast Statue","Golden Idol","Inserter","Du-Vu Doll"],"acts_visited":["Exordium","TheCity"],"potions_floor_usage":[8,8,12,22,23,23],"damage_taken":[{"damage":0,"enemies":"Cultist","floor":1,"turns":1},{"damage":0,"enemies":"Small Slimes","floor":3,"turns":1},{"damage":0,"enemies":"Jaw Worm","floor":4,"turns":1},{"damage":13,"enemies":"3 Louse","floor":5,"turns":4},{"damage":22,"enemies":"Lagavulin","floor":8,"turns":7},{"damage":27,"enemies":"Gremlin Nob","floor":11,"turns":4},{"damage":0,"enemies":"Lots of Slimes","floor":12,"turns":1},{"damage":4,"enemies":"Red Slaver","floor":14,"turns":3},{"damage":21,"enemies":"Slime Boss","floor":16,"turns":7},{"damage":15,"enemies":"Shell Parasite","floor":18,"turns":4},{"damage":11,"enemies":"Spheric Guardian","floor":21,"turns":3},{"damage":9,"enemies":"Cultist and Chosen","floor":22,"turns":5},{"damage":42,"enemies":"Book of Stabbing","floor":23,"turns":3}],"seed_played":"5467453833345942002","potions_obtained":[{"floor":1,"key":"Block Potion"},{"floor":3,"key":"Weak Potion"},{"floor":8,"key":"Strength Potion"},{"floor":12,"key":"Fruit Juice"},{"floor":14,"key":"EntropicBrew"},{"floor":22,"key":"Fruit Juice"}],"is_trial":false,"path_per_floor":["M","$","M","M","M","R","$","E","T","R","E","M","?","M","R","B",null,"M","?","?","M","M","E"],"character_chosen":"DEFECT","items_purchased":["Defragment"],"campfire_rested":1,"item_purchase_floors":[2],"current_hp_per_floor":[68,68,68,68,55,55,55,33,43,43,16,21,21,17,41,20,67,52,52,52,41,37,0,0],"gold":324,"neow_bonus":"THREE_ENEMY_KILL","is_daily":false,"chose_seed":false,"campfire_upgraded":2,"win_rate":0.0,"timestamp":1613498118,"path_taken":["M","$","?","M","?","R","?","E","T","R","E","M","?","M","R","BOSS","M","?","?","?","M","E"],"items_purchased_type":["Card"],"build_version":"2020-12-22","purchased_purges":0,"victory":false,"max_hp_per_floor":[75,75,75,75,75,75,75,75,85,85,85,90,83,83,83,83,83,83,83,83,83,88,88,88],"relic_stats":{"Inserter":[7],"counters":[13,44],"Golden Idol":34,"Bronze Scales":[64],"obtain_stats":[{"Du-Vu Doll":19,"Pear":9,"Inserter":17,"NeowsBlessing":0,"Golden Idol":13,"Bronze Scales":8,"Cracked Core":0,"White Beast Statue":11},{"Du-Vu Doll":10,"Pear":5,"Inserter":9,"NeowsBlessing":0,"Golden Idol":7,"Bronze Scales":5,"Cracked Core":0,"White Beast Statue":6},{"Du-Vu Doll":33,"Pear":14,"Inserter":29,"NeowsBlessing":0,"Golden Idol":19,"Bronze Scales":14,"Cracked Core":0,"White Beast Statue":18}]},"card_choices":[{"not_picked":["Turbo","Consume","Barrage"],"picked":"SKIP","floor":1},{"not_picked":["Gash","Stack","Scrape"],"picked":"SKIP","floor":3},{"not_picked":["Hologram","Redo","Rebound"],"picked":"SKIP","floor":4},{"not_picked":["Compile Driver","Aggregate"],"picked":"Conserve Battery","floor":5},{"not_picked":["Biased Cognition","Hologram"],"picked":"Electrodynamics","floor":8},{"not_picked":["Aggregate","Gash"],"picked":"Undo","floor":11},{"not_picked":["Sweeping Beam","Compile Driver"],"picked":"Cold Snap","floor":12},{"not_picked":["Reprogram","Go for the Eyes"],"picked":"Rip and Tear","floor":14},{"not_picked":["Meteor Strike","Thunder Strike"],"picked":"Electrodynamics","floor":16},{"not_picked":["Gash","Aggregate+1"],"picked":"Cold Snap+1","floor":18},{"not_picked":["Go for the Eyes","Ball Lightning","Barrage"],"picked":"SKIP","floor":21},{"not_picked":["Loop","Hologram"],"picked":"Self Repair","floor":22}],"player_experience":739788,"relics_obtained":[{"floor":8,"key":"Bronze Scales"},{"floor":9,"key":"Pear"},{"floor":11,"key":"White Beast Statue"}],"event_choices":[{"damage_healed":0,"gold_gain":0,"player_choice":"Lose Max HP","damage_taken":0,"relics_obtained":["Golden Idol"],"max_hp_gain":0,"max_hp_loss":7,"event_name":"Golden Idol","floor":13,"gold_loss":0},{"damage_healed":0,"gold_gain":0,"player_choice":"Opened","damage_taken":0,"relics_obtained":["Du-Vu Doll"],"max_hp_gain":0,"max_hp_loss":0,"event_name":"The Mausoleum","floor":19,"gold_loss":0,"cards_obtained":["Writhe"]},{"damage_healed":0,"gold_gain":0,"player_choice":"Ignored","damage_taken":0,"max_hp_gain":0,"max_hp_loss":0,"event_name":"Fountain of Cleansing","floor":20,"gold_loss":0}],"is_beta":false,"boss_relics":[{"not_picked":["Coffee Dripper","Ectoplasm"],"picked":"Inserter"}],"items_purged_floors":[],"is_endless":false,"potions_floor_spawned":[1,3,8,12,14,16,18,21,22],"killed_by":"Book of Stabbing","ascension_level":13}}