{"host":"erh089znuovh6twj","time":1613487698,"event":{"mods":["AchievementEnabler","Act Like it!","Aspiration","BaseMod","Better Note","Better Skull","Better Third Choice","BetterRewards","Defuse TimeMaze Blight","Energized Spire","Hermit","Highlight Path","Hubris","Infinite Spire","Minty Spire (QoL Compilation)","Permanent Neow","Quick Restart","Replay The Spire","StSLib","The Jungle","everything is the same but u backflip on backflip"],"gold_per_floor":[116,134,152,169,169,201,201,231,231,244,304,88,88,106,106,211,211,231,231,231,241,241,241,269,269,295,312,346,346,357,374,374,496,496,539,539,539,590,153,192,244,273,273,356,390,390,390,390],"floor_reached":47,"language":"ENG","playtime":2174,"items_purged":["Perfected Strike","Strike_R","Strike_R"],"score":798,"play_id":"a64d768c-5bd2-4555-b221-321e57ed4396","local_time":"20210216100138","is_ascension_mode":true,"campfire_choices":[{"floor":7,"key":"REST"},{"floor":13,"key":"REST"},{"floor":15,"key":"REST"},{"data":"Brutality","floor":23,"key":"SMITH"},{"data":"infinitespire:NeuralNetwork","floor":25,"key":"SMITH"},{"data":"Brutality","floor":29,"key":"SMITH"},{"floor":32,"key":"DIG"},{"floor":46,"key":"DIG"}],"circlet_count":0,"master_deck":["Strike_R","Strike_R","Strike_R","Defend_R","Defend_R+1","Defend_R+1","Defend_R","Bash","Run Through","Hemokinesis","hubris:CleavingFinish","Juggernaut","Sentinel","ReplayTheSpireMod:Stacked","Impervious","Body Slam","Brutality+1","CurseOfTheBell","Pommel Strike","Brutality+1","infinitespire:SevenWalls","infinitespire:NeuralNetwork+1","Pommel Strike","Pommel Strike","Sentinel","Body Slam","Fire Breathing","Havoc+1","Barricade","Body Slam+1","Dual Wield","Evolve","Shrug It Off","Dropkick","Juggernaut","Reaper","Immolate"],"relics":["Burning Blood","aspiration:Nostalgia","PureWater","Bag of Preparation","hubris:DeckOfHolding","aspiration:ChemicalBlood","Replay:Grab Bag","Electric Blood","infinitespire:Cupcake","Calling Bell","ReplayTheSpireMod:Spearhead","Pear","hubris:Potato","energizedSpire:DecayingSkull","hubris:Reverence","hubris:SlimyHat","Blood Vial","Replay:Bottled Snecko","Mirror","infinitespire:EvilPickle","Mark of Pain","hubris:Towel","hubris:MobiusCoin","ReplayTheSpireMod:Shallot","Shovel","aspiration:SeaSaltIceCream","Unceasing Top","Blue Doll"],"acts_visited":["Exordium","TheCity","TheBeyond"],"potions_floor_usage":[4,8,14,14,16,16,18,24,24,27,33,33,35,35,38,38,40,40,40,40,42,47,47,47,47],"damage_taken":[{"damage":0,"enemies":"2 Louse","floor":1,"turns":2},{"damage":2,"enemies":"Jaw Worm","floor":2,"turns":3},{"damage":2,"enemies":"Small Slimes","floor":3,"turns":2},{"damage":2,"enemies":"2 Fungi Beasts","floor":4,"turns":2},{"damage":44,"enemies":"3 Sentries","floor":6,"turns":7},{"damage":16,"enemies":"Gremlin Nob","floor":8,"turns":3},{"damage":21,"enemies":"Large Slime","floor":10,"turns":4},{"damage":12,"enemies":"Exordium Thugs","floor":14,"turns":5},{"damage":42,"enemies":"Slime Boss","floor":16,"turns":11},{"damage":4,"enemies":"Shell Parasite","floor":18,"turns":2},{"damage":0,"enemies":"Spheric Guardian","floor":21,"turns":3},{"damage":6,"enemies":"Book of Stabbing","floor":24,"turns":4},{"damage":0,"enemies":"Snake Plant","floor":27,"turns":3},{"damage":17,"enemies":"Slavers","floor":28,"turns":5},{"damage":16,"enemies":"Shelled Parasite and Fungi","floor":30,"turns":3},{"damage":1,"enemies":"Cultist and Chosen","floor":31,"turns":4},{"damage":24,"enemies":"Pondfish","floor":33,"turns":5},{"damage":21,"enemies":"3 Darklings","floor":35,"turns":5},{"damage":11,"enemies":"Orb Walker","floor":38,"turns":3},{"damage":32,"enemies":"Reptomancer","floor":40,"turns":4},{"damage":24,"enemies":"2 Orb Walkers","floor":41,"turns":4},{"damage":0,"enemies":"Jaw Worm Horde","floor":42,"turns":3},{"damage":15,"enemies":"Maw","floor":44,"turns":5},{"damage":0,"enemies":"Spire Growth","floor":45,"turns":4},{"damage":71,"enemies":"Nightmare","floor":47,"turns":6}],"seed_played":"5615168841544549623","potions_obtained":[{"floor":2,"key":"LiquidBronze"},{"floor":6,"key":"AttackPotion"},{"floor":10,"key":"BloodPotion"},{"floor":16,"key":"Energy Potion"},{"floor":18,"key":"Strength Potion"},{"floor":24,"key":"LifebloodPotion"},{"floor":31,"key":"Cursed Concoction"},{"floor":37,"key":"SteroidPotion"},{"floor":37,"key":"ElixirPotion"},{"floor":37,"key":"Adrenaline Potion"},{"floor":38,"key":"ColorlessPotion"},{"floor":41,"key":"SteroidPotion"},{"floor":44,"key":"GamblersBrew"}],"is_trial":false,"path_per_floor":["M","M","M","M","?","E","R","E","T","M","?","$","R","M","R","B",null,"M","?","AVR","M","?","R","E","R","T","M","E","R","M","M","R","B",null,"M","?","?","M","$","E","?","M","T","M","M","R","NM"],"character_chosen":"IRONCLAD","items_purchased":["Impervious","Evolve","hubris:MobiusCoin"],"campfire_rested":3,"item_purchase_floors":[12,39,39],"current_hp_per_floor":[80,80,80,80,64,26,50,40,40,25,25,25,49,59,80,44,90,90,90,90,90,90,90,90,90,90,90,79,79,71,78,78,62,90,75,75,75,90,90,64,48,56,56,49,61,61,0,0],"gold":390,"neow_bonus":"NOSTALGIA","is_daily":false,"chose_seed":false,"campfire_upgraded":3,"win_rate":0.0,"timestamp":1613487698,"path_taken":["M","M","M","M","?","E","R","E","T","M","?","$","R","M","R","BOSS","M","?","AVR","M","?","R","E","R","T","M","E","R","?","M","R","BOSS","M","?","?","?","?","E","?","M","T","M","M","R","NM"],"items_purchased_type":["Card","Card","Relic"],"build_version":"2020-12-22","purchased_purges":3,"victory":false,"max_hp_per_floor":[80,80,80,80,80,80,80,80,80,80,80,80,80,80,80,80,90,90,90,90,90,90,90,90,90,90,90,90,90,90,90,90,90,90,90,90,90,90,90,90,90,90,90,90,90,90,90,90],"card_choices":[{"not_picked":["Rage","Disarm"],"picked":"Run Through","floor":1},{"not_picked":["Pommel Strike","Havoc"],"picked":"Hemokinesis","floor":2},{"not_picked":["Wild Strike","Sword Boomerang"],"picked":"Perfected Strike","floor":3},{"not_picked":["Flame Barrier","Ghostly Armor"],"picked":"hubris:CleavingFinish","floor":4},{"not_picked":["Run Through","Pommel Strike"],"picked":"Juggernaut","floor":6},{"not_picked":["hubris:ReadiedAction","Replay:Undeath\u0027s Touch"],"picked":"Sentinel","floor":8},{"not_picked":["Dark Embrace","Wild Strike"],"picked":"ReplayTheSpireMod:Stacked","floor":10},{"not_picked":["Seeing Red","Heavy Blade"],"picked":"Body Slam","floor":14},{"not_picked":["Reaper","Demonic Infusion"],"picked":"Brutality","floor":16},{"not_picked":["ReplayTheSpireMod:Muscle Training+1","Thunderclap"],"picked":"Pommel Strike","floor":18},{"not_picked":["True Grit","Intimidate+1"],"picked":"Pommel Strike","floor":21},{"not_picked":["Clothesline","Warcry"],"picked":"Pommel Strike","floor":24},{"not_picked":["Warcry","Flex"],"picked":"Sentinel","floor":27},{"not_picked":["Headbutt","Corruption"],"picked":"Body Slam","floor":28},{"not_picked":["Inflame","Twin Strike+1"],"picked":"Fire Breathing","floor":30},{"not_picked":["Sentinel","Armaments"],"picked":"Havoc+1","floor":31},{"not_picked":["Brutality","Double Tap"],"picked":"Barricade","floor":33},{"not_picked":["ReplayTheSpireMod:Limb From Limb+1","Shrug It Off+1"],"picked":"Body Slam+1","floor":35},{"not_picked":["Perfected Strike+1","Warcry+1"],"picked":"Dual Wield","floor":38},{"not_picked":["Sword Boomerang+1","Life Link+1"],"picked":"Shrug It Off","floor":40},{"not_picked":["Warcry","Seeing Red+1"],"picked":"Dropkick","floor":41},{"not_picked":["Clothesline","Wild Strike+1"],"picked":"Juggernaut","floor":42},{"not_picked":["Perfected Strike+1","ReplayTheSpireMod:Strike From Hell+1"],"picked":"Reaper","floor":44},{"not_picked":["Replay:Undeath\u0027s Touch","Pommel Strike+1"],"picked":"Immolate","floor":45}],"player_experience":372569,"relics_obtained":[{"floor":6,"key":"Bag of Preparation"},{"floor":8,"key":"hubris:DeckOfHolding"},{"floor":9,"key":"aspiration:ChemicalBlood"},{"floor":17,"key":"ReplayTheSpireMod:Spearhead"},{"floor":17,"key":"Pear"},{"floor":17,"key":"hubris:Potato"},{"floor":24,"key":"hubris:SlimyHat"},{"floor":26,"key":"Blood Vial"},{"floor":28,"key":"Replay:Bottled Snecko"},{"floor":32,"key":"Mirror"},{"floor":40,"key":"ReplayTheSpireMod:Shallot"},{"floor":41,"key":"Shovel"},{"floor":43,"key":"aspiration:SeaSaltIceCream"},{"floor":46,"key":"Blue Doll"}],"event_choices":[{"damage_healed":80,"gold_gain":0,"player_choice":"Upgrade","damage_taken":16,"max_hp_gain":0,"max_hp_loss":80,"event_name":"betterThird:BetterShining","floor":5,"gold_loss":0,"cards_upgraded":["Defend_R","Defend_R"]},{"damage_healed":0,"gold_gain":60,"player_choice":"Gained Gold","damage_taken":0,"max_hp_gain":0,"max_hp_loss":0,"event_name":"Golden Wing","floor":11,"gold_loss":0},{"damage_healed":0,"gold_gain":0,"player_choice":"Copied","damage_taken":0,"max_hp_gain":0,"max_hp_loss":0,"event_name":"Duplicator","floor":19,"gold_loss":0,"cards_obtained":["Brutality"]},{"damage_healed":0,"gold_gain":0,"player_choice":"Got Potions","damage_taken":0,"max_hp_gain":0,"max_hp_loss":0,"event_name":"Lab","floor":37,"gold_loss":0},{"damage_healed":0,"gold_gain":0,"player_choice":"Fight","damage_taken":0,"max_hp_gain":0,"max_hp_loss":0,"event_name":"Mysterious Sphere","floor":41,"gold_loss":0}],"is_beta":false,"boss_relics":[{"not_picked":["aspiration:SecretTechniqueScroll","Fusion Hammer"],"picked":"Replay:Grab Bag"},{"not_picked":["aspiration:FutureDiary","Velvet Choker"],"picked":"Electric Blood"},{"not_picked":["Ectoplasm","Replay:Bronze Core"],"picked":"infinitespire:Cupcake"},{"not_picked":["Ring of Chaos","Astrolabe"],"picked":"Calling Bell"},{"not_picked":["energizedSpire:DeadBattery","hubris:BlackHole"],"picked":"Mark of Pain"}],"items_purged_floors":[12,20,39],"is_endless":false,"potions_floor_spawned":[2,6,10,16,18,24,31,38,41,44],"killed_by":"Nightmare","ascension_level":2}}