{"host":"x7u3amoxy3d4heu5","time":1613497538,"event":{"mods":["BaseMod","Colored Map","DeckTracker","Downfall","Hermit","Hubris","Infinite Spire","Marisa????????","Minty Spire (QoL Compilation)","Quick Restart","Replay The Spire","StSLib","The Cursed","The IronCluck","The Jungle","The Servant 0.9.4","The Wild Card","Unceasing Turn Reminder","slay the spire mod where everything is the same but ironclad has a cowboy hat"],"gold_per_floor":[0,16,16,35,89,120,120,120,120,120,131,147,147,163,177,177,177,177],"floor_reached":16,"language":"ENG","playtime":716,"items_purged":[],"score":122,"play_id":"d28ad5b9-3e86-4801-beb8-ab939b71648b","local_time":"20210216104538","is_ascension_mode":true,"campfire_choices":[{"data":"Guardian:TwinSlam","floor":1,"key":"SMITH"}],"circlet_count":0,"master_deck":["Guardian:Strike_Guardian","Guardian:Strike_Guardian","Guardian:Defend_Guardian","Guardian:Defend_Guardian","Guardian:Defend_Guardian","Guardian:CurlUp","Guardian:TwinSlam+1","Guardian:HyperBeam_Guardian","Guardian:ChargeCore","Guardian:ChargeCore","Guardian:PolyBeam","Guardian:Gem_Red","Guardian:Gem_Cyan","Guardian:Gem_Orange","Guardian:Gem_Blue","Guardian:Gem_Lightblue","Guardian:TemporalShield","Guardian:CompilePackage","Guardian:EvasiveProtocol"],"relics":["Guardian:ModeShifter","hubris:DeckOfHolding","Replay:Mystery Machine","Singing Bowl","Guardian:PickAxe","Guardian:DefensiveModeMoreBlock"],"acts_visited":["Exordium"],"potions_floor_usage":[16],"damage_taken":[{"damage":6,"enemies":"Cultist","floor":2,"turns":3},{"damage":0,"enemies":"2 Louse","floor":4,"turns":1},{"damage":17,"enemies":"Lagavulin","floor":6,"turns":5},{"damage":10,"enemies":"Lagavulin","floor":9,"turns":2},{"damage":0,"enemies":"Small Slimes","floor":11,"turns":1},{"damage":2,"enemies":"2 Fungi Beasts","floor":12,"turns":2},{"damage":0,"enemies":"Red Slaver","floor":14,"turns":3},{"damage":0,"enemies":"Blue Slaver","floor":15,"turns":1},{"damage":19,"enemies":"IC_STATUS_ARCHETYPE","floor":16,"turns":4}],"seed_played":"-2414684004846790508","potions_obtained":[{"floor":2,"key":"Explosive Potion"},{"floor":4,"key":"SpeedPotion"},{"floor":5,"key":"EssenceOfSteel"},{"floor":12,"key":"Adrenaline Potion"}],"is_trial":false,"path_per_floor":["R","M","?","M","?","E","T","?","?","?","M","M","T","M","M","B"],"character_chosen":"GUARDIAN","items_purchased":[],"campfire_rested":0,"item_purchase_floors":[],"current_hp_per_floor":[80,74,80,80,48,31,31,31,15,15,15,13,13,13,13,0,0,0],"gold":177,"neow_bonus":"TRANSFORM_TWO_CARDS","is_daily":false,"chose_seed":false,"campfire_upgraded":1,"win_rate":0.0,"timestamp":1613497538,"path_taken":["R","M","?","?","?","E","T","?","?","?","?","M","?","M","M","BOSS"],"items_purchased_type":[],"build_version":"2020-12-22","purchased_purges":0,"victory":false,"max_hp_per_floor":[80,80,80,80,80,80,80,80,80,80,80,80,80,80,80,80,80,80],"card_choices":[{"not_picked":["Guardian:TemporalStrike","Guardian:BodySlam"],"picked":"Guardian:ChargeCore","floor":2},{"not_picked":["Guardian:RefractedBeam","Guardian:Planning"],"picked":"Guardian:ChargeCore","floor":4},{"not_picked":["Guardian:WalkerClaw","Guardian:RollAttack"],"picked":"Guardian:PolyBeam","floor":5},{"not_picked":["Guardian:RefractedBeam","Guardian:FierceBash","Guardian:CrystalBeam"],"picked":"SKIP","floor":6},{"not_picked":["Guardian:TemporalShield","Guardian:Gem_Red"],"picked":"Guardian:Gem_Lightblue","floor":11},{"not_picked":["Guardian:Gem_Blue","Guardian:CrystalBeam"],"picked":"Guardian:TemporalShield","floor":12},{"not_picked":["Guardian:DecasProtection","Guardian:Recover"],"picked":"Guardian:CompilePackage","floor":14},{"not_picked":["Guardian:Recover","Guardian:Gem_Red"],"picked":"Guardian:EvasiveProtocol","floor":15}],"player_experience":963425,"relics_obtained":[{"floor":5,"key":"hubris:DeckOfHolding"},{"floor":6,"key":"Replay:Mystery Machine"},{"floor":7,"key":"Singing Bowl"},{"floor":13,"key":"Guardian:DefensiveModeMoreBlock"}],"event_choices":[{"cards_removed":["Guardian:TimeBomb"],"damage_healed":6,"gold_gain":0,"player_choice":"Offered Uncommon","damage_taken":0,"max_hp_gain":0,"max_hp_loss":0,"event_name":"Bonfire Elementals","floor":3,"gold_loss":0}],"is_beta":false,"boss_relics":[],"items_purged_floors":[],"is_endless":false,"potions_floor_spawned":[2,4,12,14],"killed_by":"IC_STATUS_ARCHETYPE","ascension_level":4}}