{"host":"2fgwwnzqc97k7iys","time":1613511993,"event":{"mods":["BaseMod","Colored Map","Minty Spire (QoL Compilation)","Quick Restart","Relic Stats"],"gold_per_floor":[109,125,136,152,40,70,70,84,107,107,107,123,155,12,12,108,108,123,136,155,155,165,165,200,200,246,246,246,196,196,215,215,215,215],"floor_reached":33,"language":"ENG","playtime":2077,"items_purged":["Strike_B","Strike_B"],"score":416,"play_id":"f4ad71e8-2497-46f7-b1e3-36cd5683554b","local_time":"20210216154633","is_ascension_mode":true,"campfire_choices":[{"data":"Defragment","floor":7,"key":"SMITH"},{"data":"Sunder","floor":10,"key":"SMITH"},{"data":"Fission","floor":15,"key":"SMITH"},{"data":"Double Energy","floor":23,"key":"SMITH"},{"data":"Tempest","floor":28,"key":"SMITH"},{"data":"Thunder Strike","floor":32,"key":"SMITH"}],"circlet_count":0,"master_deck":["AscendersBane","Strike_B","Strike_B","Defend_B","Defend_B","Zap","Dualcast","Impatience","Glacier","Cold Snap","Cold Snap","Tempest+1","Defragment+1","Sunder+1","Conserve Battery","Turbo","Fission+1","Buffer","White Noise","Compile Driver","Sweeping Beam","Thunder Strike+1","Double Energy+1","Reinforced Body","Lockon"],"relics":["Cracked Core","DataDisk","Smiling Mask","Orichalcum","Velvet Choker","Centennial Puzzle","MealTicket"],"acts_visited":["Exordium","TheCity"],"potions_floor_usage":[6,6,31],"damage_taken":[{"damage":0,"enemies":"Cultist","floor":1,"turns":3},{"damage":7,"enemies":"Jaw Worm","floor":2,"turns":4},{"damage":5,"enemies":"Small Slimes","floor":3,"turns":3},{"damage":7,"enemies":"Looter","floor":4,"turns":4},{"damage":5,"enemies":"3 Sentries","floor":6,"turns":4},{"damage":12,"enemies":"2 Fungi Beasts","floor":8,"turns":3},{"damage":10,"enemies":"3 Louse","floor":12,"turns":3},{"damage":15,"enemies":"Gremlin Nob","floor":13,"turns":4},{"damage":3,"enemies":"Hexaghost","floor":16,"turns":15},{"damage":0,"enemies":"Chosen","floor":18,"turns":3},{"damage":0,"enemies":"Shell Parasite","floor":19,"turns":4},{"damage":7,"enemies":"Cultist and Chosen","floor":20,"turns":6},{"damage":1,"enemies":"Shelled Parasite and Fungi","floor":22,"turns":6},{"damage":24,"enemies":"Gremlin Leader","floor":24,"turns":7},{"damage":0,"enemies":"Snake Plant","floor":31,"turns":2},{"damage":37,"enemies":"Champ","floor":33,"turns":14}],"seed_played":"1884411590996884138","potions_obtained":[{"floor":1,"key":"AttackPotion"},{"floor":2,"key":"Dexterity Potion"},{"floor":4,"key":"PowerPotion"},{"floor":13,"key":"Explosive Potion"},{"floor":16,"key":"EssenceOfSteel"}],"is_trial":false,"path_per_floor":["M","M","M","M","$","E","R","M","T","R","?","M","E","$","R","B",null,"M","M","M","?","M","R","E","?","T","?","R","$","?","M","R","B"],"character_chosen":"DEFECT","items_purchased":["Defragment","Fission"],"campfire_rested":0,"item_purchase_floors":[5,14],"current_hp_per_floor":[68,61,56,49,49,44,44,32,32,32,32,22,7,7,7,4,57,57,57,50,50,49,49,25,11,11,11,11,26,26,26,26,0,0],"gold":215,"neow_bonus":"RANDOM_COLORLESS","is_daily":false,"chose_seed":false,"campfire_upgraded":6,"win_rate":0.0,"timestamp":1613511993,"path_taken":["M","M","M","M","?","E","R","M","T","R","?","M","E","$","R","BOSS","M","M","M","?","M","R","E","?","T","?","R","$","?","M","R","BOSS"],"items_purchased_type":["Card","Card"],"build_version":"2020-12-22","purchased_purges":2,"victory":false,"max_hp_per_floor":[75,75,75,75,75,75,75,75,75,75,75,75,75,75,75,75,75,75,75,75,75,75,75,75,80,80,80,80,80,80,80,80,80,80],"relic_stats":{"Centennial Puzzle":[3],"counters":[16,85],"MealTicket":15,"Orichalcum":[78],"Smiling Mask":50,"obtain_stats":[{"DataDisk":6,"Centennial Puzzle":24,"Velvet Choker":17,"MealTicket":26,"Orichalcum":13,"Cracked Core":0,"Smiling Mask":9},{"DataDisk":5,"Centennial Puzzle":14,"Velvet Choker":9,"MealTicket":14,"Orichalcum":8,"Cracked Core":0,"Smiling Mask":6},{"DataDisk":18,"Centennial Puzzle":69,"Velvet Choker":43,"MealTicket":69,"Orichalcum":28,"Cracked Core":0,"Smiling Mask":21}]},"card_choices":[{"not_picked":["Forethought","Purity"],"picked":"Impatience","floor":0},{"not_picked":["Lockon","Defragment"],"picked":"Glacier","floor":1},{"not_picked":["Leap","Go for the Eyes"],"picked":"Cold Snap","floor":2},{"not_picked":["Rip and Tear","Streamline"],"picked":"Cold Snap","floor":3},{"not_picked":["Beam Cell","Recycle"],"picked":"Tempest","floor":4},{"not_picked":["Rebound","Coolheaded","Creative AI"],"picked":"SKIP","floor":6},{"not_picked":["Gash","Coolheaded"],"picked":"Sunder","floor":8},{"not_picked":["Compile Driver","Redo"],"picked":"Conserve Battery","floor":12},{"not_picked":["Force Field","Recycle"],"picked":"Turbo","floor":13},{"not_picked":["Core Surge","Creative AI"],"picked":"Buffer","floor":16},{"not_picked":["Redo","Self Repair"],"picked":"White Noise","floor":18},{"not_picked":["Auto Shields","Compile Driver","Leap+1"],"picked":"SKIP","floor":19},{"not_picked":["Force Field","Ball Lightning+1"],"picked":"Compile Driver","floor":20},{"not_picked":["Hologram","Amplify"],"picked":"Double Energy","floor":22},{"not_picked":["Hologram+1","Redo","Recycle"],"picked":"SKIP","floor":24},{"not_picked":["Compile Driver","Beam Cell"],"picked":"Lockon","floor":31}],"player_experience":584795,"relics_obtained":[{"floor":6,"key":"DataDisk"},{"floor":9,"key":"Smiling Mask"},{"floor":13,"key":"Orichalcum"},{"floor":24,"key":"Centennial Puzzle"},{"floor":26,"key":"MealTicket"}],"event_choices":[{"damage_healed":0,"gold_gain":0,"player_choice":"Ignored","damage_taken":0,"max_hp_gain":0,"max_hp_loss":0,"event_name":"Liars Game","floor":11,"gold_loss":0},{"damage_healed":0,"gold_gain":0,"cards_transformed":["Defend_B","Defend_B"],"player_choice":"Became Test Subject","damage_taken":0,"max_hp_gain":0,"max_hp_loss":0,"event_name":"Drug Dealer","floor":21,"gold_loss":0,"cards_obtained":["Sweeping Beam","Thunder Strike"]},{"damage_healed":0,"gold_gain":0,"player_choice":"Shed Blood","damage_taken":19,"max_hp_gain":5,"max_hp_loss":0,"event_name":"Forgotten Altar","floor":25,"gold_loss":0},{"damage_healed":0,"gold_gain":0,"player_choice":"Read","damage_taken":0,"max_hp_gain":0,"max_hp_loss":0,"event_name":"The Library","floor":27,"gold_loss":0,"cards_obtained":["Reinforced Body"]},{"damage_healed":0,"gold_gain":0,"player_choice":"Ignored","damage_taken":0,"max_hp_gain":0,"max_hp_loss":0,"event_name":"Cursed Tome","floor":30,"gold_loss":0}],"is_beta":false,"boss_relics":[{"not_picked":["Runic Dome","Fusion Hammer"],"picked":"Velvet Choker"}],"items_purged_floors":[5,29],"is_endless":false,"potions_floor_spawned":[1,2,4,13,16,19,20,24],"killed_by":"Champ","ascension_level":10}}