{"host":"kb6kd92pmlm29812","time":1613514530,"event":{"mods":["AchievementEnabler","BaseMod","Colored Map","Highlight Path","Minty Spire (QoL Compilation)","Permanent Neow","Quick Restart","StSLib"],"gold_per_floor":[110,127,137,0,0,43,43,68,94,119,119,119,153,167,167,288,288,304,127,148,148,48,48,62,86,86,104,127,168,93,134,134,134,134],"floor_reached":33,"language":"ENG","playtime":2177,"items_purged":["Strike_R","Strike_R"],"score":318,"play_id":"e67d8f43-9573-4264-b879-76d821296a58","local_time":"20210216172850","is_ascension_mode":true,"campfire_choices":[{"data":"Brutality","floor":7.0,"key":"SMITH"},{"data":"Rupture","floor":11.0,"key":"SMITH"},{"data":"Warcry","floor":15.0,"key":"SMITH"},{"data":"Uppercut","floor":23.0,"key":"SMITH"},{"data":"Rage","floor":32.0,"key":"SMITH"}],"circlet_count":0,"master_deck":["Strike_R","Strike_R","Strike_R","Defend_R","Defend_R","Defend_R","Bash","Brutality+1","Pommel Strike","Flash of Steel","Shrug It Off","Rupture+1","Rage+1","Warcry+1","Reaper","Inflame","Uppercut+1","Heavy Blade","Cleave","Rupture+1","Iron Wave+1","Shrug It Off","Pommel Strike","Flame Barrier"],"relics":["Burning Blood","Golden Idol","Orichalcum","MealTicket","Odd Mushroom","Sozu","Meat on the Bone","Potion Belt","Matryoshka"],"acts_visited":["Exordium","TheCity"],"potions_floor_usage":[],"damage_taken":[{"damage":19.0,"enemies":"Cultist","floor":1.0,"turns":5.0},{"damage":2.0,"enemies":"Jaw Worm","floor":2.0,"turns":2.0},{"damage":5.0,"enemies":"Small Slimes","floor":3.0,"turns":3.0},{"damage":16.0,"enemies":"Gremlin Nob","floor":6.0,"turns":3.0},{"damage":11.0,"enemies":"2 Fungi Beasts","floor":8.0,"turns":5.0},{"damage":11.0,"enemies":"Exordium Wildlife","floor":10.0,"turns":4.0},{"damage":21.0,"enemies":"The Mushroom Lair","floor":13.0,"turns":5.0},{"damage":2.0,"enemies":"Exordium Thugs","floor":14.0,"turns":3.0},{"damage":48.0,"enemies":"The Guardian","floor":16.0,"turns":10.0},{"damage":24.0,"enemies":"Shell Parasite","floor":18.0,"turns":5.0},{"damage":26.0,"enemies":"Spheric Guardian","floor":20.0,"turns":5.0},{"damage":22.0,"enemies":"Snecko","floor":24.0,"turns":4.0},{"damage":17.0,"enemies":"Cultist and Chosen","floor":25.0,"turns":5.0},{"damage":22.0,"enemies":"Sentry and Sphere","floor":27.0,"turns":5.0},{"damage":19.0,"enemies":"Snake Plant","floor":28.0,"turns":5.0},{"damage":29.0,"enemies":"Book of Stabbing","floor":29.0,"turns":5.0},{"damage":46.0,"enemies":"Slavers","floor":31.0,"turns":5.0},{"damage":29,"enemies":"Automaton","floor":33,"turns":6}],"seed_played":"-3716400876850166452","potions_obtained":[{"floor":1.0,"key":"EntropicBrew"},{"floor":3.0,"key":"AttackPotion"},{"floor":6.0,"key":"BlessingOfTheForge"},{"floor":14.0,"key":"Strength Potion"}],"is_trial":false,"path_per_floor":["M","M","M","$","?","E","R","M","T","M","R","?","?","M","R","B",null,"M","$","M","?","$","R","M","M","T","M","M","E","?","E","R","B"],"character_chosen":"IRONCLAD","items_purchased":["Flash of Steel","Shrug It Off","Uppercut","Heavy Blade"],"campfire_rested":0,"item_purchase_floors":[4,4,19,19],"current_hp_per_floor":[67,71,72,72,52,51,51,46,46,41,41,67,52,56,56,14,80,72,80,70,70,80,80,64,63,63,55,54,52,52,36,36,7,7],"gold":134,"neow_bonus":"ONE_RANDOM_RARE_CARD","is_daily":false,"chose_seed":false,"campfire_upgraded":5,"win_rate":0.0,"timestamp":1613514530,"path_taken":["M","M","M","?","?","E","R","M","T","M","R","?","?","M","R","BOSS","M","$","M","?","?","R","M","M","T","M","?","E","?","E","R","BOSS"],"items_purchased_type":["Card","Card","Card","Card"],"build_version":"2020-12-22","purchased_purges":2,"victory":false,"max_hp_per_floor":[80,80,80,80,80,80,80,80,80,80,80,80,80,80,80,80,80,80,80,80,80,80,80,80,80,80,80,80,80,80,80,80,80,80],"card_choices":[{"not_picked":["Disarm","Thunderclap","True Grit"],"picked":"SKIP","floor":1.0},{"not_picked":["Headbutt","Clothesline","Spot Weakness"],"picked":"SKIP","floor":2.0},{"not_picked":["Blood for Blood","Burning Pact"],"picked":"Pommel Strike","floor":3.0},{"not_picked":["Rampage","Anger"],"picked":"Rupture","floor":6.0},{"not_picked":["Anger","Searing Blow","Feel No Pain"],"picked":"SKIP","floor":8.0},{"not_picked":["Dual Wield","Clothesline"],"picked":"Rage","floor":10.0},{"not_picked":["Blood for Blood","Cleave"],"picked":"Warcry","floor":14.0},{"not_picked":["Impervious","Juggernaut"],"picked":"Reaper","floor":16.0},{"not_picked":["Sword Boomerang","Ghostly Armor"],"picked":"Inflame","floor":18.0},{"not_picked":["Iron Wave","Disarm"],"picked":"Cleave","floor":20.0},{"not_picked":["Armaments","Clash"],"picked":"Iron Wave+1","floor":24.0},{"not_picked":["Headbutt+1","Perfected Strike","Anger"],"picked":"SKIP","floor":25.0},{"not_picked":["Body Slam","Intimidate"],"picked":"Shrug It Off","floor":27.0},{"not_picked":["Dropkick","Rampage+1"],"picked":"Pommel Strike","floor":28.0},{"not_picked":["Entrench+1","Clothesline"],"picked":"Flame Barrier","floor":29.0},{"not_picked":["Burning Pact","Infernal Blade","Bludgeon"],"picked":"SKIP","floor":31.0}],"player_experience":45142,"relics_obtained":[{"floor":6.0,"key":"Orichalcum"},{"floor":9.0,"key":"MealTicket"},{"floor":13.0,"key":"Odd Mushroom"},{"floor":26.0,"key":"Meat on the Bone"},{"floor":29.0,"key":"Potion Belt"},{"floor":31.0,"key":"Matryoshka"}],"event_choices":[{"damage_healed":0.0,"max_hp_gain":0.0,"max_hp_loss":0.0,"gold_gain":0.0,"event_name":"Golden Idol","player_choice":"Take Damage","floor":5.0,"gold_loss":0.0,"damage_taken":20.0,"relics_obtained":["Golden Idol"]},{"damage_healed":26.0,"max_hp_gain":0.0,"max_hp_loss":0.0,"gold_gain":0.0,"event_name":"Big Fish","player_choice":"Banana","floor":12.0,"gold_loss":0.0,"damage_taken":0.0},{"damage_healed":0.0,"max_hp_gain":0.0,"max_hp_loss":0.0,"gold_gain":0.0,"event_name":"Mushrooms","player_choice":"Fought Mushrooms","floor":13.0,"gold_loss":0.0,"damage_taken":0.0},{"damage_healed":0.0,"max_hp_gain":0.0,"max_hp_loss":0.0,"gold_gain":0.0,"event_name":"Duplicator","player_choice":"Copied","floor":21.0,"gold_loss":0.0,"damage_taken":0.0,"cards_obtained":["Rupture"]},{"cards_removed":["Defend_R"],"damage_healed":0.0,"max_hp_gain":0.0,"max_hp_loss":0.0,"gold_gain":0.0,"event_name":"Beggar","player_choice":"Gave Gold","floor":30.0,"gold_loss":75.0,"damage_taken":0.0}],"is_beta":false,"boss_relics":[{"not_picked":["Calling Bell","Astrolabe"],"picked":"Sozu"}],"items_purged_floors":[19,22],"is_endless":false,"potions_floor_spawned":[1,3,6,14,20,24,27,31],"killed_by":"Automaton","ascension_level":2}}