{"host":"raaimkojny05jekw","time":1613466286,"event":{"mods":["AchievementEnabler","BaseMod","Colored Map","Colored Powertips","DeckTracker","Minty Spire (QoL Compilation)","Quick Restart","Rare Cards Sparkle","everything is the same but u backflip on backflip"],"gold_per_floor":[113,113,113,131,131,131,160,7,33,33,62,74,74,105,105,209,209,228,228,228,328,328,348,25,43,68,68,86,86,11,29,29,128,128,143,143,162,181,191,223,223,223,223,238,255,70,70,88,88,88,88,88,17,51,51,51],"floor_reached":55,"language":"KOR","playtime":1416,"items_purged":["Strike_R","Strike_R"],"score":1095,"play_id":"67c98fd6-9fb6-4d19-87b4-ae1278ba5a8b","local_time":"20210216180446","is_ascension_mode":true,"campfire_choices":[{"data":"Whirlwind","floor":6,"key":"SMITH"},{"data":"Bash","floor":10,"key":"SMITH"},{"data":"Offering","floor":15,"key":"SMITH"},{"data":"Shrug It Off","floor":29,"key":"SMITH"},{"floor":32,"key":"RECALL"},{"floor":42,"key":"REST"},{"data":"Headbutt","floor":47,"key":"SMITH"},{"floor":49,"key":"REST"},{"floor":52,"key":"REST"}],"circlet_count":0,"master_deck":["Strike_R","Defend_R","Defend_R","Defend_R","Defend_R","Bash+1","Offering+1","Whirlwind+1","Whirlwind+1","Bloodletting+1","Impervious+1","True Grit+1","Trip+1","Shrug It Off+1","Headbutt+1","Impervious+1","Warcry+1","Parasite","Blind+1","Shrug It Off+1"],"relics":["Burning Blood","Juzu Bracelet","Bird Faced Urn","Chemical X","Pen Nib","Odd Mushroom","Toxic Egg 2","Busted Crown","Strawberry","Nilry\u0027s Codex","ClockworkSouvenir","Nunchaku","Cursed Key","Self Forming Clay","Anchor"],"acts_visited":["Exordium","TheCity","TheBeyond","TheEnding"],"potions_floor_usage":[11,16,31,33,38,54,55,55],"damage_taken":[{"damage":8,"enemies":"Small Slimes","floor":1,"turns":3},{"damage":8,"enemies":"Jaw Worm","floor":4,"turns":2},{"damage":14,"enemies":"Gremlin Nob","floor":7,"turns":3},{"damage":0,"enemies":"The Mushroom Lair","floor":11,"turns":1},{"damage":2,"enemies":"2 Louse","floor":12,"turns":2},{"damage":6,"enemies":"Lagavulin","floor":14,"turns":2},{"damage":9,"enemies":"Slime Boss","floor":16,"turns":3},{"damage":6,"enemies":"Spheric Guardian","floor":18,"turns":2},{"damage":2,"enemies":"Chosen","floor":23,"turns":3},{"damage":15,"enemies":"Snake Plant","floor":25,"turns":3},{"damage":6,"enemies":"Cultist and Chosen","floor":28,"turns":2},{"damage":6,"enemies":"Shelled Parasite and Fungi","floor":31,"turns":1},{"damage":34,"enemies":"Champ","floor":33,"turns":4},{"damage":6,"enemies":"3 Darklings","floor":35,"turns":1},{"damage":6,"enemies":"Orb Walker","floor":37,"turns":3},{"damage":9,"enemies":"Spire Growth","floor":38,"turns":2},{"damage":11,"enemies":"Maw","floor":39,"turns":4},{"damage":9,"enemies":"Reptomancer","floor":40,"turns":2},{"damage":6,"enemies":"Jaw Worm Horde","floor":44,"turns":2},{"damage":9,"enemies":"4 Shapes","floor":45,"turns":2},{"damage":21,"enemies":"Maw","floor":48,"turns":5},{"damage":40,"enemies":"Donu and Deca","floor":50,"turns":4},{"damage":50,"enemies":"Shield and Spear","floor":54,"turns":5},{"damage":45,"enemies":"The Heart","floor":55,"turns":4}],"seed_played":"5205442374835781241","potions_obtained":[{"floor":4,"key":"Explosive Potion"},{"floor":7,"key":"SmokeBomb"},{"floor":11,"key":"Fire Potion"},{"floor":16,"key":"Swift Potion"},{"floor":28,"key":"Explosive Potion"},{"floor":33,"key":"DuplicationPotion"},{"floor":37,"key":"Weak Potion"},{"floor":45,"key":"SpeedPotion"}],"is_trial":false,"path_per_floor":["M","?","?","M","?","R","E","$","T","R","?","M","?","E","R","B",null,"M","?","?","?","?","M","$","M","T","?","M","R","?","M","R","B",null,"M","?","M","M","M","E","?","R","T","M","M","$","R","M","R","B",null,"R","$","E","B"],"character_chosen":"IRONCLAD","items_purchased":["Chemical X","Trip+1","ClockworkSouvenir","Blind+1","Shrug It Off+1","Dexterity Potion"],"campfire_rested":3,"item_purchase_floors":[8,24,24,46,53,53],"current_hp_per_floor":[70,70,58,56,56,56,48,48,48,48,54,58,58,58,58,55,74,74,74,81,81,65,69,69,60,60,60,60,60,60,60,60,32,73,73,73,73,70,67,64,64,87,87,87,84,84,84,69,87,53,79,87,87,43,0,0],"gold":51,"neow_bonus":"TRANSFORM_CARD","is_daily":false,"chose_seed":false,"campfire_upgraded":5,"win_rate":0.0,"timestamp":1613466286,"path_taken":["M","?","?","M","?","R","E","$","T","R","?","M","?","E","R","BOSS","M","?","?","?","?","M","$","M","T","?","M","R","?","M","R","BOSS","M","?","M","M","M","E","?","R","T","M","M","$","R","M","R","BOSS","R","$","E","BOSS"],"items_purchased_type":["Relic","Card","Relic","Card","Card","Potion"],"build_version":"2020-12-22","purchased_purges":2,"victory":false,"max_hp_per_floor":[80,80,80,80,80,80,80,80,80,80,80,80,80,80,80,80,80,80,80,87,87,87,87,87,87,87,87,87,87,87,87,87,87,87,87,87,87,87,87,87,87,87,87,87,87,87,87,87,87,87,87,87,87,87,87,87],"card_choices":[{"not_picked":["Warcry","Pommel Strike"],"picked":"Perfected Strike","floor":1},{"not_picked":["Uppercut","Bloodletting"],"picked":"Whirlwind","floor":4},{"not_picked":["Sword Boomerang","Searing Blow"],"picked":"Whirlwind","floor":7},{"not_picked":["Clash","Anger"],"picked":"Shrug It Off","floor":11},{"not_picked":["Sentinel","Infernal Blade","Perfected Strike"],"picked":"SKIP","floor":12},{"not_picked":["Flame Barrier+1","Ghostly Armor+1"],"picked":"Bloodletting+1","floor":14},{"not_picked":["Fiend Fire","Juggernaut"],"picked":"Impervious+1","floor":16},{"not_picked":["Heavy Blade"],"picked":"SKIP","floor":18},{"not_picked":[],"picked":"True Grit+1","floor":23},{"not_picked":["Pummel+1"],"picked":"SKIP","floor":25},{"not_picked":[],"picked":"Headbutt","floor":28},{"not_picked":["Clash"],"picked":"SKIP","floor":31},{"not_picked":[],"picked":"Impervious+1","floor":33},{"not_picked":[],"picked":"Warcry+1","floor":35},{"not_picked":["Dropkick"],"picked":"SKIP","floor":37},{"not_picked":["Sword Boomerang+1"],"picked":"SKIP","floor":38},{"not_picked":["Disarm+1"],"picked":"SKIP","floor":39},{"not_picked":["Iron Wave"],"picked":"SKIP","floor":40},{"not_picked":["Wild Strike+1"],"picked":"SKIP","floor":44},{"not_picked":["Perfected Strike"],"picked":"SKIP","floor":45},{"not_picked":["Sever Soul+1"],"picked":"SKIP","floor":48},{"not_picked":["Cleave+1"],"picked":"SKIP","floor":54}],"player_experience":762391,"relics_obtained":[{"floor":7,"key":"Bird Faced Urn"},{"floor":9,"key":"Pen Nib"},{"floor":11,"key":"Odd Mushroom"},{"floor":14,"key":"Toxic Egg 2"},{"floor":22,"key":"Nilry\u0027s Codex"},{"floor":26,"key":"Nunchaku"},{"floor":40,"key":"Self Forming Clay"},{"floor":54,"key":"Anchor"}],"event_choices":[{"damage_healed":0,"gold_gain":0,"player_choice":"Ignored","damage_taken":0,"max_hp_gain":0,"max_hp_loss":0,"event_name":"Liars Game","floor":2,"gold_loss":0},{"damage_healed":0,"gold_gain":0,"player_choice":"Success","damage_taken":12,"relics_obtained":["Juzu Bracelet"],"max_hp_gain":0,"max_hp_loss":0,"event_name":"Scrap Ooze","floor":3,"gold_loss":0},{"cards_removed":["Strike_R"],"damage_healed":0,"gold_gain":0,"player_choice":"Purged","damage_taken":0,"max_hp_gain":0,"max_hp_loss":0,"event_name":"Purifier","floor":5,"gold_loss":0},{"damage_healed":0,"gold_gain":0,"player_choice":"Fought Mushrooms","damage_taken":0,"max_hp_gain":0,"max_hp_loss":0,"event_name":"Mushrooms","floor":11,"gold_loss":0},{"damage_healed":0,"gold_gain":0,"player_choice":"Grow","damage_taken":0,"max_hp_gain":0,"max_hp_loss":0,"event_name":"Living Wall","floor":13,"gold_loss":0,"cards_upgraded":["Whirlwind"]},{"damage_healed":0,"gold_gain":0,"player_choice":"Ignored","damage_taken":0,"max_hp_gain":0,"max_hp_loss":0,"event_name":"Ghosts","floor":19,"gold_loss":0},{"damage_healed":0,"gold_gain":0,"player_choice":"Opened","damage_taken":0,"relics_obtained":["Strawberry"],"max_hp_gain":0,"max_hp_loss":0,"event_name":"The Mausoleum","floor":20,"gold_loss":0},{"damage_healed":0,"gold_gain":100,"player_choice":"Pray","damage_taken":0,"max_hp_gain":0,"max_hp_loss":0,"event_name":"Golden Shrine","floor":21,"gold_loss":0},{"damage_healed":0,"gold_gain":0,"player_choice":"Obtained Book","damage_taken":16,"max_hp_gain":0,"max_hp_loss":0,"event_name":"Cursed Tome","floor":22,"gold_loss":0},{"damage_healed":0,"gold_gain":0,"player_choice":"Read","damage_taken":0,"max_hp_gain":0,"max_hp_loss":0,"event_name":"The Library","floor":27,"gold_loss":0,"cards_obtained":["Shrug It Off"]},{"cards_removed":["Perfected Strike"],"damage_healed":0,"gold_gain":0,"player_choice":"Gave Gold","damage_taken":0,"max_hp_gain":0,"max_hp_loss":0,"event_name":"Beggar","floor":30,"gold_loss":75},{"damage_healed":0,"gold_gain":0,"player_choice":"Ignored","damage_taken":0,"max_hp_gain":0,"max_hp_loss":0,"event_name":"Tomb of Lord Red Mask","floor":36,"gold_loss":0},{"cards_removed":["Shrug It Off"],"damage_healed":0,"gold_gain":0,"player_choice":"Removed Skill","damage_taken":0,"max_hp_gain":0,"max_hp_loss":0,"event_name":"Falling","floor":41,"gold_loss":0}],"is_beta":false,"boss_relics":[{"not_picked":["Black Star","Coffee Dripper"],"picked":"Busted Crown"},{"not_picked":["Snecko Eye","Runic Dome"],"picked":"Cursed Key"}],"items_purged_floors":[24,46],"is_endless":false,"potions_floor_spawned":[4,7,11,16,28,33,37,45],"killed_by":"The Heart","ascension_level":9}}