{"host":"21o28mgl9u9ntir2","time":1613492586,"event":{"mods":["BaseMod","BetterRewards","Colored Powertips","Minty Spire (QoL Compilation)","Quick Restart","Remove Card Discount Mod","SOS（斯巴达之子）","Spicy Shops","StSLib","SuperFastMode","[IsaacMod]以撒尖塔","【遗物卡牌】REMEMod","残留之物"],"gold_per_floor":[115,190,190,190,203,242,242,256,256,279,279,32,48,73,73,203,203,218,67,80,95,95,95,139,57,57,132,132,168,16,16,16,147,147,166,166,245,245,261,296,310,310,389,409,55,76,76,94,94,94,94,94,12,55,55],"floor_reached":56,"language":"ZHS","playtime":2196,"items_purged":["PlaceholderMod:BaseDefend","PlaceholderMod:BaseStrike","PlaceholderMod:ComplexForm","PlaceholderMod:BaseStrike","PlaceholderMod:BaseStrike","PlaceholderMod:ThreeBenzyolStart+1","PlaceholderMod:AbsorbTouch+1","PlaceholderMod:BaseDefend","PlaceholderMod:PoisonWhip"],"score":1415,"play_id":"a7eae7b3-8259-4a62-b3f0-a31f292d7a4a","local_time":"20210217002306","is_ascension_mode":false,"campfire_choices":[{"data":"PlaceholderMod:ThreeBenzyolStart","floor":7,"key":"SMITH"},{"data":"PlaceholderMod:SeverePoisonStrike","floor":11,"key":"SMITH"},{"floor":15,"key":"RECALL"},{"floor":23,"key":"REST"},{"data":"PlaceholderMod:DiffusionPoison","floor":28,"key":"SMITH"},{"floor":32,"key":"REST"},{"floor":42,"key":"REST"},{"data":"PlaceholderMod:DiffusionPoison","floor":47,"key":"SMITH"},{"data":"Offering","floor":49,"key":"SMITH"},{"data":"PlaceholderMod:HardStinger","floor":52,"key":"SMITH"}],"circlet_count":0,"master_deck":["PlaceholderMod:BaseDefend","PlaceholderMod:BaseDefend+1","PlaceholderMod:BaseDefend","PlaceholderMod:Crystal","Offering+1","PlaceholderMod:TriggerStrike","PlaceholderMod:ChainPoly+1","PlaceholderMod:Sweep","PlaceholderMod:SeverePoisonStrike+1","PlaceholderMod:HardStrike+1","PlaceholderMod:TriggerStrike+1","PlaceholderMod:EvolutionSpray+1","PlaceholderMod:HardStinger+1","PlaceholderMod:DiffusionPoison+1","PlaceholderMod:Eat+1","PlaceholderMod:CycleAttack+1","PlaceholderMod:DiffusionPoison+1","PlaceholderMod:HardStinger+1"],"relics":["PlaceholderMod:Tancle","HushsDoor","REME_ComplimentaryCards","GuppysTail","NeowsBlessing","Golden Idol","War Paint","Molten Egg 2","PlaceholderMod:DaolothFragment","SlaversCollar","GuppysCollar","EdensBlessing","REME_CardOfGreed","MutagenicStrength","Tiny Chest","PillsDrop","White Beast Statue","SteamSale","SacredBark","REME_HourglassOfDeath","Meat on the Bone","Toxic Egg 2","Blood Vial","Letter Opener","PlaceholderMod:Abhoth","Bottled Tornado"],"acts_visited":["Exordium","TheCity","TheBeyond","TheEnding"],"potions_floor_usage":[16,33,35,50,55,55],"damage_taken":[{"damage":3,"enemies":"Small Slimes","floor":1,"turns":2},{"damage":0,"enemies":"2 Louse","floor":5,"turns":1},{"damage":0,"enemies":"Lagavulin","floor":6,"turns":1},{"damage":6,"enemies":"Jaw Worm","floor":8,"turns":3},{"damage":0,"enemies":"Large Slime","floor":10,"turns":4},{"damage":6,"enemies":"Exordium Thugs","floor":13,"turns":7},{"damage":0,"enemies":"Blue Slaver","floor":14,"turns":4},{"damage":6,"enemies":"Slime Boss","floor":16,"turns":4},{"damage":7,"enemies":"2 Thieves","floor":18,"turns":2},{"damage":6,"enemies":"3 Byrds","floor":20,"turns":3},{"damage":14,"enemies":"3 Cultists","floor":21,"turns":7},{"damage":4,"enemies":"Book of Stabbing","floor":24,"turns":5},{"damage":6,"enemies":"Gremlin Leader","floor":29,"turns":4},{"damage":10,"enemies":"Collector","floor":33,"turns":5},{"damage":8,"enemies":"3 Darklings","floor":35,"turns":4},{"damage":12,"enemies":"3 Shapes","floor":39,"turns":4},{"damage":21,"enemies":"Nemesis","floor":40,"turns":5},{"damage":17,"enemies":"Spire Growth","floor":41,"turns":4},{"damage":10,"enemies":"Jaw Worm Horde","floor":44,"turns":3},{"damage":6,"enemies":"Sphere and 2 Shapes","floor":46,"turns":4},{"damage":6,"enemies":"4 Shapes","floor":48,"turns":5},{"damage":17,"enemies":"Donu and Deca","floor":50,"turns":5},{"damage":6,"enemies":"Shield and Spear","floor":54,"turns":3},{"damage":44,"enemies":"The Heart","floor":55,"turns":9}],"seed_played":"-2287077276150794031","potions_obtained":[{"floor":5,"key":"SkillPotion"},{"floor":6,"key":"PowerPotion"},{"floor":10,"key":"SteroidPotion"},{"floor":16,"key":"Block Potion"},{"floor":33,"key":"Strength Potion"},{"floor":35,"key":"BlessingOfTheForge"},{"floor":54,"key":"SpeedPotion"}],"is_trial":false,"path_per_floor":["M","?","?","?","M","E","R","M","T","M","R","$","M","M","R","B",null,"M","$","M","M","?","R","E","$","T","T","R","E","$","?","R","B",null,"M","?","T","?","M","E","M","R","T","M","$","M","R","M","R","B",null,"R","$","E","B",null],"character_chosen":"THE_PLACEHOLDER","items_purchased":["PlaceholderMod:DaolothFragment","GuppysCollar","PlaceholderMod:EvolutionSpray+1","EdensBlessing","REME_CardOfGreed","PlaceholderMod:DiffusionPoison","SteamSale","Blood Vial","Letter Opener","PlaceholderMod:DiffusionPoison","PlaceholderMod:Abhoth"],"campfire_rested":3,"item_purchase_floors":[12,17,17,19,19,25,30,45,45,45,53],"current_hp_per_floor":[75,64,64,64,64,64,64,58,58,58,58,58,52,52,52,46,56,49,49,43,29,29,45,41,41,41,41,41,35,35,35,51,41,51,43,43,43,43,31,19,20,36,36,32,32,34,34,36,36,27,44,44,44,44,14],"gold":55,"neow_bonus":"THREE_ENEMY_KILL","is_daily":false,"chose_seed":false,"campfire_upgraded":6,"win_rate":0.0,"timestamp":1613492586,"path_taken":["M","?","?","?","M","E","R","M","T","M","R","$","M","M","R","BOSS","M","$","M","M","?","R","E","$","T","?","R","E","$","?","R","BOSS","M","?","?","?","M","E","M","R","T","?","$","M","R","M","R","BOSS","R","$","E","BOSS"],"items_purchased_type":["Relic","Relic","Card","Relic","Relic","Card","Relic","Relic","Relic","Card","Relic"],"build_version":"2020-12-22","purchased_purges":9,"victory":true,"max_hp_per_floor":[78,78,72,72,72,72,72,72,72,72,72,72,72,72,72,72,56,56,56,56,56,56,56,56,56,56,56,56,56,56,56,56,51,51,51,51,51,51,51,54,54,54,54,49,49,49,49,44,44,44,44,44,44,44,44],"card_choices":[{"not_picked":[],"picked":"Bomb","floor":0},{"not_picked":["PlaceholderMod:AngryAttack","PlaceholderMod:ContinueSpray"],"picked":"PlaceholderMod:TriggerStrike","floor":1},{"not_picked":["PlaceholderMod:ParasiteChange","PlaceholderMod:Polyp"],"picked":"PlaceholderMod:Sweep","floor":5},{"not_picked":["PlaceholderMod:PericyclicReaction","Bomb"],"picked":"PlaceholderMod:ThreeBenzyolStart","floor":6},{"not_picked":["PlaceholderMod:OHStrongAttack","PlaceholderMod:DirectingGroup"],"picked":"PlaceholderMod:SeverePoisonStrike","floor":8},{"not_picked":["PlaceholderMod:Turn","PlaceholderMod:Stable"],"picked":"PlaceholderMod:HardStrike+1","floor":10},{"not_picked":["PlaceholderMod:HornyBlast+1","PlaceholderMod:DiffusionChemical","PlaceholderMod:ThreeBenzyolStart"],"picked":"SKIP","floor":13},{"not_picked":["PlaceholderMod:Turn","PlaceholderMod:NutritionAbsorb"],"picked":"PlaceholderMod:TriggerStrike+1","floor":14},{"not_picked":["PlaceholderMod:QualitativeChange","PlaceholderMod:Inner"],"picked":"PlaceholderMod:AbsorbTouch+1","floor":16},{"not_picked":["PlaceholderMod:SpinBlade+1","PlaceholderMod:Turn+1","PlaceholderMod:AttackAsDefend+1"],"picked":"SKIP","floor":18},{"not_picked":["PlaceholderMod:SelectReaction","PlaceholderMod:StrongAcid","PlaceholderMod:Hard"],"picked":"SKIP","floor":20},{"not_picked":["PlaceholderMod:AttackAsDefend+1","PlaceholderMod:AngryAttack+1"],"picked":"PlaceholderMod:HardStinger","floor":21},{"not_picked":["PlaceholderMod:SelectReaction","PlaceholderMod:HornyBlast+1"],"picked":"PlaceholderMod:ComplexForm","floor":24},{"not_picked":["PlaceholderMod:RadicalHit+1","PlaceholderMod:PoisonBlast+1","PlaceholderMod:SeverePoisonStrike+1"],"picked":"SKIP","floor":29},{"not_picked":["PlaceholderMod:Assimilation+1","PlaceholderMod:MultiReaction"],"picked":"PlaceholderMod:Eat+1","floor":33},{"not_picked":["PlaceholderMod:Sweep+1","PlaceholderMod:UnpureUse+1"],"picked":"PlaceholderMod:CycleAttack+1","floor":35},{"not_picked":["PlaceholderMod:AttackAsDefend+1","PlaceholderMod:Polyp","PlaceholderMod:HornyBlast+1"],"picked":"SKIP","floor":39},{"not_picked":["PlaceholderMod:SpinBlade+1","PlaceholderMod:CrystallizationStrike+1","PlaceholderMod:ThreeBenzyolStart+1"],"picked":"SKIP","floor":40},{"not_picked":["PlaceholderMod:ParasiteChange","PlaceholderMod:SevereHeat","PlaceholderMod:Polyp"],"picked":"SKIP","floor":41},{"not_picked":["PlaceholderMod:SubstitutionNucleophilic1+1","PlaceholderMod:MultipleOxi+1","PlaceholderMod:ConsolidateHit+1"],"picked":"SKIP","floor":44},{"not_picked":["PlaceholderMod:DiffusionPoison","PlaceholderMod:TriggerStrike+1","PlaceholderMod:Polyp+1"],"picked":"SKIP","floor":46},{"not_picked":["PlaceholderMod:DissolvingSpikes+1","PlaceholderMod:CycleAttack+1","PlaceholderMod:NearChange+1"],"picked":"SKIP","floor":48},{"not_picked":["PlaceholderMod:ProliferateStrike+1","PlaceholderMod:TriggerStrike+1"],"picked":"PlaceholderMod:HardStinger+1","floor":54}],"player_experience":731138,"relics_obtained":[{"floor":6,"key":"War Paint"},{"floor":9,"key":"Molten Egg 2"},{"floor":24,"key":"Tiny Chest"},{"floor":26,"key":"PillsDrop"},{"floor":29,"key":"White Beast Statue"},{"floor":37,"key":"REME_HourglassOfDeath"},{"floor":40,"key":"Meat on the Bone"},{"floor":43,"key":"Toxic Egg 2"},{"floor":54,"key":"Bottled Tornado"}],"event_choices":[{"damage_healed":0,"gold_gain":75,"player_choice":"Gather Gold","damage_taken":11,"max_hp_gain":0,"max_hp_loss":0,"event_name":"World of Goop","floor":2,"gold_loss":0},{"damage_healed":0,"gold_gain":0,"player_choice":"Lose Max HP","damage_taken":0,"relics_obtained":["Golden Idol"],"max_hp_gain":0,"max_hp_loss":6,"event_name":"Golden Idol","floor":3,"gold_loss":0},{"damage_healed":0,"gold_gain":0,"cards_transformed":["PlaceholderMod:BaseStrike"],"player_choice":"Change","damage_taken":0,"max_hp_gain":0,"max_hp_loss":0,"event_name":"Living Wall","floor":4,"gold_loss":0,"cards_obtained":["PlaceholderMod:ChainPoly"]},{"damage_healed":0,"gold_gain":0,"player_choice":"Inject Mutagens","damage_taken":0,"relics_obtained":["MutagenicStrength"],"max_hp_gain":0,"max_hp_loss":0,"event_name":"Drug Dealer","floor":22,"gold_loss":0},{"damage_healed":0,"gold_gain":0,"player_choice":"Ignored","damage_taken":0,"max_hp_gain":0,"max_hp_loss":0,"event_name":"Tomb of Lord Red Mask","floor":36,"gold_loss":0},{"cards_removed":["PlaceholderMod:BaseStrike"],"damage_healed":0,"gold_gain":0,"player_choice":"Removed Attack","damage_taken":0,"max_hp_gain":0,"max_hp_loss":0,"event_name":"Falling","floor":38,"gold_loss":0}],"is_beta":false,"boss_relics":[{"not_picked":["Runic Dome","Astrolabe"],"picked":"SlaversCollar"},{"not_picked":[]},{"not_picked":["Pandora\u0027s Box","REME_LowDesire"],"picked":"SacredBark"},{"not_picked":[]}],"items_purged_floors":[45,45,45,45,45,53,53,53,53],"is_endless":false,"potions_floor_spawned":[5,6,10,16,18,24,33,35,39,40,41,44,46,48,54],"ascension_level":0}}