{"host":"af4pzp5tm7cfibaw","time":1613449118,"event":{"mods":["AchievementEnabler","BaseMod","BetterRewards","Downfall","Highlight Path","Minty Spire (QoL Compilation)","StSLib","SuperFastMode"],"gold_per_floor":[111,211,227,247,258,258,286,304,304,317,167,181,7,22,22,123,123,139,51,51,51,65,65,99,45,45,58,72,102,102,102],"floor_reached":30,"language":"ENG","playtime":1336,"items_purged":["Strike_R","Defend_R"],"score":384,"play_id":"63f6632b-a42c-424a-a304-8ae1982c3399","local_time":"20210216171838","is_ascension_mode":true,"campfire_choices":[{"floor":6.0,"key":"REST"},{"floor":15.0,"key":"REST"},{"floor":23,"key":"REST"}],"circlet_count":0,"master_deck":["Strike_R","Strike_R","Strike_R","Strike_R","Defend_R","Defend_R","Defend_R","Bash","Demon Form","Spot Weakness","Twin Strike","Warcry","Armaments","Dark Embrace","Offering","Sentinel+1","Hemokinesis","Pommel Strike","Battle Trance+1","Disarm+1","Reaper","Seeing Red+1","Flash of Steel","Shame","Warcry+1","Limit Break+1","Shrug It Off+1","Heavy Blade","Burning Pact+1"],"relics":["Burning Blood","Blue Candle","Toxic Egg 2","expansioncontent:StudyCardRelic","Letter Opener","Nilry\u0027s Codex","bronze:DecasWashers","Gambling Chip","Juzu Bracelet"],"acts_visited":["Exordium","TheCity"],"potions_floor_usage":[16,22,24,28,29,30,30],"damage_taken":[{"damage":10.0,"enemies":"2 Louse","floor":1.0,"turns":3.0},{"damage":14.0,"enemies":"Cultist","floor":3.0,"turns":5.0},{"damage":8.0,"enemies":"Jaw Worm","floor":4.0,"turns":4.0},{"damage":19.0,"enemies":"Blue Slaver","floor":5.0,"turns":4.0},{"damage":28.0,"enemies":"Gremlin Nob","floor":7.0,"turns":4.0},{"damage":34.0,"enemies":"Large Slime","floor":8.0,"turns":8.0},{"damage":7.0,"enemies":"Looter","floor":10.0,"turns":3.0},{"damage":10.0,"enemies":"Blue Slaver","floor":12.0,"turns":3.0},{"damage":10.0,"enemies":"3 Louse","floor":14.0,"turns":3.0},{"damage":21,"enemies":"Hexaghost","floor":16,"turns":8},{"damage":8,"enemies":"3 Byrds","floor":18,"turns":3},{"damage":12,"enemies":"Shell Parasite","floor":22,"turns":4},{"damage":19,"enemies":"Book of Stabbing","floor":24,"turns":4},{"damage":26,"enemies":"Cultist and Chosen","floor":27,"turns":6},{"damage":14,"enemies":"3 Cultists","floor":28,"turns":3},{"damage":46,"enemies":"Gremlin Leader","floor":29,"turns":4},{"damage":42,"enemies":"Sentry and Sphere","floor":30,"turns":5}],"seed_played":"-4779836331913283616","potions_obtained":[{"floor":1.0,"key":"Ancient Potion"},{"floor":8.0,"key":"Weak Potion"},{"floor":10.0,"key":"Block Potion"},{"floor":12.0,"key":"Strength Potion"},{"floor":18,"key":"Weak Potion"},{"floor":24,"key":"EssenceOfSteel"},{"floor":27,"key":"Block Potion"},{"floor":28,"key":"GamblersBrew"}],"is_trial":false,"path_per_floor":["M","?","M","M","M","R","E","M","T","M","$","M","$","M","R","B",null,"M","$","?","?","M","R","E","$","T","M","M","E","M"],"character_chosen":"IRONCLAD","items_purchased":["Hemokinesis","Battle Trance+1","Flash of Steel","Shrug It Off+1"],"campfire_rested":3,"item_purchase_floors":[11,13,19,25],"current_hp_per_floor":[68,68,60,58,45,69,47,19,19,18,18,14,14,10,34,19,65,63,63,63,47,41,65,62,62,62,67,79,39,0,0],"gold":102,"neow_bonus":"ONE_RANDOM_RARE_CARD","is_daily":false,"chose_seed":false,"campfire_upgraded":0,"win_rate":0.0,"timestamp":1613449118,"path_taken":["M","?","M","M","?","R","E","M","T","M","$","M","$","M","R","BOSS","M","$","?","?","M","R","E","$","T","M","M","E","M"],"items_purchased_type":["Card","Card","Card","Card"],"build_version":"2020-12-22","purchased_purges":2,"victory":false,"max_hp_per_floor":[80,80,80,80,80,80,80,80,80,80,80,80,80,80,80,80,80,80,80,80,80,80,80,80,80,80,80,80,80,80,80],"card_choices":[{"not_picked":["Anger","Thunderclap"],"picked":"Spot Weakness","floor":1.0},{"not_picked":["True Grit","Anger"],"picked":"Twin Strike","floor":3.0},{"not_picked":["Ghostly Armor","Sever Soul"],"picked":"Warcry","floor":4.0},{"not_picked":["Wild Strike","Rampage"],"picked":"Armaments","floor":5.0},{"not_picked":["True Grit","Wild Strike"],"picked":"Dark Embrace","floor":7.0},{"not_picked":["Uppercut","Spot Weakness"],"picked":"Offering","floor":8.0},{"not_picked":["Clash","Flex+1"],"picked":"Sentinel+1","floor":10.0},{"not_picked":["Body Slam","Cleave"],"picked":"Pommel Strike","floor":12.0},{"not_picked":["Inflame","Iron Wave"],"picked":"Disarm+1","floor":14.0},{"not_picked":["Demon Form","Juggernaut"],"picked":"Reaper","floor":16},{"not_picked":["Clash","Twin Strike+1"],"picked":"Seeing Red+1","floor":18},{"not_picked":["Carnage+1","Wild Strike"],"picked":"Warcry+1","floor":22},{"not_picked":["Clothesline","Disarm+1"],"picked":"Limit Break+1","floor":24},{"not_picked":["True Grit+1","Sword Boomerang","Flex+1"],"picked":"SKIP","floor":27},{"not_picked":["Cleave","Entrench+1"],"picked":"Heavy Blade","floor":28},{"not_picked":["Flex+1","Pommel Strike"],"picked":"Burning Pact+1","floor":29}],"player_experience":328991,"relics_obtained":[{"floor":7.0,"key":"Blue Candle"},{"floor":9.0,"key":"Toxic Egg 2"},{"floor":21,"key":"Nilry\u0027s Codex"},{"floor":24,"key":"bronze:DecasWashers"},{"floor":26,"key":"Gambling Chip"},{"floor":29,"key":"Juzu Bracelet"}],"event_choices":[{"damage_healed":0.0,"max_hp_gain":0.0,"max_hp_loss":0.0,"gold_gain":100.0,"event_name":"Golden Shrine","player_choice":"Pray","floor":2.0,"gold_loss":0.0,"damage_taken":0.0},{"damage_healed":0,"gold_gain":0,"player_choice":"Stole Relic","damage_taken":0,"relics_obtained":["Letter Opener"],"max_hp_gain":0,"max_hp_loss":0,"event_name":"Addict","floor":20,"gold_loss":0,"cards_obtained":["Shame"]},{"damage_healed":0,"gold_gain":0,"player_choice":"Obtained Book","damage_taken":16,"max_hp_gain":0,"max_hp_loss":0,"event_name":"Cursed Tome","floor":21,"gold_loss":0}],"is_beta":false,"boss_relics":[{"not_picked":["Fusion Hammer","Astrolabe"],"picked":"expansioncontent:StudyCardRelic"}],"items_purged_floors":[11,13],"is_endless":false,"potions_floor_spawned":[1,8,10,12,14,18,24,27,28],"killed_by":"Sentry and Sphere","ascension_level":8}}