{"host":"5dk97cf2ubw2v967","time":1613480779,"event":{"mods":["AlwaysNeverKeys","BaseMod","Better Altar","Better Vampires","Block Reminder","Card Filter","Colored Powertips","Downfall","Googly Eyes","Highlight Path","Minty Spire (QoL Compilation)","Permanent Neow","Potion Indicator Mod","Quick Restart","Relic Filter","Relic Stats","Say the Spire","Spicy Shops","StSLib","Waifu the Spire","everything is the same but u backflip on backflip"],"gold_per_floor":[115,125,125,136,153,185,185,250,275,275,39,53,66,94,94,94,94],"floor_reached":16,"language":"ENG","playtime":797,"items_purged":["Strike_R"],"score":224,"play_id":"f470da60-6041-43f5-9062-491a0cd2b1b9","local_time":"20210216130619","is_ascension_mode":true,"campfire_choices":[{"data":"Cleave","floor":7,"key":"SMITH"},{"data":"Blood for Blood","floor":15,"key":"SMITH"}],"circlet_count":0,"master_deck":["AscendersBane","Strike_R","Strike_R","Strike_R","Defend_R","Defend_R","Defend_R","Defend_R","Bash","Twin Strike","Twin Strike","Cleave+1","Impervious","Blood for Blood+1","Bloodletting","Rage","Metallicize","Feed"],"relics":["Burning Blood","Magic Flower","Tiny Chest","Blood Vial","Dream Catcher","Toy Ornithopter","Happy Flower","Art of War"],"acts_visited":["Exordium"],"potions_floor_usage":[6,13,14],"damage_taken":[{"damage":1,"enemies":"2 Louse","floor":1,"turns":4},{"damage":5,"enemies":"Small Slimes","floor":2,"turns":3},{"damage":9,"enemies":"Jaw Worm","floor":4,"turns":3},{"damage":12,"enemies":"Exordium Wildlife","floor":5,"turns":4},{"damage":37,"enemies":"Lagavulin","floor":6,"turns":7},{"damage":32,"enemies":"Gremlin Nob","floor":8,"turns":4},{"damage":4,"enemies":"Looter","floor":12,"turns":3},{"damage":9,"enemies":"3 Louse","floor":13,"turns":2},{"damage":17,"enemies":"3 Sentries","floor":14,"turns":10},{"damage":48,"enemies":"Slime Boss","floor":16,"turns":8}],"seed_played":"7430944197927818017","potions_obtained":[{"floor":5,"key":"Explosive Potion"},{"floor":6,"key":"Dexterity Potion"},{"floor":12,"key":"BloodPotion"},{"floor":13,"key":"LiquidBronze"}],"is_trial":false,"path_per_floor":["M","M","?","M","M","E","R","?","T","T","$","M","M","E","R","B"],"character_chosen":"IRONCLAD","items_purchased":["Happy Flower"],"campfire_rested":0,"item_purchase_floors":[11],"current_hp_per_floor":[68,68,68,68,65,37,37,17,17,17,17,25,46,49,49,4,4],"gold":94,"neow_bonus":"ONE_RARE_RELIC","is_daily":false,"chose_seed":false,"campfire_upgraded":2,"win_rate":0.0,"timestamp":1613480779,"path_taken":["M","M","?","M","M","E","R","?","T","?","$","M","M","E","R","BOSS"],"items_purchased_type":["Relic"],"build_version":"2020-12-22","purchased_purges":1,"victory":false,"max_hp_per_floor":[68,68,68,68,68,68,68,68,68,68,68,68,68,68,68,68,68],"relic_stats":{"Blood Vial":15,"Dream Catcher":0,"Happy Flower":[7],"counters":[10,48],"Magic Flower":[29],"Tiny Chest":0,"Art of War":[2],"obtain_stats":[{"Blood Vial":8,"Dream Catcher":9,"Happy Flower":11,"Magic Flower":0,"Tiny Chest":6,"Art of War":14,"Burning Blood":0,"Toy Ornithopter":10},{"Blood Vial":5,"Dream Catcher":6,"Happy Flower":6,"Magic Flower":0,"Tiny Chest":5,"Art of War":9,"Burning Blood":0,"Toy Ornithopter":6},{"Blood Vial":21,"Dream Catcher":25,"Happy Flower":25,"Magic Flower":0,"Tiny Chest":21,"Art of War":40,"Burning Blood":0,"Toy Ornithopter":25}],"Burning Blood":69,"Toy Ornithopter":13},"card_choices":[{"not_picked":["Iron Wave","Wild Strike"],"picked":"Twin Strike","floor":1},{"not_picked":["Clash","Feel No Pain"],"picked":"Twin Strike","floor":2},{"not_picked":["Dark Embrace","Rampage"],"picked":"Cleave","floor":4},{"not_picked":["Headbutt","Blood for Blood"],"picked":"Impervious","floor":5},{"not_picked":["Sever Soul","Thunderclap"],"picked":"Blood for Blood","floor":6},{"not_picked":["Combust","True Grit"],"picked":"Bloodletting","floor":8},{"not_picked":["Sword Boomerang","Perfected Strike"],"picked":"Rage","floor":12},{"not_picked":["Flame Barrier","Warcry"],"picked":"Metallicize","floor":13},{"not_picked":["Wild Strike","Feel No Pain"],"picked":"Feed","floor":14}],"player_experience":1325751,"relics_obtained":[{"floor":6,"key":"Tiny Chest"},{"floor":9,"key":"Dream Catcher"},{"floor":10,"key":"Toy Ornithopter"},{"floor":14,"key":"Art of War"}],"event_choices":[{"cards_removed":["Strike_R"],"damage_healed":0,"gold_gain":0,"player_choice":"Forget","damage_taken":0,"max_hp_gain":0,"max_hp_loss":0,"event_name":"Living Wall","floor":3,"gold_loss":0},{"damage_healed":0,"gold_gain":0,"player_choice":"Searched \u00273\u0027 times","damage_taken":0,"relics_obtained":["Blood Vial"],"max_hp_gain":0,"max_hp_loss":0,"event_name":"Dead Adventurer","floor":8,"gold_loss":0}],"is_beta":false,"boss_relics":[],"items_purged_floors":[11],"is_endless":false,"potions_floor_spawned":[5,6,12,13],"killed_by":"Slime Boss","ascension_level":20}}