{"host":"qc1sjgtdjonvdsd8","time":1613502040,"event":{"mods":["BaseMod","Colored Map","Colored Powertips","Curses Come First","Minty Spire (QoL Compilation)","StSLib"],"gold_per_floor":[113,133,145,157,82,82,111,111,111,111,111,146,7,22,22,124,124,135,135,135,35,50,82,82,116,116,191,191,221,250,288,300,410,422,446,144,194,194,204,204,230,243,293,318,318,333,362,408,408,408,408,408,104,133,133],"floor_reached":56,"language":"ENG","playtime":3652,"items_purged":["Strike_P","Defend_P","Writhe","Injury"],"score":1514,"play_id":"9e473ba0-5cfc-47ed-b525-cecf76b62b01","local_time":"20210216110040","is_ascension_mode":true,"campfire_choices":[{"data":"Eruption","floor":6,"key":"SMITH"},{"data":"Omniscience","floor":8,"key":"SMITH"},{"data":"WheelKick","floor":10,"key":"SMITH"},{"data":"Ragnarok","floor":15,"key":"SMITH"},{"data":"Crescendo","floor":24,"key":"SMITH"},{"floor":28,"key":"REST"},{"data":"EmptyMind","floor":32,"key":"SMITH"},{"data":"Apotheosis","floor":40,"key":"SMITH"},{"data":"1","floor":45,"key":"LIFT"},{"floor":49,"key":"RECALL"},{"data":"2","floor":52,"key":"LIFT"}],"circlet_count":0,"master_deck":["Strike_P","Strike_P","Strike_P+1","Defend_P","Defend_P","Defend_P","Eruption+1","Vigilance","WheelKick+1","CutThroughFate","TalkToTheHand","ClearTheMind","Omniscience+1","FlurryOfBlows","Ragnarok+1","SpiritShield","Necronomicurse","Crescendo+1","EmptyMind+1","ClearTheMind+1","Apotheosis+1","Madness","Madness","EmptyFist+1"],"relics":["Runic Pyramid","Orichalcum","Yang","StrikeDummy","Cursed Key","Necronomicon","FossilizedHelix","Blood Vial","MawBank","Red Mask","Coffee Dripper","Girya","Smiling Mask","MealTicket","Juzu Bracelet","Omamori","Whetstone","Shuriken","Pear"],"acts_visited":["Exordium","TheCity","TheBeyond","TheEnding"],"potions_floor_usage":[7,7,33,33,37,55,55],"damage_taken":[{"damage":0,"enemies":"Cultist","floor":1,"turns":2},{"damage":5,"enemies":"Small Slimes","floor":2,"turns":3},{"damage":0,"enemies":"Jaw Worm","floor":3,"turns":2},{"damage":0,"enemies":"Large Slime","floor":4,"turns":3},{"damage":8,"enemies":"3 Sentries","floor":7,"turns":4},{"damage":4,"enemies":"Gremlin Nob","floor":12,"turns":3},{"damage":0,"enemies":"Blue Slaver","floor":14,"turns":2},{"damage":1,"enemies":"The Guardian","floor":16,"turns":6},{"damage":0,"enemies":"Spheric Guardian","floor":18,"turns":2},{"damage":0,"enemies":"3 Byrds","floor":22,"turns":2},{"damage":6,"enemies":"Book of Stabbing","floor":23,"turns":2},{"damage":0,"enemies":"Gremlin Leader","floor":25,"turns":2},{"damage":6,"enemies":"Book of Stabbing","floor":29,"turns":3},{"damage":0,"enemies":"Cultist and Chosen","floor":30,"turns":4},{"damage":0,"enemies":"Masked Bandits","floor":31,"turns":2},{"damage":0,"enemies":"Collector","floor":33,"turns":3},{"damage":0,"enemies":"Orb Walker","floor":35,"turns":2},{"damage":0,"enemies":"Mind Bloom Boss Battle","floor":37,"turns":3},{"damage":16,"enemies":"3 Shapes","floor":39,"turns":1},{"damage":0,"enemies":"Giant Head","floor":41,"turns":4},{"damage":4,"enemies":"Sphere and 2 Shapes","floor":42,"turns":2},{"damage":0,"enemies":"Nemesis","floor":44,"turns":3},{"damage":0,"enemies":"3 Darklings","floor":46,"turns":2},{"damage":0,"enemies":"Giant Head","floor":47,"turns":5},{"damage":14,"enemies":"Donu and Deca","floor":50,"turns":5},{"damage":0,"enemies":"Shield and Spear","floor":54,"turns":3},{"damage":187,"enemies":"The Heart","floor":55,"turns":4}],"seed_played":"-1051031187394117266","potions_obtained":[{"floor":2,"key":"ColorlessPotion"},{"floor":3,"key":"LiquidBronze"},{"floor":4,"key":"Fire Potion"},{"floor":11,"key":"DistilledChaos"},{"floor":11,"key":"Regen Potion"},{"floor":22,"key":"BottledMiracle"},{"floor":25,"key":"StancePotion"},{"floor":31,"key":"AttackPotion"},{"floor":35,"key":"Ancient Potion"},{"floor":37,"key":"BlessingOfTheForge"},{"floor":39,"key":"SteroidPotion"},{"floor":47,"key":"FairyPotion"}],"is_trial":false,"path_per_floor":["M","M","M","M","$","R","E","R","T","R","?","E","$","M","R","B",null,"M","?","?","$","M","E","R","E","T","?","R","E","M","?","R","B",null,"M","$","?","?","M","R","E","M","T","E","R","M","E","T","R","B",null,"R","$","E","B",null],"character_chosen":"WATCHER","items_purchased":["Ragnarok","Apotheosis","Shuriken"],"campfire_rested":1,"item_purchase_floors":[13,36,53],"current_hp_per_floor":[72,67,67,67,67,67,59,59,59,59,59,55,55,55,55,54,72,72,56,56,56,56,50,50,50,50,43,64,60,62,64,64,66,72,72,72,72,63,49,49,51,49,49,51,51,53,55,55,55,43,72,72,72,82,24],"gold":133,"neow_bonus":"BOSS_RELIC","is_daily":false,"chose_seed":false,"campfire_upgraded":7,"win_rate":0.0,"timestamp":1613502040,"path_taken":["M","M","M","?","$","R","E","R","T","R","?","E","$","?","R","BOSS","M","?","?","?","?","E","R","E","T","?","R","E","?","?","R","BOSS","M","$","?","?","M","R","E","M","T","E","R","M","E","?","R","BOSS","R","$","E","BOSS"],"items_purchased_type":["Card","Card","Relic"],"build_version":"2020-12-22","purchased_purges":4,"victory":true,"max_hp_per_floor":[72,72,72,72,72,72,72,72,72,72,72,72,72,72,72,72,72,72,72,72,72,72,72,72,72,72,72,72,72,72,72,72,72,72,72,72,72,72,72,72,72,72,72,72,72,72,72,72,72,72,72,72,72,82,82],"card_choices":[{"not_picked":["Protect","ReachHeaven"],"picked":"WheelKick","floor":1},{"not_picked":["SandsOfTime","MentalFortress"],"picked":"CutThroughFate","floor":2},{"not_picked":["CrushJoints","EmptyFist"],"picked":"TalkToTheHand","floor":3},{"not_picked":["Protect","CarveReality"],"picked":"ClearTheMind","floor":4},{"not_picked":["CrushJoints","EmptyBody"],"picked":"Omniscience","floor":7},{"not_picked":["Evaluate","BowlingBash"],"picked":"FlurryOfBlows","floor":12},{"not_picked":["WreathOfFlame","SignatureMove","Protect"],"picked":"SKIP","floor":14},{"not_picked":["Establishment","Judgement"],"picked":"SpiritShield","floor":16},{"not_picked":["CrushJoints","WheelKick","ClearTheMind"],"picked":"SKIP","floor":18},{"not_picked":["Consecrate+1","Perseverance"],"picked":"EmptyMind","floor":22},{"not_picked":["SashWhip+1","BattleHymn+1"],"picked":"ClearTheMind+1","floor":23},{"not_picked":["FlyingSleeves","DevaForm","ThirdEye"],"picked":"SKIP","floor":25},{"not_picked":["CutThroughFate","Weave","PathToVictory"],"picked":"SKIP","floor":29},{"not_picked":["ClearTheMind","WindmillStrike","LikeWater+1"],"picked":"SKIP","floor":30},{"not_picked":["Evaluate+1","FollowUp+1","Fasting2"],"picked":"SKIP","floor":35},{"not_picked":["Pray","Study"],"picked":"EmptyFist","floor":39},{"not_picked":["ForeignInfluence","BattleHymn+1","ClearTheMind"],"picked":"SKIP","floor":41},{"not_picked":["Evaluate","BattleHymn","Consecrate+1"],"picked":"SKIP","floor":42},{"not_picked":["SashWhip","Prostrate","PathToVictory+1"],"picked":"SKIP","floor":44},{"not_picked":["DeusExMachina","Meditate+1","Consecrate+1"],"picked":"SKIP","floor":46},{"not_picked":["CrushJoints+1","Evaluate+1","FlyingSleeves"],"picked":"SKIP","floor":47},{"not_picked":["Brilliance","Pray","FearNoEvil+1"],"picked":"SKIP","floor":54}],"player_experience":256983,"relics_obtained":[{"floor":7,"key":"Orichalcum"},{"floor":9,"key":"Yang"},{"floor":12,"key":"StrikeDummy"},{"floor":19,"key":"Necronomicon"},{"floor":23,"key":"FossilizedHelix"},{"floor":25,"key":"Blood Vial"},{"floor":29,"key":"MawBank"},{"floor":31,"key":"Red Mask"},{"floor":37,"key":"Girya"},{"floor":41,"key":"Smiling Mask"},{"floor":43,"key":"MealTicket"},{"floor":44,"key":"Juzu Bracelet"},{"floor":47,"key":"Omamori"},{"floor":48,"key":"Whetstone"},{"floor":54,"key":"Pear"}],"event_choices":[{"damage_healed":0,"gold_gain":0,"player_choice":"Got Potions","damage_taken":0,"max_hp_gain":0,"max_hp_loss":0,"event_name":"Lab","floor":11,"gold_loss":0},{"damage_healed":0,"gold_gain":0,"player_choice":"Obtained Book","damage_taken":16,"max_hp_gain":0,"max_hp_loss":0,"event_name":"Cursed Tome","floor":19,"gold_loss":0},{"damage_healed":0,"gold_gain":0,"player_choice":"Read","damage_taken":0,"max_hp_gain":0,"max_hp_loss":0,"event_name":"The Library","floor":20,"gold_loss":0,"cards_obtained":["Crescendo"]},{"damage_healed":0,"gold_gain":75,"player_choice":"Touch","damage_taken":7,"max_hp_gain":0,"max_hp_loss":0,"event_name":"FaceTrader","floor":27,"gold_loss":0},{"damage_healed":0,"gold_gain":0,"player_choice":"Fought Bandits","damage_taken":0,"max_hp_gain":0,"max_hp_loss":0,"event_name":"Masked Bandits","floor":31,"gold_loss":0},{"damage_healed":0,"gold_gain":0,"player_choice":"Fight","damage_taken":0,"max_hp_gain":0,"max_hp_loss":0,"event_name":"MindBloom","floor":37,"gold_loss":0},{"damage_healed":0,"gold_gain":0,"player_choice":"Embrace Madness","damage_taken":9,"max_hp_gain":0,"max_hp_loss":0,"event_name":"Winding Halls","floor":38,"gold_loss":0,"cards_obtained":["Madness","Madness"]}],"is_beta":false,"boss_relics":[{"not_picked":["Empty Cage","VioletLotus"],"picked":"Cursed Key"},{"not_picked":["Snecko Eye","Runic Dome"],"picked":"Coffee Dripper"}],"items_purged_floors":[5,21,36,53],"is_endless":false,"potions_floor_spawned":[2,3,4,12,14,22,25,30,31,35,37,39,47],"ascension_level":2}}