{"host":"4gkev1dtxxhiue3x","time":1613500596,"event":{"mods":["AchievementEnabler","BaseMod","Better Altar","Better Match","Better Note","Better Sensory Stone","Better Skull","Better Third Choice","Colored Powertips","Downfall","Friendly Minions","Hermit","Minty Spire (QoL Compilation)","Relic Stats","Robot Space Explorer","Shop Mod","StSLib","The Construct","The Disciple","The Hierophant"],"gold_per_floor":[18,36,54,54,72,72,72],"floor_reached":6,"language":"ENG","playtime":371,"items_purged":[],"score":44,"play_id":"62dcc43d-d397-48fe-a8a7-7f8aa120ace6","local_time":"20210216193636","is_ascension_mode":true,"campfire_choices":[],"circlet_count":0,"master_deck":["Strike_R","Strike_R","Strike_R","Defend_R","Defend_R","Defend_R","Defend_R","Bash","Hemokinesis","Heavy Blade","Burning Pact","Rupture"],"relics":["Burning Blood","Bag of Preparation","Smiling Mask","Pen Nib"],"acts_visited":["Exordium"],"potions_floor_usage":[],"damage_taken":[{"damage":12,"enemies":"Small Slimes","floor":1,"turns":5},{"damage":2,"enemies":"Cultist","floor":2,"turns":2},{"damage":4,"enemies":"2 Louse","floor":3,"turns":2},{"damage":8,"enemies":"2 Fungi Beasts","floor":5,"turns":3},{"damage":39,"enemies":"Lagavulin","floor":6,"turns":4}],"seed_played":"-9123461380638177170","potions_obtained":[{"floor":3,"key":"Fire Potion"},{"floor":5,"key":"Swift Potion"}],"is_trial":false,"path_per_floor":["M","M","M","?","M","E"],"character_chosen":"IRONCLAD","items_purchased":[],"campfire_rested":0,"item_purchase_floors":[],"current_hp_per_floor":[74,78,80,28,26,0,0],"gold":72,"neow_bonus":"REMOVE_TWO","is_daily":false,"chose_seed":false,"campfire_upgraded":0,"win_rate":0.0,"timestamp":1613500596,"path_taken":["M","M","M","?","?","E"],"items_purchased_type":[],"build_version":"2020-12-22","purchased_purges":0,"victory":false,"max_hp_per_floor":[80,80,80,80,80,80,80],"relic_stats":{"counters":[5,16],"Pen Nib":[1],"Bag of Preparation":[4],"Smiling Mask":0,"obtain_stats":[{"Pen Nib":4,"Bag of Preparation":4,"Smiling Mask":4,"Burning Blood":0},{"Pen Nib":3,"Bag of Preparation":3,"Smiling Mask":3,"Burning Blood":0},{"Pen Nib":9,"Bag of Preparation":9,"Smiling Mask":9,"Burning Blood":0}],"Burning Blood":24},"card_choices":[{"not_picked":["Clothesline","Havoc"],"picked":"Hemokinesis","floor":1},{"not_picked":["Clothesline","Dark Embrace"],"picked":"Heavy Blade","floor":2},{"not_picked":["True Grit","Wild Strike"],"picked":"Burning Pact","floor":3},{"not_picked":["Headbutt","Flex"],"picked":"Rupture","floor":5}],"player_experience":183632,"relics_obtained":[],"event_choices":[{"damage_healed":0,"gold_gain":0,"player_choice":"RE RE RE ","damage_taken":58,"relics_obtained":["Bag of Preparation","Smiling Mask","Pen Nib"],"max_hp_gain":0,"max_hp_loss":0,"event_name":"betterSkull:BetterSkull","floor":4,"gold_loss":0,"cards_upgraded":[]}],"is_beta":false,"boss_relics":[],"items_purged_floors":[],"is_endless":false,"potions_floor_spawned":[3,5],"killed_by":"Lagavulin","ascension_level":3}}