{"host":"os9owiyb0rak6c8n","time":1613509468,"event":{"mods":["AchievementEnabler","Astrologer","BaseMod","Beaked The Cultist","Better Third Choice","Block Reminder","Colored Map","Colored Powertips","Curses Come First","Dio Mod","Minty Spire (QoL Compilation)","Robot Space Explorer","Spicy Shops","StSLib","The Death Knight","The Necromancer"],"gold_per_floor":[210,160,171,171,171,204,224,224,224,44,44,55,83,100,100,174,174,189,206,222,7,27,27,27],"floor_reached":23,"language":"ENG","playtime":1102,"items_purged":["Strike_G"],"score":335,"play_id":"f69f6688-52bb-470b-9744-9e062f3cb337","local_time":"20210216220428","is_ascension_mode":true,"campfire_choices":[{"data":"Leg Sweep","floor":8,"key":"SMITH"},{"data":"Noxious Fumes","floor":11,"key":"SMITH"},{"data":"Blur","floor":15,"key":"SMITH"}],"circlet_count":0,"master_deck":["AscendersBane","Strike_G","Strike_G","Strike_G","Defend_G","Defend_G","Defend_G","Defend_G","Defend_G","Survivor","Neutralize","Dagger Spray","Deadly Poison","Leg Sweep+1","Bouncing Flask","Noxious Fumes+1","Deadly Poison","Blur+1","Malaise","PiercingWail","Well Laid Plans+1","Flying Knee","Dodge and Roll","Catalyst"],"relics":["Ring of the Snake","Thread and Needle","Meat on the Bone","Bottled Flame","Bottled Lightning","Cursed Key","Lantern"],"acts_visited":["Exordium","TheCity"],"potions_floor_usage":[7,14,20,20],"damage_taken":[{"damage":0,"enemies":"2 Louse","floor":1,"turns":3},{"damage":0,"enemies":"Small Slimes","floor":3,"turns":2},{"damage":32,"enemies":"3 Sentries","floor":6,"turns":11},{"damage":3,"enemies":"Jaw Worm","floor":7,"turns":4},{"damage":6,"enemies":"Lots of Slimes","floor":12,"turns":4},{"damage":11,"enemies":"Lagavulin","floor":13,"turns":5},{"damage":0,"enemies":"2 Fungi Beasts","floor":14,"turns":5},{"damage":1,"enemies":"Hexaghost","floor":16,"turns":10},{"damage":8,"enemies":"Spheric Guardian","floor":18,"turns":5},{"damage":0,"enemies":"3 Byrds","floor":19,"turns":5},{"damage":42,"enemies":"3 Cultists","floor":20,"turns":6},{"damage":1,"enemies":"Centurion and Healer","floor":22,"turns":8},{"damage":47,"enemies":"Gremlin Leader","floor":23,"turns":5}],"seed_played":"-7409020420014830014","potions_obtained":[{"floor":6,"key":"Fruit Juice"},{"floor":13,"key":"Swift Potion"},{"floor":16,"key":"Weak Potion"},{"floor":19,"key":"SkillPotion"}],"is_trial":false,"path_per_floor":["M","?","M","?","?","E","M","R","T","$","R","M","E","M","R","B",null,"M","M","M","$","M","E"],"character_chosen":"THE_SILENT","items_purchased":["Noxious Fumes","Deadly Poison","Blur","Lantern","Catalyst"],"campfire_rested":0,"item_purchase_floors":[10,10,10,21,21],"current_hp_per_floor":[63,63,63,63,56,24,38,38,38,38,38,44,45,45,45,44,67,59,59,29,29,40,0,0],"gold":27,"neow_bonus":"HUNDRED_GOLD","is_daily":false,"chose_seed":false,"campfire_upgraded":3,"win_rate":0.0,"timestamp":1613509468,"path_taken":["M","?","M","?","?","E","M","R","T","$","R","?","E","M","R","BOSS","M","M","?","$","M","E"],"items_purchased_type":["Card","Card","Card","Relic","Card"],"build_version":"2020-12-22","purchased_purges":1,"victory":false,"max_hp_per_floor":[70,70,70,70,70,70,75,75,75,75,75,75,75,75,75,75,75,75,75,75,75,75,75,75],"card_choices":[{"not_picked":["Cloak And Dagger","Concentrate"],"picked":"Dagger Spray","floor":1},{"not_picked":["Concentrate","Outmaneuver"],"picked":"Deadly Poison","floor":3},{"not_picked":["Blade Dance","Outmaneuver"],"picked":"Leg Sweep","floor":6},{"not_picked":["Distraction","Dash"],"picked":"Bouncing Flask","floor":7},{"not_picked":["Quick Slash","Underhanded Strike","Accuracy"],"picked":"SKIP","floor":12},{"not_picked":["Blur","Finisher"],"picked":"Malaise","floor":13},{"not_picked":["Quick Slash","Backflip"],"picked":"PiercingWail","floor":14},{"not_picked":["Cloak And Dagger","Expertise"],"picked":"Well Laid Plans+1","floor":18},{"not_picked":["Sucker Punch","Quick Slash"],"picked":"Flying Knee","floor":19},{"not_picked":["Night Terror","Terror"],"picked":"Dodge and Roll","floor":20},{"not_picked":["PiercingWail","Flying Knee+1","Quick Slash"],"picked":"SKIP","floor":22}],"player_experience":610265,"relics_obtained":[{"floor":6,"key":"Meat on the Bone"},{"floor":9,"key":"Bottled Flame"},{"floor":13,"key":"Bottled Lightning"}],"event_choices":[{"cards_removed":["Strike_G"],"damage_healed":0,"gold_gain":0,"player_choice":"Card Removal","damage_taken":0,"max_hp_gain":0,"max_hp_loss":0,"event_name":"The Cleric","floor":2,"gold_loss":50},{"damage_healed":0,"gold_gain":0,"player_choice":"Ignored","damage_taken":171,"max_hp_gain":0,"max_hp_loss":0,"event_name":"betterThird:BetterSerpent","floor":4,"gold_loss":0},{"damage_healed":0,"gold_gain":0,"player_choice":"Relic ","damage_taken":7,"max_hp_gain":0,"max_hp_loss":0,"event_name":"betterThird:BetterScrap","floor":5,"gold_loss":0,"cards_obtained":["Aggregate"]}],"is_beta":false,"boss_relics":[{"not_picked":["WristBlade","Busted Crown"],"picked":"Cursed Key"}],"items_purged_floors":[21],"is_endless":false,"potions_floor_spawned":[6,13,16,19],"killed_by":"Gremlin Leader","ascension_level":13}}