{"host":"erh089znuovh6twj","time":1613518113,"event":{"mods":["AchievementEnabler","Act Like it!","Aspiration","BaseMod","Better Note","Better Skull","Better Third Choice","BetterRewards","Defuse TimeMaze Blight","Energized Spire","Hermit","Highlight Path","Hubris","Infinite Spire","Minty Spire (QoL Compilation)","Permanent Neow","Quick Restart","Replay The Spire","StSLib","The Jungle","everything is the same but u backflip on backflip"],"gold_per_floor":[118,138,138,149,160,160,160,160,213,163,163,19,49,83,83,209,209,209,209],"floor_reached":18,"language":"ENG","playtime":632,"items_purged":["infinitespire:Pacifist"],"score":192,"play_id":"4f48c5f6-9c40-4e6b-8c83-604d0f15b62d","local_time":"20210216182833","is_ascension_mode":true,"campfire_choices":[{"data":"ClearTheMind","floor":6,"key":"SMITH"},{"data":"ClearTheMind","floor":8,"key":"SMITH"},{"data":"Eruption","floor":11,"key":"SMITH"},{"data":"FollowUp","floor":15,"key":"SMITH"}],"circlet_count":0,"master_deck":["Strike_P","Strike_P","Strike_P","Strike_P","Defend_P","Defend_P","Defend_P","Eruption+1","Vigilance","ClearTheMind+1","FollowUp+1","FollowUp","ClearTheMind+1","Vault"],"relics":["aspiration:DSix","Sizzling Blood","infinitespire:Lychee Nut","PrismaticShard","Replay:M_StaffOfTheSnake","hubris:BallOfYels","hubris:FunFungus","infinitespire:Broken Mirror","infinitespire:Chaos"],"acts_visited":["Exordium","TheCity"],"potions_floor_usage":[5,13,13,16,16,16],"damage_taken":[{"damage":6,"enemies":"Cultist","floor":1,"turns":3},{"damage":0,"enemies":"infinitespire:Voidling","floor":2,"turns":3},{"damage":0,"enemies":"Small Slimes","floor":4,"turns":1},{"damage":5,"enemies":"Exordium Wildlife","floor":5,"turns":4},{"damage":0,"enemies":"Gremlin Nob","floor":13,"turns":3},{"damage":18,"enemies":"Fading Forest","floor":16,"turns":11},{"damage":0,"enemies":"Chosen","floor":18,"turns":1}],"seed_played":"-800320008398168435","potions_obtained":[{"floor":2,"key":"Milkshake"},{"floor":3,"key":"Energy Potion"},{"floor":3,"key":"Weak Potion"},{"floor":3,"key":"SteroidPotion"},{"floor":5,"key":"Energy Potion"},{"floor":13,"key":"Reflective Coating"}],"is_trial":false,"path_per_floor":["M","M","?","M","M","R","T","R","T","?","R","$","E","$","R","B",null,"M"],"character_chosen":"WATCHER","items_purchased":["Membership Card","ReplayTheSpireMod:CursedCoin","Replay:Bandana"],"campfire_rested":0,"item_purchase_floors":[12,14,14],"current_hp_per_floor":[66,66,66,66,61,61,61,61,61,61,61,61,61,61,61,53,57,57,57],"gold":209,"neow_bonus":"THREE_CARDS","is_daily":false,"chose_seed":false,"campfire_upgraded":4,"win_rate":0.0,"timestamp":1613518113,"path_taken":["M","M","?","?","M","R","?","R","T","?","R","?","E","$","R","BOSS","M"],"items_purchased_type":["Relic","Relic","Relic"],"build_version":"2020-12-22","purchased_purges":1,"victory":false,"max_hp_per_floor":[72,72,72,72,72,72,72,72,72,72,72,72,72,72,72,72,57,57,57],"card_choices":[{"not_picked":["Study","SashWhip"],"picked":"ClearTheMind","floor":0},{"not_picked":["CutThroughFate","CarveReality"],"picked":"FollowUp","floor":1},{"not_picked":["BowlingBash","LikeWater"],"picked":"FollowUp","floor":2},{"not_picked":["Replay:DivineShield","Pray","EmptyMind"],"picked":"SKIP","floor":4},{"not_picked":["BowlingBash","Worship"],"picked":"ClearTheMind","floor":5},{"not_picked":["Swivel","SashWhip","Replay:LoomingThreat"],"picked":"SKIP","floor":13},{"not_picked":["Swivel","SashWhip","Replay:LoomingThreat"],"picked":"SKIP","floor":13},{"not_picked":["Ragnarok","MasterReality"],"picked":"Vault","floor":16}],"player_experience":380473,"relics_obtained":[{"floor":7,"key":"ReplayTheSpireMod:Ninjato"},{"floor":9,"key":"infinitespire:PuzzleCube"},{"floor":13,"key":"Replay:Mystery Machine"}],"event_choices":[{"damage_healed":0,"gold_gain":0,"player_choice":"Got Potions","damage_taken":0,"max_hp_gain":0,"max_hp_loss":0,"event_name":"Lab","floor":3,"gold_loss":0},{"cards_removed":["Defend_P"],"damage_healed":0,"gold_gain":0,"player_choice":"Card Removal","damage_taken":0,"max_hp_gain":0,"max_hp_loss":0,"event_name":"The Cleric","floor":10,"gold_loss":50}],"is_beta":false,"boss_relics":[{"not_picked":["ChewingGum","Abe\u0027s Treasure"],"picked":"hubris:Backtick"}],"items_purged_floors":[14],"is_endless":false,"potions_floor_spawned":[2,5,13],"killed_by":"Chosen","ascension_level":1}}