{"host":"s41rn2jhghpwfrvz","time":1613434029,"event":{"mods":["BaseMod","Minty Spire (QoL Compilation)","Quick Restart","Relic Stats","SuperFastMode"],"gold_per_floor":[118,132,145,145,145,185,185,185,185],"floor_reached":8,"language":"ENG","playtime":288,"items_purged":[],"score":112,"play_id":"9a170fa5-a7a4-4d64-ac59-813498c3b8b5","local_time":"20210216020709","daily_mods":["SealedDeck","Diverse","DeadlyEvents"],"is_ascension_mode":true,"campfire_choices":[{"data":"Prepared","floor":7,"key":"SMITH"}],"circlet_count":0,"master_deck":["AscendersBane","Predator","Eviscerate","Prepared+1","WheelKick","Expertise","Crippling Poison","Consecrate","Rage","Feel No Pain","Dark Embrace","Burning Pact"],"relics":["Burning Blood","Golden Idol","Sundial"],"acts_visited":["Exordium"],"potions_floor_usage":[8],"damage_taken":[{"damage":4,"enemies":"Small Slimes","floor":1,"turns":3},{"damage":9,"enemies":"Jaw Worm","floor":2,"turns":3},{"damage":6,"enemies":"Cultist","floor":3,"turns":4},{"damage":26,"enemies":"3 Sentries","floor":6,"turns":8},{"damage":42,"enemies":"Gremlin Nob","floor":8,"turns":3}],"seed_played":"-496977436574563069","potions_obtained":[{"floor":2,"key":"BlessingOfTheForge"},{"floor":6,"key":"SkillPotion"}],"is_trial":true,"path_per_floor":["M","M","M","?","?","E","R","E"],"character_chosen":"IRONCLAD","items_purchased":[],"campfire_rested":0,"item_purchase_floors":[],"current_hp_per_floor":[70,67,67,41,41,21,21,0,0],"gold":185,"neow_bonus":"","is_daily":false,"chose_seed":false,"campfire_upgraded":1,"win_rate":0.0,"timestamp":1613434029,"path_taken":["M","M","M","?","?","E","R","E"],"items_purchased_type":[],"build_version":"2020-12-22","purchased_purges":0,"victory":false,"max_hp_per_floor":[75,75,75,75,75,75,75,75,75],"relic_stats":{"counters":[5,21],"Golden Idol":8,"Sundial":[0],"obtain_stats":[{"Golden Idol":4,"Sundial":6,"Burning Blood":0},{"Golden Idol":3,"Sundial":4,"Burning Blood":0},{"Golden Idol":10,"Sundial":18,"Burning Blood":0}],"Burning Blood":24},"card_choices":[{"not_picked":["WreathOfFlame","BowlingBash","Endless Agony"],"picked":"SKIP","floor":1},{"not_picked":["Sucker Punch","Spot Weakness","Infernal Blade"],"picked":"SKIP","floor":2},{"not_picked":["Rampage","Entrench"],"picked":"Burning Pact","floor":3},{"not_picked":["Dodge and Roll","Fusion","Clash"],"picked":"SKIP","floor":6}],"player_experience":1922230,"relics_obtained":[{"floor":6,"key":"Sundial"}],"event_choices":[{"damage_healed":0,"gold_gain":0,"player_choice":"Take Damage","damage_taken":26,"relics_obtained":["Golden Idol"],"max_hp_gain":0,"max_hp_loss":0,"event_name":"Golden Idol","floor":4,"gold_loss":0},{"damage_healed":0,"gold_gain":0,"player_choice":"Ignored","damage_taken":0,"max_hp_gain":0,"max_hp_loss":0,"event_name":"Liars Game","floor":5,"gold_loss":0}],"is_beta":false,"boss_relics":[],"items_purged_floors":[],"is_endless":false,"potions_floor_spawned":[2,6],"killed_by":"Gremlin Nob","ascension_level":20}}