{"host":"2uq4yl5bzsf2ox6r","time":1613481314,"event":{"mods":["BaseMod","Downfall","Minty Spire (QoL Compilation)","Relic Stats","StSLib"],"gold_per_floor":[99,119,131,131,147,177,232,232,232,267,267,267,8,21,34,138,138,138,154,169,169,186,186,255,280,280,297,397,397,397,425,444,546,546,546,559,559,575,7,42,42,42,77,77,112,127,127,127,141,141],"floor_reached":51,"language":"ENG","playtime":2561,"items_purged":["downfall:Aged","downfall:Bewildered"],"score":1094,"play_id":"c3c510a5-f265-4b7c-ae52-66dea138e461","local_time":"20210216081514","is_ascension_mode":true,"campfire_choices":[{"data":"Slimebound:Split","floor":1.0,"key":"SMITH"},{"data":"Slimebound:LeadByExample","floor":9.0,"key":"SMITH"},{"floor":11.0,"key":"REST"},{"data":"Slimebound:SelfFormingGoo","floor":18.0,"key":"SMITH"},{"data":"Slimebound:SplitBruiser","floor":26.0,"key":"SMITH"},{"floor":30,"key":"REST"},{"data":"Slimebound:TagTeam","floor":35,"key":"SMITH"},{"data":"Slimebound:FirmFortitude","floor":42,"key":"SMITH"},{"data":"Slimebound:LevelUp","floor":44,"key":"SMITH"},{"data":"Slimebound:SplitBruiser","floor":47,"key":"SMITH"}],"circlet_count":0,"master_deck":["Slimebound:Tackle","Slimebound:Defend_Slimebound+1","Slimebound:Defend_Slimebound+1","Slimebound:Split+1","Slimebound:CorrosiveSpit+1","Slimebound:PressTheAttack+1","Slimebound:SplitAcid+1","Slimebound:SplitLeeching+1","Slimebound:LeadByExample+1","Slimebound:FormOfPuddle","Slimebound:SplitBruiser+1","Slimebound:ServeAndProtect","Slimebound:SelfFormingGoo+1","Slimebound:SplitMire+1","Slimebound:SlimeSpikes","Slimebound:Teamwork","Bite","Bite","Bite","Bite","Bite","Slimebound:SlimeSpikes","Slimebound:DisruptingSlam","Slimebound:LevelUp+1","Slimebound:SplitAcid+1","Slimebound:ServeAndProtect+1","Slimebound:TagTeam+1","Slimebound:SlimeTap+1","Slimebound:Equalize+1","downfall:Icky","Slimebound:LevelUp+1","Slimebound:FirmFortitude+1","Slimebound:LeadByExample+1","Slimebound:SplitBruiser+1","Slimebound:Replication+1","Slimebound:SplitMire+1","Slimebound:Replication+1"],"relics":["bronze:MakeshiftBattery","Incense Burner","Mummified Hand","Toy Ornithopter","The Courier","War Paint","Velvet Choker","sneckomod:BabySnecko","Ornamental Fan","Lantern","WingedGreaves","Eternal Feather","Enchiridion","Letter Opener","Astrolabe","Membership Card","Oddly Smooth Stone","Happy Flower","PreservedInsect","Shovel","Bag of Marbles","Matryoshka","Dream Catcher","Shuriken","Du-Vu Doll","MealTicket","Molten Egg 2","Bottled Tornado"],"acts_visited":["Exordium","TheCity","TheBeyond"],"potions_floor_usage":[28,39,40,50,50,50],"damage_taken":[{"damage":0.0,"enemies":"Cultist","floor":2.0,"turns":3.0},{"damage":2.0,"enemies":"Jaw Worm","floor":3.0,"turns":3.0},{"damage":0.0,"enemies":"2 Louse","floor":5.0,"turns":2.0},{"damage":37.0,"enemies":"Gremlin Nob","floor":6.0,"turns":4.0},{"damage":8.0,"enemies":"Lagavulin","floor":10.0,"turns":5.0},{"damage":5.0,"enemies":"downfall:FleeingMerchant","floor":13.0,"turns":4.0},{"damage":1.0,"enemies":"Red Slaver","floor":14.0,"turns":3.0},{"damage":0.0,"enemies":"2 Fungi Beasts","floor":15.0,"turns":3.0},{"damage":0.0,"enemies":"IC_STATUS_ARCHETYPE","floor":16.0,"turns":5.0},{"damage":10.0,"enemies":"Shell Parasite","floor":19.0,"turns":5.0},{"damage":20.0,"enemies":"downfall:LooterAlt2","floor":20.0,"turns":4.0},{"damage":0.0,"enemies":"Snake Plant","floor":22.0,"turns":3.0},{"damage":7.0,"enemies":"Gremlin Leader","floor":25.0,"turns":8.0},{"damage":16.0,"enemies":"Centurion and Healer","floor":27.0,"turns":4.0},{"damage":13,"enemies":"Colosseum Nobs","floor":28,"turns":4},{"damage":37,"enemies":"Slavers","floor":31,"turns":3},{"damage":0,"enemies":"3 Cultists","floor":32,"turns":2},{"damage":2,"enemies":"WA_ARCHETYPE_CALM","floor":33,"turns":10},{"damage":0,"enemies":"Orb Walker","floor":36,"turns":2},{"damage":1,"enemies":"3 Shapes","floor":38,"turns":3},{"damage":8,"enemies":"downfall:FleeingMerchant","floor":39,"turns":4},{"damage":0,"enemies":"Giant Head","floor":40,"turns":5},{"damage":0,"enemies":"Reptomancer","floor":43,"turns":3},{"damage":0,"enemies":"Giant Head","floor":45,"turns":6},{"damage":1,"enemies":"Maw","floor":46,"turns":5},{"damage":0,"enemies":"Spire Growth","floor":49,"turns":3},{"damage":17,"enemies":"DF_ARCHETYPE_ORBS","floor":50,"turns":5}],"seed_played":"2144961782911492567","potions_obtained":[{"floor":3.0,"key":"Ancient Potion"},{"floor":6.0,"key":"bronze:BurnAndBuffPotion"},{"floor":14.0,"key":"AttackPotion"},{"floor":15.0,"key":"DistilledChaos"},{"floor":20.0,"key":"sneckomod:MuddlingPotion"},{"floor":25.0,"key":"Weak Potion"},{"floor":27.0,"key":"FearPotion"},{"floor":32,"key":"Block Potion"},{"floor":36,"key":"hexamod:SoulburnPotion"},{"floor":40,"key":"FearPotion"},{"floor":49,"key":"SkillPotion"}],"is_trial":false,"path_per_floor":["R","M","M","T","M","E","T","?","R","E","R","?","$","M","M","B",null,"R","M","M","?","M","?","T","E","R","M","?","?","R","E","M","B",null,"R","M","?","M","$","E","T","R","E","R","E","M","R","T","M","B",null],"character_chosen":"SLIMEBOUND","items_purchased":["Slimebound:FormOfPuddle","War Paint","Membership Card","Oddly Smooth Stone","Happy Flower","PreservedInsect","Shovel","Bag of Marbles","Fire Potion"],"campfire_rested":2,"item_purchase_floors":[13,13,39,39,39,39,39,39,39],"current_hp_per_floor":[65,65,63,63,63,26,26,26,26,18,37,37,32,31,31,36,65,65,55,35,35,35,35,35,42,42,35,32,16,44,11,13,31,45,45,45,45,45,37,45,45,45,45,45,45,45,45,45,45,30],"gold":141,"neow_bonus":"BOSS_RELIC","is_daily":false,"chose_seed":false,"campfire_upgraded":8,"win_rate":0.0,"timestamp":1613481314,"path_taken":["R","M","M","?","M","E","T","?","R","E","R","?","$","?","M","BOSS","R","M","M","?","M","?","T","E","R","M","?","?","R","E","M","BOSS","R","M","?","?","?","E","T","R","E","R","E","M","R","?","M","BOSS"],"items_purchased_type":["Card","Relic","Relic","Relic","Relic","Relic","Relic","Relic","Potion"],"build_version":"2020-12-22","purchased_purges":2,"victory":true,"max_hp_per_floor":[65,65,65,65,65,65,65,65,65,65,65,65,65,65,65,65,65,65,65,65,65,65,45,45,45,45,45,45,45,45,45,45,45,45,45,45,45,45,45,45,45,45,45,45,45,45,45,45,45,45],"relic_stats":{"Happy Flower":[9],"counters":[27,105],"Astrolabe":["Slimebound:SlimeTap","Slimebound:Equalize","downfall:Icky"],"Eternal Feather":15,"PreservedInsect":309,"Letter Opener":[110],"War Paint":["Slimebound:Defend_Slimebound","Slimebound:CorrosiveSpit"],"Dream Catcher":0,"Shovel":0,"Mummified Hand":[69],"Ornamental Fan":[28],"Shuriken":[0],"MealTicket":0,"obtain_stats":[{"Lantern":25,"Enchiridion":29,"Incense Burner":4,"Bottled Tornado":48,"Dream Catcher":41,"Shovel":39,"Matryoshka":40,"Mummified Hand":6,"MealTicket":45,"WingedGreaves":28,"Happy Flower":39,"Astrolabe":34,"Velvet Choker":17,"Oddly Smooth Stone":39,"Eternal Feather":28,"The Courier":10,"PreservedInsect":39,"Letter Opener":31,"War Paint":13,"Du-Vu Doll":43,"sneckomod:BabySnecko":21,"Ornamental Fan":24,"Shuriken":41,"Molten Egg 2":48,"Slimebound:AbsorbEndCombat":0,"Bag of Marbles":39,"Membership Card":39,"bronze:MakeshiftBattery":0,"Toy Ornithopter":7},{"Lantern":13,"Enchiridion":15,"Incense Burner":2,"Bottled Tornado":25,"Dream Catcher":22,"Shovel":21,"Matryoshka":22,"Mummified Hand":4,"MealTicket":24,"WingedGreaves":15,"Happy Flower":21,"Astrolabe":18,"Velvet Choker":9,"Oddly Smooth Stone":21,"Eternal Feather":15,"The Courier":5,"PreservedInsect":21,"Letter Opener":16,"War Paint":6,"Du-Vu Doll":23,"sneckomod:BabySnecko":11,"Ornamental Fan":12,"Shuriken":22,"Molten Egg 2":25,"Slimebound:AbsorbEndCombat":0,"Bag of Marbles":21,"Membership Card":21,"bronze:MakeshiftBattery":0,"Toy Ornithopter":4},{"Lantern":49,"Enchiridion":57,"Incense Burner":6,"Bottled Tornado":97,"Dream Catcher":85,"Shovel":80,"Matryoshka":85,"Mummified Hand":10,"MealTicket":93,"WingedGreaves":57,"Happy Flower":80,"Astrolabe":71,"Velvet Choker":29,"Oddly Smooth Stone":80,"Eternal Feather":57,"The Courier":14,"PreservedInsect":80,"Letter Opener":60,"War Paint":18,"Du-Vu Doll":88,"sneckomod:BabySnecko":38,"Ornamental Fan":41,"Shuriken":85,"Molten Egg 2":97,"Slimebound:AbsorbEndCombat":0,"Bag of Marbles":80,"Membership Card":80,"bronze:MakeshiftBattery":0,"Toy Ornithopter":10}],"Toy Ornithopter":15},"card_choices":[{"not_picked":["Slimebound:LivingWall","Slimebound:Dissolve"],"picked":"Slimebound:PressTheAttack","floor":2.0},{"not_picked":["Slimebound:SlimeSpikes","Slimebound:SlimeBrawl"],"picked":"Slimebound:SplitAcid","floor":3.0},{"not_picked":["Slimebound:FormOfPuddle","Slimebound:LeechEnergy"],"picked":"Slimebound:SplitLeeching","floor":5.0},{"not_picked":["Slimebound:HungryTackle","Slimebound:LeechEnergy"],"picked":"Slimebound:LeadByExample","floor":6.0},{"not_picked":["Slimebound:ItLooksTasty","Slimebound:DouseInSlime","Slimebound:LeechingTouch"],"picked":"SKIP","floor":10.0},{"not_picked":["Slimebound:TongueLash","Slimebound:LivingWall","Slimebound:HauntingLick"],"picked":"SKIP","floor":13.0},{"not_picked":["Slimebound:Nibble","Slimebound:LivingWall"],"picked":"Slimebound:SplitBruiser","floor":14.0},{"not_picked":["Slimebound:RollThrough","Slimebound:HauntingLick"],"picked":"Slimebound:ServeAndProtect","floor":15.0},{"not_picked":["Slimebound:DuplicatedForm","Slimebound:CheckThePlaybook"],"picked":"Slimebound:SelfFormingGoo","floor":16.0},{"not_picked":["Slimebound:HauntingLick","Slimebound:SamplingLick"],"picked":"Slimebound:SplitMire+1","floor":19.0},{"not_picked":["Slimebound:Schlurp","Slimebound:ComboTackle"],"picked":"Slimebound:SlimeSpikes","floor":20.0},{"not_picked":["Slimebound:SamplingLick","Slimebound:GrowthPunch"],"picked":"Slimebound:Teamwork","floor":22.0},{"not_picked":["Slimebound:LeechEnergy+1","Slimebound:RollThrough"],"picked":"Slimebound:SlimeSpikes","floor":25.0},{"not_picked":["Slimebound:GoopTackle+1","Slimebound:Recollect"],"picked":"Slimebound:DisruptingSlam","floor":27.0},{"not_picked":["Slimebound:Grow+1","Slimebound:SplitBruiser"],"picked":"Slimebound:LevelUp","floor":28},{"not_picked":["Slimebound:SamplingLick+1","Slimebound:PrepareCrush"],"picked":"Slimebound:SplitAcid+1","floor":31},{"not_picked":["Slimebound:LeechingTouch","Slimebound:HauntingLick"],"picked":"Slimebound:ServeAndProtect+1","floor":32},{"not_picked":["Slimebound:MassFeed","Slimebound:LeechLife"],"picked":"Slimebound:TagTeam","floor":33},{"not_picked":["Slimebound:GoopTackle","Slimebound:LeechEnergy+1","Slimebound:ComboTackle"],"picked":"SKIP","floor":36},{"not_picked":["Slimebound:GoopSpray","Slimebound:LeechEnergy+1"],"picked":"Slimebound:LevelUp","floor":38},{"not_picked":["Slimebound:SplitMire+1","Slimebound:LeechingTouch+1"],"picked":"Slimebound:FirmFortitude","floor":39},{"not_picked":["Slimebound:SplitBruiser+1","Slimebound:RejuvenatingLick+1"],"picked":"Slimebound:LeadByExample+1","floor":40},{"not_picked":["Slimebound:BestDefense","Slimebound:AcidTongue+1"],"picked":"Slimebound:SplitBruiser","floor":43},{"not_picked":["Slimebound:FormOfPuddle+1","Slimebound:SlimeSpikes"],"picked":"Slimebound:Replication+1","floor":45},{"not_picked":["Slimebound:SamplingLick","Slimebound:PrepareCrush"],"picked":"Slimebound:SplitMire+1","floor":46},{"not_picked":["Slimebound:GoopSpray","Slimebound:LeechingTouch+1"],"picked":"Slimebound:Replication+1","floor":49}],"player_experience":190379,"relics_obtained":[{"floor":4.0,"key":"Incense Burner"},{"floor":6.0,"key":"Mummified Hand"},{"floor":7.0,"key":"Toy Ornithopter"},{"floor":10.0,"key":"The Courier"},{"floor":24.0,"key":"Ornamental Fan"},{"floor":25.0,"key":"Lantern"},{"floor":28,"key":"WingedGreaves"},{"floor":28,"key":"Eternal Feather"},{"floor":29,"key":"Enchiridion"},{"floor":31,"key":"Letter Opener"},{"floor":40,"key":"Matryoshka"},{"floor":41,"key":"Dream Catcher"},{"floor":41,"key":"Shuriken"},{"floor":43,"key":"Du-Vu Doll"},{"floor":45,"key":"MealTicket"},{"floor":48,"key":"Molten Egg 2"},{"floor":48,"key":"Bottled Tornado"}],"event_choices":[{"damage_healed":0.0,"max_hp_gain":0.0,"max_hp_loss":20.0,"gold_gain":0.0,"event_name":"Vampires","player_choice":"Became a vampire","floor":23.0,"gold_loss":0.0,"damage_taken":0.0,"cards_obtained":["Bite","Bite","Bite","Bite","Bite"]},{"damage_healed":0,"gold_gain":0,"player_choice":"Forge","damage_taken":0,"max_hp_gain":0,"max_hp_loss":0,"event_name":"Accursed Blacksmith","floor":37,"gold_loss":0,"cards_upgraded":["Slimebound:LevelUp"]}],"is_beta":false,"boss_relics":[{"not_picked":["Cursed Key","Snecko Eye"],"picked":"Velvet Choker"},{"not_picked":["Pandora\u0027s Box","Calling Bell"],"picked":"Astrolabe"}],"items_purged_floors":[13,39],"is_endless":false,"potions_floor_spawned":[3,6,14,15,20,25,27,32,36,40,49],"ascension_level":2}}