{"host":"5p9hybygolzp0efr","time":1613465486,"event":{"mods":["AchievementEnabler","BaseMod","Bestiary","Colored Map","Minty Spire (QoL Compilation)","Permanent Neow","Relic Stats","StSLib"],"gold_per_floor":[110,130,61,72,83,116,116,116,116,151,169,169,169,194,194,291,291,302,302,302,3,3,34,34,34,34,34,54,67,94,19,19,123,123,133,133,151,0,9,41,56,56,117,117,117,152,4,23,23,23],"floor_reached":51,"language":"ENG","playtime":2170,"items_purged":["Cold Snap"],"score":1276,"play_id":"aa2f8ec7-3857-4c63-b7cb-acec6605ae93","local_time":"20210216165126","is_ascension_mode":true,"campfire_choices":[{"data":"Scrape","floor":7,"key":"SMITH"},{"data":"Hologram","floor":13,"key":"SMITH"},{"data":"Coolheaded","floor":15,"key":"SMITH"},{"data":"Go for the Eyes","floor":24,"key":"SMITH"},{"data":"All For One","floor":27,"key":"SMITH"},{"floor":32,"key":"REST"},{"data":"Hyperbeam","floor":42,"key":"SMITH"},{"data":"Deep Breath","floor":44,"key":"SMITH"},{"data":"Beam Cell","floor":49,"key":"SMITH"}],"circlet_count":0,"master_deck":["Gash","Gash","Gash","Defend_B","Defend_B","Defend_B","Scrape+1","Go for the Eyes+1","Reboot","Hologram+1","Sweeping Beam","All For One+1","Go for the Eyes","AscendersBane","Coolheaded+1","Hyperbeam+1","Auto Shields+1","Beam Cell+1","Stack","Recycle","Recycle+1","Deep Breath+1","Gash+1"],"relics":["Unceasing Top","Dream Catcher","Bag of Preparation","Cables","Mummified Hand","Black Star","Gremlin Horn","Toy Ornithopter","Eternal Feather","WingedGreaves","Letter Opener","CeramicFish","Cursed Key","Red Mask","Singing Bowl","Turnip","Art of War","Frozen Egg 2","Anchor"],"acts_visited":["Exordium","TheCity","TheBeyond"],"potions_floor_usage":[46,50],"damage_taken":[{"damage":0,"enemies":"Cultist","floor":1,"turns":2},{"damage":0,"enemies":"2 Louse","floor":2,"turns":1},{"damage":0,"enemies":"Jaw Worm","floor":4,"turns":2},{"damage":0,"enemies":"Large Slime","floor":5,"turns":3},{"damage":0,"enemies":"Gremlin Nob","floor":6,"turns":2},{"damage":7,"enemies":"3 Sentries","floor":10,"turns":2},{"damage":1,"enemies":"Blue Slaver","floor":11,"turns":2},{"damage":5,"enemies":"Lagavulin","floor":14,"turns":3},{"damage":19,"enemies":"The Guardian","floor":16,"turns":9},{"damage":0,"enemies":"Chosen","floor":18,"turns":3},{"damage":25,"enemies":"Slavers","floor":23,"turns":5},{"damage":0,"enemies":"Shell Parasite","floor":28,"turns":4},{"damage":30,"enemies":"Snake Plant","floor":29,"turns":4},{"damage":3,"enemies":"Gremlin Leader","floor":30,"turns":5},{"damage":37,"enemies":"Champ","floor":33,"turns":7},{"damage":1,"enemies":"3 Darklings","floor":35,"turns":2},{"damage":0,"enemies":"Orb Walker","floor":37,"turns":2},{"damage":30,"enemies":"Nemesis","floor":40,"turns":5},{"damage":0,"enemies":"3 Darklings","floor":41,"turns":3},{"damage":0,"enemies":"Giant Head","floor":46,"turns":3},{"damage":0,"enemies":"Jaw Worm Horde","floor":48,"turns":2},{"damage":19,"enemies":"Donu and Deca","floor":50,"turns":4}],"seed_played":"-3428145853386935624","potions_obtained":[{"floor":2,"key":"AttackPotion"},{"floor":6,"key":"Fire Potion"},{"floor":10,"key":"LiquidBronze"},{"floor":33,"key":"LiquidMemories"},{"floor":46,"key":"Fruit Juice"},{"floor":48,"key":"SteroidPotion"}],"is_trial":false,"path_per_floor":["M","M","$","M","M","E","R","?","T","E","M","?","R","E","R","B",null,"M","?","?","$","?","E","R","$","T","R","M","M","E","$","R","B",null,"M","?","M","?","?","E","M","R","T","R","$","E","$","M","R","B",null],"character_chosen":"DEFECT","items_purchased":["All For One","Gremlin Horn","Stack","Anchor"],"campfire_rested":1,"item_purchase_floors":[3,21,21,47],"current_hp_per_floor":[68,68,68,68,68,68,68,68,68,61,60,65,65,60,60,41,70,70,70,55,55,55,30,42,42,42,54,54,24,21,21,58,21,69,68,68,68,68,68,40,42,54,54,66,66,78,78,78,90,73],"gold":23,"neow_bonus":"BOSS_RELIC","is_daily":false,"chose_seed":false,"campfire_upgraded":8,"win_rate":0.0,"timestamp":1613465486,"path_taken":["M","M","$","M","M","E","R","?","T","E","M","?","R","E","R","BOSS","M","?","?","$","?","E","R","?","T","R","?","?","E","$","R","BOSS","M","?","M","?","?","E","M","R","T","R","?","E","$","M","R","BOSS"],"items_purchased_type":["Card","Relic","Card","Relic"],"build_version":"2020-12-22","purchased_purges":1,"victory":true,"max_hp_per_floor":[75,75,75,75,75,75,75,75,75,75,75,80,80,80,80,80,80,80,80,85,85,85,85,85,85,85,85,85,85,85,85,85,85,85,85,81,81,81,81,83,85,85,85,85,85,92,92,92,92,92],"relic_stats":{"Gremlin Horn":[11,11],"Singing Bowl":6,"counters":[22,75],"CeramicFish":27,"Eternal Feather":72,"Bag of Preparation":[34],"Letter Opener":[107],"Cursed Key":1,"Cables":[31,0,31,0,0],"Dream Catcher":1,"Mummified Hand":[0],"Turnip":[0],"Black Star":4,"Art of War":[0],"obtain_stats":[{"Gremlin Horn":21,"Singing Bowl":40,"CeramicFish":30,"Eternal Feather":23,"Bag of Preparation":9,"Letter Opener":30,"Frozen Egg 2":46,"Cursed Key":34,"Cables":10,"Dream Catcher":6,"Anchor":47,"Mummified Hand":14,"Snecko Eye":0,"WingedGreaves":26,"Turnip":40,"Black Star":17,"Red Mask":38,"Art of War":43,"Cracked Core":0,"Unceasing Top":0,"Toy Ornithopter":23},{"Gremlin Horn":10,"Singing Bowl":18,"CeramicFish":14,"Eternal Feather":11,"Bag of Preparation":5,"Letter Opener":14,"Frozen Egg 2":20,"Cursed Key":15,"Cables":6,"Dream Catcher":5,"Anchor":20,"Mummified Hand":8,"Snecko Eye":0,"WingedGreaves":11,"Turnip":18,"Black Star":9,"Red Mask":17,"Art of War":19,"Cracked Core":0,"Unceasing Top":0,"Toy Ornithopter":11},{"Gremlin Horn":29,"Singing Bowl":63,"CeramicFish":47,"Eternal Feather":34,"Bag of Preparation":10,"Letter Opener":47,"Frozen Egg 2":69,"Cursed Key":54,"Cables":12,"Dream Catcher":10,"Anchor":69,"Mummified Hand":17,"Snecko Eye":0,"WingedGreaves":34,"Turnip":63,"Black Star":26,"Red Mask":58,"Art of War":66,"Cracked Core":0,"Unceasing Top":0,"Toy Ornithopter":34}],"Unceasing Top":[33],"Toy Ornithopter":7},"card_choices":[{"not_picked":["Beam Cell","Stack"],"picked":"Hologram","floor":1},{"not_picked":["Doom and Gloom","Leap"],"picked":"Sweeping Beam","floor":2},{"not_picked":["Defragment","Rebound","Auto Shields"],"picked":"SKIP","floor":4},{"not_picked":["Leap","Barrage"],"picked":"Go for the Eyes","floor":5},{"not_picked":["Barrage","Steam Power","Hello World"],"picked":"SKIP","floor":6},{"not_picked":["Sunder","Turbo","White Noise"],"picked":"SKIP","floor":10},{"not_picked":["Glacier","Static Discharge"],"picked":"Cold Snap","floor":11},{"not_picked":["Heatsinks","Coolheaded","Steam Power"],"picked":"SKIP","floor":14},{"not_picked":["Heatsinks","Steam Power"],"picked":"Coolheaded","floor":14},{"not_picked":["Machine Learning","Rainbow"],"picked":"Hyperbeam","floor":16},{"not_picked":["Sweeping Beam","Aggregate"],"picked":"Auto Shields+1","floor":18},{"not_picked":["Defragment","Force Field","Steam Power"],"picked":"SKIP","floor":23},{"not_picked":["Barrage","Ball Lightning"],"picked":"Recycle","floor":28},{"not_picked":["Barrage","Steam Power+1"],"picked":"Recycle+1","floor":29},{"not_picked":["Lockon","Leap","Reinforced Body"],"picked":"SKIP","floor":30},{"not_picked":["Coolheaded+1","Rebound+1","Beam Cell"],"picked":"SKIP","floor":35},{"not_picked":["BootSequence","Ball Lightning","Cold Snap"],"picked":"SKIP","floor":37},{"not_picked":["Chrysalis","Panache"],"picked":"Deep Breath","floor":39},{"not_picked":["Redo+1","Barrage+1","Steam Power+1"],"picked":"Singing Bowl","floor":40},{"not_picked":["Skim+1","Barrage","Chaos+1"],"picked":"Singing Bowl","floor":41},{"not_picked":["Echo Form+1","Recycle+1","BootSequence"],"picked":"Singing Bowl","floor":46},{"not_picked":["Sweeping Beam","Stack+1"],"picked":"Gash+1","floor":48}],"player_experience":617876,"relics_obtained":[{"floor":6,"key":"Dream Catcher"},{"floor":9,"key":"Bag of Preparation"},{"floor":10,"key":"Cables"},{"floor":14,"key":"Mummified Hand"},{"floor":23,"key":"Toy Ornithopter"},{"floor":23,"key":"Eternal Feather"},{"floor":26,"key":"WingedGreaves"},{"floor":30,"key":"Letter Opener"},{"floor":30,"key":"CeramicFish"},{"floor":40,"key":"Singing Bowl"},{"floor":40,"key":"Turnip"},{"floor":43,"key":"Art of War"},{"floor":46,"key":"Frozen Egg 2"}],"event_choices":[{"damage_healed":0,"gold_gain":0,"player_choice":"Leave","damage_taken":0,"max_hp_gain":0,"max_hp_loss":0,"event_name":"The Cleric","floor":8,"gold_loss":0},{"damage_healed":0,"gold_gain":0,"player_choice":"Donut","damage_taken":0,"max_hp_gain":5,"max_hp_loss":0,"event_name":"Big Fish","floor":12,"gold_loss":0},{"damage_healed":0,"gold_gain":0,"player_choice":"Read","damage_taken":0,"max_hp_gain":0,"max_hp_loss":0,"event_name":"The Library","floor":19,"gold_loss":0,"cards_obtained":["Beam Cell"]},{"damage_healed":0,"gold_gain":0,"player_choice":"Shed Blood","damage_taken":20,"max_hp_gain":5,"max_hp_loss":0,"event_name":"Forgotten Altar","floor":20,"gold_loss":0},{"damage_healed":0,"gold_gain":0,"player_choice":"Ignored","damage_taken":0,"max_hp_gain":0,"max_hp_loss":0,"event_name":"Vampires","floor":22,"gold_loss":0},{"damage_healed":0,"gold_gain":0,"player_choice":"Max HP","damage_taken":0,"max_hp_gain":0,"max_hp_loss":4,"event_name":"Winding Halls","floor":36,"gold_loss":0},{"damage_healed":0,"gold_gain":0,"player_choice":"Paid","damage_taken":0,"relics_obtained":["Red Mask"],"max_hp_gain":0,"max_hp_loss":0,"event_name":"Tomb of Lord Red Mask","floor":38,"gold_loss":151},{"damage_healed":0,"gold_gain":0,"player_choice":"Memory 1","damage_taken":0,"max_hp_gain":0,"max_hp_loss":0,"event_name":"SensoryStone","floor":39,"gold_loss":0}],"is_beta":false,"boss_relics":[{"not_picked":["Coffee Dripper","Tiny House"],"picked":"Black Star"},{"not_picked":["Astrolabe","SacredBark"],"picked":"Cursed Key"}],"items_purged_floors":[31],"is_endless":false,"potions_floor_spawned":[2,6,10,11,14,18,28,33,41,46,48],"ascension_level":10}}