{"host":"ijtyqc57s6c9mbij","time":1613459335,"event":{"mods":["BaseMod","Colored Map","Jorbs\u0027s Wanderer Trilogy","Minty Spire (QoL Compilation)","StSLib"],"gold_per_floor":[116,142,142,67,242,242,242,242,242,242,268,9,44,74,74,176,176,191,191,68,68,87,87,116,116,116,82,111,111,127,42,42,140,140,170,185,1184,1194,1251,1251,1251,1251,1251,1276,1276,1276],"floor_reached":45,"language":"ENG","playtime":4012,"items_purged":["stsjorbsmod:Defend_Wanderer","Doubt"],"score":655,"play_id":"1eed8a1d-d4fe-42e0-a196-bdf05761596f","local_time":"20210215230855","is_ascension_mode":true,"campfire_choices":[{"data":"stsjorbsmod:DisguiseSelf","floor":6.0,"key":"SMITH"},{"data":"stsjorbsmod:FreshAdventure","floor":8.0,"key":"SMITH"},{"data":"stsjorbsmod:EyeOfTheStorm","floor":10.0,"key":"SMITH"},{"data":"stsjorbsmod:FracturedMind","floor":15,"key":"SMITH"},{"data":"stsjorbsmod:TrueStrike","floor":23,"key":"SMITH"},{"floor":25,"key":"RECALL"},{"floor":32,"key":"REST"},{"data":"stsjorbsmod:Determination","floor":40,"key":"SMITH"},{"data":"1","floor":42,"key":"LIFT"}],"circlet_count":0,"master_deck":["stsjorbsmod:ForbiddenGrimoire+1","stsjorbsmod:Strike_Wanderer","stsjorbsmod:Defend_Wanderer","stsjorbsmod:Defend_Wanderer+1","stsjorbsmod:FreshAdventure+1","stsjorbsmod:EyeOfTheStorm+1","stsjorbsmod:ParryingBlow+1","stsjorbsmod:UnseenServant+1","stsjorbsmod:SchoolsOfMagic+1","stsjorbsmod:FaerieFire+1","stsjorbsmod:DisguiseSelf+1","stsjorbsmod:Will+1","stsjorbsmod:FracturedMind+1","stsjorbsmod:Withdraw","stsjorbsmod:TrueStrike+1","stsjorbsmod:Mania","stsjorbsmod:Entangle","stsjorbsmod:RefuseToForget+1","Pain","stsjorbsmod:Determination+1","stsjorbsmod:LocateObject","stsjorbsmod:Feast","CurseOfTheBell","stsjorbsmod:WanderingMind+1","stsjorbsmod:Message+1","Normality","Normality","stsjorbsmod:ColorSpray","Decay","stsjorbsmod:Materialize"],"relics":["Astrolabe","Shuriken","Blue Candle","OrangePellets","Cursed Key","Nloth\u0027s Gift","HornCleat","Akabeko","Dream Catcher","Calling Bell","Juzu Bracelet","Letter Opener","Lizard Tail","Girya","Pantograph"],"acts_visited":["Exordium","TheCity","TheBeyond"],"potions_floor_usage":[16,16,16,24,33,39,45],"damage_taken":[{"damage":0.0,"enemies":"2 Louse","floor":1.0,"turns":2.0},{"damage":0.0,"enemies":"Small Slimes","floor":2.0,"turns":3.0},{"damage":11.0,"enemies":"Gremlin Nob","floor":11.0,"turns":5.0},{"damage":17,"enemies":"3 Sentries","floor":13,"turns":8},{"damage":1,"enemies":"Cultist","floor":14,"turns":5},{"damage":19,"enemies":"Hexaghost","floor":16,"turns":8},{"damage":2,"enemies":"3 Byrds","floor":18,"turns":4},{"damage":3,"enemies":"Shell Parasite","floor":22,"turns":5},{"damage":8,"enemies":"Book of Stabbing","floor":24,"turns":6},{"damage":27,"enemies":"Gremlin Leader","floor":28,"turns":5},{"damage":1,"enemies":"Centurion and Healer","floor":30,"turns":5},{"damage":16,"enemies":"Champ","floor":33,"turns":8},{"damage":2,"enemies":"3 Darklings","floor":35,"turns":4},{"damage":8,"enemies":"Orb Walker","floor":36,"turns":3},{"damage":15,"enemies":"3 Darklings","floor":38,"turns":5},{"damage":71,"enemies":"2 Orb Walkers","floor":39,"turns":7},{"damage":10,"enemies":"Sphere and 2 Shapes","floor":44,"turns":4},{"damage":30,"enemies":"Reptomancer","floor":45,"turns":3}],"seed_played":"6399184028749016472","potions_obtained":[{"floor":1.0,"key":"Regen Potion"},{"floor":16,"key":"SkillPotion"},{"floor":22,"key":"Strength Potion"},{"floor":24,"key":"FearPotion"},{"floor":35,"key":"Regen Potion"},{"floor":38,"key":"Fire Potion"},{"floor":44,"key":"DistilledChaos"}],"is_trial":false,"path_per_floor":["M","M","?","$","?","R","?","R","T","R","E","$","E","M","R","B",null,"M","?","$","?","M","R","E","R","T","$","E","$","M","?","R","B",null,"M","M","?","M","?","R","?","R","T","M","E"],"character_chosen":"WANDERER","items_purchased":["OrangePellets","PowerPotion","stsjorbsmod:BurningPotion","stsjorbsmod:Mania","stsjorbsmod:Patron"],"campfire_rested":1,"item_purchase_floors":[12,12,12,20,27],"current_hp_per_floor":[68,68,54,54,54,54,54,54,54,54,45,45,28,27,27,23,70,70,70,70,70,67,67,59,59,59,59,32,32,31,31,52,36,72,70,62,62,47,39,39,39,39,39,29,0,0],"gold":1276,"neow_bonus":"BOSS_RELIC","is_daily":false,"chose_seed":false,"campfire_upgraded":6,"win_rate":0.0,"timestamp":1613459335,"path_taken":["M","M","?","$","?","R","?","R","T","R","E","$","E","M","R","BOSS","M","?","$","?","?","R","E","R","T","$","E","?","M","?","R","BOSS","M","M","?","M","?","R","?","R","T","M","E"],"items_purchased_type":["Relic","Potion","Potion","Card","Card"],"build_version":"2020-12-22","purchased_purges":2,"victory":false,"max_hp_per_floor":[68,68,68,68,68,68,68,68,68,68,70,70,70,70,70,70,70,72,72,72,72,72,72,72,72,72,72,72,72,72,72,72,72,72,72,72,72,72,76,76,76,76,76,76,76,76],"card_choices":[{"not_picked":["stsjorbsmod:Mending","stsjorbsmod:LocateObject"],"picked":"stsjorbsmod:FaerieFire","floor":1.0},{"not_picked":["stsjorbsmod:TollTheDead","stsjorbsmod:Inferno"],"picked":"stsjorbsmod:DisguiseSelf","floor":2.0},{"not_picked":["stsjorbsmod:AnimateObjects","stsjorbsmod:TollTheDead"],"picked":"stsjorbsmod:MagicMirror","floor":11.0},{"not_picked":["stsjorbsmod:FaerieFire","stsjorbsmod:AnimateObjects"],"picked":"stsjorbsmod:Will","floor":13},{"not_picked":["stsjorbsmod:UnseenServant","stsjorbsmod:Prepare"],"picked":"stsjorbsmod:FracturedMind","floor":14},{"not_picked":["stsjorbsmod:MirrorImage","stsjorbsmod:Pyromancy"],"picked":"stsjorbsmod:Withdraw","floor":16},{"not_picked":["stsjorbsmod:Prepare+1","stsjorbsmod:FranticSearch"],"picked":"stsjorbsmod:TrueStrike","floor":18},{"not_picked":["stsjorbsmod:Prepare+1","stsjorbsmod:Message"],"picked":"stsjorbsmod:Entangle","floor":22},{"not_picked":["stsjorbsmod:FaerieFire+1","stsjorbsmod:GatherPower"],"picked":"stsjorbsmod:RefuseToForget+1","floor":24},{"not_picked":["stsjorbsmod:AnimateObjects","stsjorbsmod:MistyStep"],"picked":"stsjorbsmod:Determination","floor":28},{"not_picked":["stsjorbsmod:FaerieFire","stsjorbsmod:UnseenServant","stsjorbsmod:ParryingBlow"],"picked":"SKIP","floor":30},{"not_picked":["stsjorbsmod:LoseGrip","stsjorbsmod:HedgeWizard+1"],"picked":"stsjorbsmod:LocateObject","floor":32},{"not_picked":["stsjorbsmod:Entangle","stsjorbsmod:Withdraw"],"picked":"stsjorbsmod:Feast","floor":33},{"not_picked":["stsjorbsmod:Channel","stsjorbsmod:Will"],"picked":"stsjorbsmod:WanderingMind+1","floor":35},{"not_picked":["stsjorbsmod:ChainLightning","stsjorbsmod:AnimateObjects+1"],"picked":"stsjorbsmod:Message+1","floor":36},{"not_picked":["stsjorbsmod:FracturedMind","stsjorbsmod:Will","stsjorbsmod:DoubleCheck"],"picked":"SKIP","floor":38},{"not_picked":["stsjorbsmod:Hibernate","stsjorbsmod:FindFamiliar+1"],"picked":"stsjorbsmod:ColorSpray","floor":39},{"not_picked":["stsjorbsmod:Introspection+1","stsjorbsmod:Channel+1"],"picked":"stsjorbsmod:Materialize","floor":44}],"player_experience":856825,"relics_obtained":[{"floor":9.0,"key":"Shuriken"},{"floor":11.0,"key":"Blue Candle"},{"floor":13,"key":"Smiling Mask"},{"floor":24,"key":"HornCleat"},{"floor":28,"key":"Akabeko"},{"floor":34,"key":"Juzu Bracelet"},{"floor":34,"key":"Letter Opener"},{"floor":34,"key":"Lizard Tail"},{"floor":39,"key":"Girya"},{"floor":43,"key":"Pantograph"}],"event_choices":[{"damage_healed":0.0,"max_hp_gain":0.0,"max_hp_loss":0.0,"gold_gain":0.0,"event_name":"Shining Light","player_choice":"Entered Light","floor":3.0,"gold_loss":0.0,"damage_taken":14.0,"cards_upgraded":["stsjorbsmod:FaerieFire","stsjorbsmod:Defend_Wanderer"]},{"damage_healed":0.0,"max_hp_gain":0.0,"max_hp_loss":0.0,"gold_gain":175.0,"event_name":"Liars Game","player_choice":"AGREE","floor":5.0,"gold_loss":0.0,"damage_taken":0.0,"cards_obtained":["Doubt"]},{"cards_removed":["stsjorbsmod:Strike_Wanderer"],"damage_healed":0.0,"max_hp_gain":0.0,"max_hp_loss":0.0,"gold_gain":0.0,"event_name":"Living Wall","player_choice":"Forget","floor":7.0,"gold_loss":0.0,"damage_taken":0.0},{"damage_healed":0,"gold_gain":0,"player_choice":"Ignored","damage_taken":0,"max_hp_gain":0,"max_hp_loss":0,"event_name":"Ghosts","floor":19,"gold_loss":0},{"damage_healed":0,"gold_gain":0,"player_choice":"Traded Relic","damage_taken":0,"relics_obtained":["Nloth\u0027s Gift"],"max_hp_gain":0,"max_hp_loss":0,"event_name":"N\u0027loth","floor":21,"relics_lost":["Smiling Mask"],"gold_loss":0},{"damage_healed":0,"gold_gain":0,"player_choice":"Obtained Relic","damage_taken":0,"relics_obtained":["Dream Catcher"],"max_hp_gain":0,"max_hp_loss":0,"event_name":"Addict","floor":31,"gold_loss":85},{"damage_healed":0,"gold_gain":999,"player_choice":"Gold","damage_taken":0,"max_hp_gain":0,"max_hp_loss":0,"event_name":"MindBloom","floor":37,"gold_loss":0,"cards_obtained":["Normality","Normality"]},{"damage_healed":0,"gold_gain":0,"player_choice":"Fight","damage_taken":0,"max_hp_gain":0,"max_hp_loss":0,"event_name":"Mysterious Sphere","floor":39,"gold_loss":0},{"cards_removed":["stsjorbsmod:MagicMirror"],"damage_healed":0,"gold_gain":0,"player_choice":"Removed Power","damage_taken":0,"max_hp_gain":0,"max_hp_loss":0,"event_name":"Falling","floor":41,"gold_loss":0}],"is_beta":false,"boss_relics":[{"not_picked":["SlaversCollar","Sozu"],"picked":"Cursed Key"},{"not_picked":["Busted Crown","Tiny House"],"picked":"Calling Bell"}],"items_purged_floors":[4,20],"is_endless":false,"potions_floor_spawned":[1,14,16,22,24,35,38,44],"killed_by":"Reptomancer","ascension_level":1}}