{"host":"o2sjj5kwbqbjclj8","time":1613440217,"event":{"mods":["BaseMod","Googly Eyes","Minty Spire (QoL Compilation)","StSLib","slay the spire mod where everything is the same but ironclad has a cowboy hat"],"gold_per_floor":[119,119,129,129,146,180,180,213,237,237,267,295,313,328,328,426,426,440,515,336,336,42,71,71,101,125,125,175,193,213,223,223,323,323,333,213,227,238,250,250,303,303,330,330,38,68,78,89,89,89],"floor_reached":51,"language":"ENG","playtime":6257,"items_purged":["Writhe"],"score":872,"play_id":"e6cbb924-cc77-49cf-a717-8520b45fed0a","local_time":"20210215195017","is_ascension_mode":true,"campfire_choices":[{"data":"Barrage","floor":7.0,"key":"SMITH"},{"floor":15.0,"key":"REST"},{"data":"Barrage","floor":24.0,"key":"SMITH"},{"data":"Hologram","floor":27.0,"key":"SMITH"},{"floor":32.0,"key":"REST"},{"data":"Hologram","floor":40.0,"key":"SMITH"},{"data":"Cold Snap","floor":42,"key":"SMITH"},{"floor":44,"key":"REST"},{"floor":49,"key":"REST"}],"circlet_count":0,"master_deck":["Strike_B","Strike_B","Strike_B","Strike_B","Defend_B","Defend_B","Defend_B","Defend_B","Zap","Leap","Cold Snap","Cold Snap+1","Barrage+1","Conserve Battery","Capacitor","Barrage+1","Stack","Leap","Leap","Amplify","Cold Snap+1","Hologram+1","Stack","Creative AI","Hologram+1","Skim","Electrodynamics","Conserve Battery","Leap","Conserve Battery","Hologram+1","Leap","FTL","Cold Snap+1","Barrage+1","Barrage"],"relics":["FrozenCore","NeowsBlessing","MealTicket","Centennial Puzzle","Anchor","Nunchaku","Odd Mushroom","Philosopher\u0027s Stone","Happy Flower","Juzu Bracelet","Lantern","Bronze Scales","Matryoshka","Boot","Oddly Smooth Stone","Bottled Tornado","Gambling Chip","Potion Belt","Orichalcum","Cauldron","Strawberry","Omamori"],"acts_visited":["Exordium","TheCity","TheBeyond"],"potions_floor_usage":[41,41,50,50,50,50,50,50,50,50],"damage_taken":[{"damage":0.0,"enemies":"2 Louse","floor":1.0,"turns":1.0},{"damage":0.0,"enemies":"Cultist","floor":3.0,"turns":1.0},{"damage":0.0,"enemies":"Jaw Worm","floor":5.0,"turns":1.0},{"damage":7.0,"enemies":"3 Sentries","floor":6.0,"turns":7.0},{"damage":4.0,"enemies":"Lagavulin","floor":8.0,"turns":8.0},{"damage":5.0,"enemies":"3 Sentries","floor":11.0,"turns":6.0},{"damage":19.0,"enemies":"The Mushroom Lair","floor":12.0,"turns":4.0},{"damage":0.0,"enemies":"Looter","floor":13.0,"turns":3.0},{"damage":2.0,"enemies":"Blue Slaver","floor":14.0,"turns":4.0},{"damage":15.0,"enemies":"Slime Boss","floor":16.0,"turns":12.0},{"damage":15.0,"enemies":"Spheric Guardian","floor":18.0,"turns":4.0},{"damage":25.0,"enemies":"Slavers","floor":23.0,"turns":8.0},{"damage":23.0,"enemies":"Gremlin Leader","floor":25.0,"turns":7.0},{"damage":0.0,"enemies":"Chosen","floor":29.0,"turns":5.0},{"damage":15.0,"enemies":"Centurion and Healer","floor":30.0,"turns":6.0},{"damage":4.0,"enemies":"Snecko","floor":31.0,"turns":4.0},{"damage":0.0,"enemies":"Champ","floor":33.0,"turns":15.0},{"damage":18.0,"enemies":"3 Darklings","floor":35.0,"turns":5.0},{"damage":0.0,"enemies":"3 Shapes","floor":37.0,"turns":7.0},{"damage":26.0,"enemies":"Sphere and 2 Shapes","floor":38.0,"turns":7.0},{"damage":10.0,"enemies":"4 Shapes","floor":39.0,"turns":6.0},{"damage":45,"enemies":"2 Orb Walkers","floor":41,"turns":6},{"damage":29,"enemies":"Giant Head","floor":46,"turns":13},{"damage":0,"enemies":"Jaw Worm Horde","floor":47,"turns":5},{"damage":0,"enemies":"Transient","floor":48,"turns":5},{"damage":48,"enemies":"Donu and Deca","floor":50,"turns":8}],"seed_played":"4358141059829806241","potions_obtained":[{"floor":3.0,"key":"Strength Potion"},{"floor":4.0,"key":"Dexterity Potion"},{"floor":4.0,"key":"LiquidMemories"},{"floor":14.0,"key":"FairyPotion"},{"floor":16.0,"key":"PotionOfCapacity"},{"floor":23.0,"key":"Ancient Potion"},{"floor":25.0,"key":"EntropicBrew"},{"floor":35.0,"key":"SteroidPotion"},{"floor":38.0,"key":"Fire Potion"},{"floor":41,"key":"EssenceOfDarkness"},{"floor":45,"key":"LiquidBronze"},{"floor":45,"key":"FairyPotion"},{"floor":45,"key":"EntropicBrew"},{"floor":45,"key":"SteroidPotion"}],"is_trial":false,"path_per_floor":["M","?","M","?","M","E","R","E","T","?","E","?","M","M","R","B",null,"M","?","$","?","$","E","R","E","T","R","?","M","M","M","R","B",null,"M","$","M","M","M","R","?","R","T","R","$","E","M","M","R","B",null],"character_chosen":"DEFECT","items_purchased":["Hologram","Happy Flower","Lantern","Bronze Scales","Leap","Cauldron","Strawberry"],"campfire_rested":4,"item_purchase_floors":[20,20,22,22,36,45,45],"current_hp_per_floor":[75,75,75,75,75,68,68,64,64,64,59,40,40,38,60,45,75,60,53,68,68,75,50,50,27,27,27,27,27,12,8,30,30,75,57,72,72,46,36,36,22,22,22,44,66,37,37,37,61,13],"gold":89,"neow_bonus":"THREE_ENEMY_KILL","is_daily":false,"chose_seed":false,"campfire_upgraded":5,"win_rate":0.0,"timestamp":1613440217,"path_taken":["M","?","?","?","?","E","R","E","T","?","E","?","M","M","R","BOSS","M","?","?","?","$","E","R","E","T","R","?","M","M","M","R","BOSS","M","?","M","M","M","R","?","R","T","R","$","E","M","M","R","BOSS"],"items_purchased_type":["Card","Relic","Relic","Relic","Card","Relic","Relic"],"build_version":"2020-12-22","purchased_purges":1,"victory":true,"max_hp_per_floor":[75,75,75,75,75,75,75,75,75,75,75,75,75,75,75,75,75,75,75,75,75,75,75,75,75,75,75,75,75,75,75,75,75,75,75,75,75,75,75,75,75,75,75,75,82,82,82,82,82,82],"card_choices":[{"not_picked":["Beam Cell","Turbo"],"picked":"Leap","floor":1.0},{"not_picked":["Steam","Core Surge"],"picked":"Cold Snap","floor":3.0},{"not_picked":["Recycle","Force Field"],"picked":"Barrage","floor":5.0},{"not_picked":["Rebound","BootSequence"],"picked":"Conserve Battery","floor":6.0},{"not_picked":["Melter","Chill"],"picked":"Capacitor","floor":8.0},{"not_picked":["Genetic Algorithm","Steam Power"],"picked":"Barrage","floor":11.0},{"not_picked":["Fusion","Gash"],"picked":"Stack","floor":12.0},{"not_picked":["Turbo","Hyperbeam"],"picked":"Leap","floor":13.0},{"not_picked":["Undo","Streamline"],"picked":"Leap","floor":14.0},{"not_picked":["Thunder Strike","Multi-Cast"],"picked":"Amplify","floor":16.0},{"not_picked":["Ball Lightning","Undo"],"picked":"Cold Snap+1","floor":18.0},{"not_picked":["Scrape+1","Fusion"],"picked":"Stack","floor":23.0},{"not_picked":["BootSequence","Amplify"],"picked":"Creative AI","floor":25.0},{"not_picked":["Steam+1","Conserve Battery"],"picked":"Hologram+1","floor":29.0},{"not_picked":["Consume+1","Rip and Tear","Static Discharge"],"picked":"SKIP","floor":30.0},{"not_picked":["Sweeping Beam+1","Aggregate"],"picked":"Skim","floor":31.0},{"not_picked":["Fission","Meteor Strike"],"picked":"Electrodynamics","floor":33.0},{"not_picked":["Fusion+1","Consume+1"],"picked":"Conserve Battery","floor":35.0},{"not_picked":["Darkness+1","Reprogram+1"],"picked":"Conserve Battery","floor":37.0},{"not_picked":["Fusion","Barrage"],"picked":"Hologram","floor":38.0},{"not_picked":["Turbo+1","Compile Driver"],"picked":"Leap","floor":39.0},{"not_picked":["Rebound","Compile Driver+1"],"picked":"FTL","floor":41},{"not_picked":["Reprogram+1","Compile Driver+1"],"picked":"Cold Snap+1","floor":46},{"not_picked":["Redo","Gash+1"],"picked":"Barrage+1","floor":47},{"not_picked":["Echo Form","Hello World+1"],"picked":"Barrage","floor":48}],"player_experience":131057,"relics_obtained":[{"floor":6.0,"key":"MealTicket"},{"floor":8.0,"key":"Centennial Puzzle"},{"floor":9.0,"key":"Anchor"},{"floor":11.0,"key":"Nunchaku"},{"floor":12.0,"key":"Odd Mushroom"},{"floor":23.0,"key":"Matryoshka"},{"floor":25.0,"key":"Boot"},{"floor":26.0,"key":"Oddly Smooth Stone"},{"floor":26.0,"key":"Bottled Tornado"},{"floor":41,"key":"Gambling Chip"},{"floor":43,"key":"Potion Belt"},{"floor":43,"key":"Orichalcum"},{"floor":46,"key":"Omamori"}],"event_choices":[{"damage_healed":0.0,"max_hp_gain":0.0,"max_hp_loss":0.0,"gold_gain":0.0,"cards_transformed":["Dualcast"],"event_name":"Transmorgrifier","player_choice":"Transformed","floor":2.0,"gold_loss":0.0,"damage_taken":0.0,"cards_obtained":["Cold Snap"]},{"damage_healed":0.0,"max_hp_gain":0.0,"max_hp_loss":0.0,"gold_gain":0.0,"event_name":"Lab","player_choice":"Got Potions","floor":4.0,"gold_loss":0.0,"damage_taken":0.0},{"damage_healed":0.0,"max_hp_gain":0.0,"max_hp_loss":0.0,"gold_gain":0.0,"event_name":"Golden Wing","player_choice":"Ignored","floor":10.0,"gold_loss":0.0,"damage_taken":0.0},{"damage_healed":0.0,"max_hp_gain":0.0,"max_hp_loss":0.0,"gold_gain":0.0,"event_name":"Mushrooms","player_choice":"Fought Mushrooms","floor":12.0,"gold_loss":0.0,"damage_taken":0.0},{"damage_healed":0.0,"max_hp_gain":0.0,"max_hp_loss":0.0,"gold_gain":75.0,"event_name":"FaceTrader","player_choice":"Touch","floor":19.0,"gold_loss":0.0,"damage_taken":7.0},{"damage_healed":0.0,"max_hp_gain":0.0,"max_hp_loss":0.0,"gold_gain":0.0,"event_name":"The Mausoleum","player_choice":"Opened","floor":21.0,"gold_loss":0.0,"damage_taken":0.0,"relics_obtained":["Juzu Bracelet"],"cards_obtained":["Writhe"]},{"damage_healed":0.0,"max_hp_gain":0.0,"max_hp_loss":0.0,"gold_gain":100.0,"event_name":"The Joust","player_choice":"Bet on Murderer","floor":28.0,"gold_loss":50.0,"damage_taken":0.0},{"damage_healed":0,"gold_gain":0,"player_choice":"Fight","damage_taken":0,"max_hp_gain":0,"max_hp_loss":0,"event_name":"Mysterious Sphere","floor":41,"gold_loss":0}],"is_beta":false,"boss_relics":[{"not_picked":["Velvet Choker","Runic Dome"],"picked":"Philosopher\u0027s Stone"},{"not_picked":["Fusion Hammer","Snecko Eye"],"picked":"FrozenCore"}],"items_purged_floors":[36],"is_endless":false,"potions_floor_spawned":[3,5,6,14,16,23,25,29,30,35,38,41,48],"ascension_level":1}}