{"host":"gqhy17d1xpb1p3ki","time":1613504667,"event":{"mods":["2.2 Compatiblity","AchievementEnabler","BaseMod","Bestiary","BetterRewards","Colored Map","Colored Powertips","Conspire","Curses Come First","Custom Start","DeckTracker","Downfall","Duelist Mod","Hermit","Highlight Path","Hubris","Infinite Spire","Marisa????????","Minty Spire (QoL Compilation)","Quick Restart","Rare Cards Sparkle","Relic Stats","Remilia??????","Replay The Spire","Robot Space Explorer","Shop Mod","StSLib","Td1madao Mod","The Animator","The Bug Knight","The Cursed","The Disciple","The Hierophant","The Jungle","The Marked","The Mystic","The Necromancer","The Runesmith","The Senshi","The Servant 0.9.4","The Witch","TheBandit","WarShipGirlsR/????R mod","Yuri Mod","ojb\u0027s Info Mod"],"gold_per_floor":[113,63,138,156,167,167,194,194,194,213,228,228,102,102,102,206,206,222,232,26,44,44,44,59,59,59,59,59,73,73,26,45,56,56,160,160,160,160],"floor_reached":37,"language":"ENG","playtime":3301,"items_purged":["Regret","rmod:strick"],"score":369,"play_id":"98a88ef8-194c-43e5-a9a0-378da4881c7e","local_time":"20210216144427","is_ascension_mode":false,"campfire_choices":[{"data":"rmod:tearstotiara","floor":6.0,"key":"SMITH"},{"data":"rmod:aviationdawn","floor":8,"key":"SMITH"},{"floor":15,"key":"DIG"},{"data":"rmod:steelsupply","floor":34,"key":"SMITH"}],"circlet_count":0,"master_deck":["rmod:strick","rmod:strick","rmod:defend","rmod:defend","rmod:defend","rmod:defend","rmod:basicallowance","rmod:maingunfire","rmod:aviationdawn+1","rmod:maintain","rmod:tearstotiara+1","rmod:ammunitionsupply","Pot Of Greed","Pot Of Greed","rmod:mineteam+1","rmod:guardianhero","rmod:garrisonisland+1","rmod:desperatesituation+1","rmod:unsinkable","rmod:smokecover+1","rmod:openingtorpedo+1","rmod:ammunitionsupply+1","rmod:chargemoney+1","rmod:victimresponsibility+1","Pot Of Greed+1","rmod:steelsupply+1","Normality","rmod:supportaircraftcarrier+1","rmod:aluminumsupply+1","rmod:aluminumsupply+1","rmod:firesupport+1","rmod:lonelyqueen","rmod:abidefaith+1"],"relics":["rmod:firstchargereward","Golden Egg","Counterbalance","Grinning Jar","Meat on the Bone","HornCleat","hubris:ToyBattleship","hubris:TerracottaHorce","BargainBundle","Molten Egg 2","Velvet Choker"],"acts_visited":["Exordium","TheCity","TheBeyond"],"potions_floor_usage":[32],"damage_taken":[{"damage":1.0,"enemies":"Small Slimes","floor":1.0,"turns":4.0},{"damage":0.0,"enemies":"2 Louse","floor":4.0,"turns":2.0},{"damage":0.0,"enemies":"Cultist","floor":5.0,"turns":3.0},{"damage":6.0,"enemies":"3 Sentries","floor":7.0,"turns":9.0},{"damage":0,"enemies":"2 Fungi Beasts","floor":10,"turns":3},{"damage":5,"enemies":"Exordium Wildlife","floor":11,"turns":2},{"damage":12,"enemies":"Fading Forest","floor":16,"turns":11},{"damage":0,"enemies":"Spheric Guardian","floor":18,"turns":3},{"damage":11,"enemies":"2 Thieves","floor":19,"turns":3},{"damage":9,"enemies":"Snake Plant","floor":21,"turns":5},{"damage":0,"enemies":"Snecko","floor":24,"turns":4},{"damage":6,"enemies":"Shelled Parasite and Fungi","floor":29,"turns":3},{"damage":22,"enemies":"Sentry and Sphere","floor":32,"turns":5},{"damage":0,"enemies":"conspire:HollyBat","floor":33,"turns":7},{"damage":15,"enemies":"Champ","floor":35,"turns":11},{"damage":17,"enemies":"Orb Walker","floor":37,"turns":7}],"seed_played":"7315049559358486793","potions_obtained":[{"floor":1.0,"key":"PowerPotion"},{"floor":10,"key":"FearPotion"},{"floor":16,"key":"Guardian:BlockOnCardUsePotion"}],"is_trial":false,"path_per_floor":["M","?","?","M","M","R","E","R","T","M","M","?","$","?","R_BF","B",null,"M","M","$","M","?","?","M","$","PTL","PTL","T","M","?","$","M","M","R","B",null,"M"],"character_chosen":"PRAEFECT","items_purchased":["Golden Egg","rmod:garrisonisland+1","BargainBundle","rmod:openingtorpedo","rmod:ammunitionsupply","rmod:chargemoney","rmod:victimresponsibility","rmod:aluminumsupply"],"campfire_rested":0,"item_purchase_floors":[0,13,20,20,20,20,20,31],"current_hp_per_floor":[74,74,67,67,67,67,61,61,61,61,56,56,56,56,56,44,67,67,56,56,47,47,47,47,47,47,47,47,41,41,41,31,43,43,40,66,49,49],"gold":160,"neow_bonus":"","is_daily":false,"chose_seed":false,"campfire_upgraded":3,"win_rate":0.0,"timestamp":1613504667,"path_taken":["M","?","?","M","M","R","E","R","T","?","M","?","$","?","R_BF","BOSS","M","M","$","M","?","?","M","$","PTL","PTL","T","M","?","?","M","M","R","BOSS","M"],"items_purchased_type":["Relic","Card","Relic","Card","Card","Card","Card","Card"],"build_version":"2020-12-22","purchased_purges":2,"victory":false,"max_hp_per_floor":[75,75,75,75,75,75,75,75,75,75,75,75,75,75,75,75,75,75,75,75,75,75,75,75,75,75,75,75,75,75,75,75,75,75,75,75,75,75],"relic_stats":{"counters":[58,264],"obtain_stats":[{"hubris:BallOfYels":88,"Golden Egg":0,"theDuelist:MerchantRugbox":88,"Whetstone":88,"theDuelist:MillenniumPuzzle":88,"theDuelist:TrapVortex":88,"sneckomod:SuperSneckoSoul":88,"infinitespire:ShieldingShard":88,"yuri:PortraitOfMarkov":88,"infinitespire:Golems Mask":54,"Fusion Hammer":27,"Kunai":60,"HollowMod:PaleOreRelic":66,"hubris:RGBLights":88,"MerchantsRug":48,"Pear":13,"rmod:mogul":34,"Blue Candle":59,"Counterbalance":0,"hubris:SphereOfDissonance":40,"Velvet Choker":36,"Slimebound:TarBlob":88,"Cables":88,"animator:ExquisiteBloodVial":88,"hubris:BottledHeart":28,"MysterySword":88,"Pandora\u0027s Box":68,"conspire:BottledYoYo":76,"Lantern":15,"animator:ShionDessert":88,"Torii":14,"downfall:NeowBlessing_Player":88,"hierophant:PropheticMaskRelic":88,"SproutingBranch":88,"Cursed Key":88,"theMarked:KettuFlask":88,"RomanBracelet":88,"Shovel":9,"AntiCross":42,"Chemical X":71,"downfall:ExtraCursedBell":87,"hubris:ChampionShield":88,"InkBottle":43,"Golden Idol":7,"Omamori":58,"hubris:Towel":90,"Nuclear Battery":88,"theDuelist:CardPoolBasicRelic":88,"Turnip":0,"Art of War":49,"Ice Cream":88,"theJungle:Creamberry":73,"theDuelist:BoosterBetterBoostersRelic":88,"hubris:TerracottaHorce":17,"Sozu":85,"Centennial Puzzle":25,"infinitespire:SolderingIron":88,"HornCleat":12,"Strawberry":26,"Prayer Wheel":45,"hubris:SoftwareUpdate":88,"Dead Branch":27,"Oddly Smooth Stone":64,"conspire:SlowCooker":17,"animator:TheEruzaStone":88,"Charon\u0027s Ashes":88,"Letter Opener":80,"Shuriken":77,"hubris:PeanutButter":48,"Molten Egg 2":28,"rmod:firstchargereward":0,"Nloth\u0027s Gift":21,"hubris:ToyBattleship":88,"Grinning Jar":7,"theSenshi:CosmicHeartCompactRelic":88,"Pocketwatch":41,"Meat on the Bone":9,"Mango":48,"conspire:SpecialSausage":51,"Dream Catcher":44,"Nunchaku":83,"theDuelist:BoosterPackPoolRelic":88,"infinitespire:MutagenicDexterity":88,"infinitespire:Chaos":88,"hubris:DisguiseKit":74,"BargainBundle":20,"infinitespire:CursedDice":0,"infinitespire:EmptyRelic":88,"TheCursedMod:PinkPellets":88,"RobotSpaceExplorer:RoboCore":88,"White Beast Statue":57,"Anchor":78,"infinitespire:Satchel":87,"sneckomod:SleevedAce":88,"hubris:BundleOfHerbs":32,"Membership Card":0,"yuri:PortableGlitches":87},{"hubris:BallOfYels":39,"Golden Egg":42,"theDuelist:MerchantRugbox":39,"Whetstone":39,"theDuelist:MillenniumPuzzle":39,"theDuelist:TrapVortex":39,"sneckomod:SuperSneckoSoul":39,"infinitespire:ShieldingShard":39,"yuri:PortraitOfMarkov":39,"infinitespire:Golems Mask":25,"Fusion Hammer":11,"Kunai":28,"HollowMod:PaleOreRelic":30,"hubris:RGBLights":39,"MerchantsRug":22,"Pear":5,"rmod:mogul":14,"Blue Candle":28,"Counterbalance":42,"hubris:SphereOfDissonance":19,"Velvet Choker":57,"Slimebound:TarBlob":39,"Cables":39,"animator:ExquisiteBloodVial":39,"hubris:BottledHeart":11,"MysterySword":39,"Pandora\u0027s Box":31,"conspire:BottledYoYo":35,"Lantern":6,"animator:ShionDessert":39,"Torii":6,"downfall:NeowBlessing_Player":39,"hierophant:PropheticMaskRelic":39,"SproutingBranch":39,"Cursed Key":39,"theMarked:KettuFlask":39,"RomanBracelet":39,"Shovel":4,"AntiCross":19,"Chemical X":33,"downfall:ExtraCursedBell":39,"hubris:ChampionShield":39,"InkBottle":19,"Golden Idol":4,"Omamori":27,"hubris:Towel":40,"Nuclear Battery":39,"theDuelist:CardPoolBasicRelic":39,"Turnip":41,"Art of War":22,"Ice Cream":39,"theJungle:Creamberry":34,"theDuelist:BoosterBetterBoostersRelic":39,"hubris:TerracottaHorce":49,"Sozu":38,"Centennial Puzzle":11,"infinitespire:SolderingIron":39,"HornCleat":48,"Strawberry":11,"Prayer Wheel":20,"hubris:SoftwareUpdate":39,"Dead Branch":11,"Oddly Smooth Stone":29,"conspire:SlowCooker":7,"animator:TheEruzaStone":39,"Charon\u0027s Ashes":39,"Letter Opener":35,"Shuriken":35,"hubris:PeanutButter":22,"Molten Egg 2":53,"rmod:firstchargereward":0,"Nloth\u0027s Gift":9,"hubris:ToyBattleship":39,"Grinning Jar":46,"theSenshi:CosmicHeartCompactRelic":39,"Pocketwatch":19,"Meat on the Bone":46,"Mango":22,"conspire:SpecialSausage":23,"Dream Catcher":19,"Nunchaku":37,"theDuelist:BoosterPackPoolRelic":39,"infinitespire:MutagenicDexterity":39,"infinitespire:Chaos":39,"hubris:DisguiseKit":34,"BargainBundle":51,"infinitespire:CursedDice":0,"infinitespire:EmptyRelic":39,"TheCursedMod:PinkPellets":39,"RobotSpaceExplorer:RoboCore":39,"White Beast Statue":27,"Anchor":35,"infinitespire:Satchel":39,"sneckomod:SleevedAce":39,"hubris:BundleOfHerbs":13,"Membership Card":41,"yuri:PortableGlitches":39},{"hubris:BallOfYels":173,"Golden Egg":182,"theDuelist:MerchantRugbox":173,"Whetstone":173,"theDuelist:MillenniumPuzzle":173,"theDuelist:TrapVortex":173,"sneckomod:SuperSneckoSoul":173,"infinitespire:ShieldingShard":173,"yuri:PortraitOfMarkov":173,"infinitespire:Golems Mask":135,"Fusion Hammer":58,"Kunai":143,"HollowMod:PaleOreRelic":146,"hubris:RGBLights":173,"MerchantsRug":122,"Pear":18,"rmod:mogul":80,"Blue Candle":143,"Counterbalance":182,"hubris:SphereOfDissonance":107,"Velvet Choker":257,"Slimebound:TarBlob":173,"Cables":173,"animator:ExquisiteBloodVial":173,"hubris:BottledHeart":58,"MysterySword":173,"Pandora\u0027s Box":150,"conspire:BottledYoYo":161,"Lantern":24,"animator:ShionDessert":173,"Torii":24,"downfall:NeowBlessing_Player":173,"hierophant:PropheticMaskRelic":173,"SproutingBranch":173,"Cursed Key":173,"theMarked:KettuFlask":173,"RomanBracelet":173,"Shovel":13,"AntiCross":107,"Chemical X":155,"downfall:ExtraCursedBell":173,"hubris:ChampionShield":173,"InkBottle":107,"Golden Idol":13,"Omamori":140,"hubris:Towel":176,"Nuclear Battery":173,"theDuelist:CardPoolBasicRelic":173,"Turnip":179,"Art of War":122,"Ice Cream":173,"theJungle:Creamberry":159,"theDuelist:BoosterBetterBoostersRelic":173,"hubris:TerracottaHorce":216,"Sozu":170,"Centennial Puzzle":58,"infinitespire:SolderingIron":173,"HornCleat":205,"Strawberry":58,"Prayer Wheel":113,"hubris:SoftwareUpdate":173,"Dead Branch":58,"Oddly Smooth Stone":145,"conspire:SlowCooker":31,"animator:TheEruzaStone":173,"Charon\u0027s Ashes":173,"Letter Opener":161,"Shuriken":161,"hubris:PeanutButter":122,"Molten Egg 2":231,"rmod:firstchargereward":0,"Nloth\u0027s Gift":42,"hubris:ToyBattleship":173,"Grinning Jar":200,"theSenshi:CosmicHeartCompactRelic":173,"Pocketwatch":107,"Meat on the Bone":200,"Mango":122,"conspire:SpecialSausage":130,"Dream Catcher":107,"Nunchaku":165,"theDuelist:BoosterPackPoolRelic":173,"infinitespire:MutagenicDexterity":173,"infinitespire:Chaos":173,"hubris:DisguiseKit":159,"BargainBundle":222,"infinitespire:CursedDice":0,"infinitespire:EmptyRelic":173,"TheCursedMod:PinkPellets":173,"RobotSpaceExplorer:RoboCore":173,"White Beast Statue":140,"Anchor":161,"infinitespire:Satchel":173,"sneckomod:SleevedAce":173,"hubris:BundleOfHerbs":71,"Membership Card":179,"yuri:PortableGlitches":173}],"Meat on the Bone":36},"card_choices":[{"not_picked":["rmod:tearstotiara","rmod:launchingtorpedo"],"picked":"rmod:aviationdawn","floor":1.0},{"not_picked":["rmod:aggressivemary","rmod:fuelsupply"],"picked":"rmod:maintain","floor":4.0},{"not_picked":["rmod:goodsister","rmod:aggressivemary"],"picked":"rmod:tearstotiara","floor":5.0},{"not_picked":["rmod:goodfighter","rmod:fletcherpendant"],"picked":"rmod:ammunitionsupply","floor":7.0},{"not_picked":["rmod:supportescort","rmod:goodsister"],"picked":"rmod:mineteam","floor":10},{"not_picked":["rmod:unsinkable","rmod:circuitoustactics"],"picked":"rmod:guardianhero","floor":11},{"not_picked":["rmod:expeditionaryescort","rmod:abidefaith"],"picked":"rmod:desperatesituation","floor":16},{"not_picked":["rmod:circuitoustactics","rmod:ammunitionsupply"],"picked":"rmod:unsinkable","floor":18},{"not_picked":["rmod:punchline","rmod:supportescort"],"picked":"rmod:smokecover+1","floor":19},{"not_picked":["rmod:unsinkable","rmod:chargemoney+1"],"picked":"rmod:steelsupply","floor":21},{"not_picked":["rmod:steelsupply","rmod:luckystar+1"],"picked":"rmod:supportaircraftcarrier+1","floor":24},{"not_picked":["rmod:capitalist","rmod:fletcher+1"],"picked":"rmod:aluminumsupply+1","floor":29},{"not_picked":["rmod:mineteam","rmod:spoils"],"picked":"rmod:firesupport+1","floor":32},{"not_picked":["rmod:supportescort","rmod:fuelsupply"],"picked":"rmod:lonelyqueen","floor":33},{"not_picked":["rmod:saltedfish","rmod:desperatesituation"],"picked":"rmod:abidefaith","floor":35}],"player_experience":511062,"relics_obtained":[{"floor":7.0,"key":"Grinning Jar"},{"floor":9,"key":"Meat on the Bone"},{"floor":15,"key":"hubris:ToyBattleship"},{"floor":28,"key":"Molten Egg 2"}],"event_choices":[{"cards_removed":["rmod:strick"],"damage_healed":0.0,"max_hp_gain":0.0,"max_hp_loss":0.0,"gold_gain":0.0,"event_name":"The Cleric","player_choice":"Card Removal","floor":2.0,"gold_loss":50.0,"damage_taken":0.0},{"damage_healed":0.0,"max_hp_gain":0.0,"max_hp_loss":0.0,"gold_gain":75.0,"event_name":"FaceTrader","player_choice":"Touch","floor":3.0,"gold_loss":0.0,"damage_taken":7.0},{"damage_healed":0,"gold_gain":0,"player_choice":"Box","damage_taken":0,"relics_obtained":["HornCleat"],"max_hp_gain":0,"max_hp_loss":0,"event_name":"Big Fish","floor":12,"gold_loss":0,"cards_obtained":["Regret"]},{"damage_healed":0,"gold_gain":0,"player_choice":"Ignored","damage_taken":0,"max_hp_gain":0,"max_hp_loss":0,"event_name":"Ghosts","floor":23,"gold_loss":0},{"damage_healed":0,"gold_gain":0,"player_choice":"Ignored","damage_taken":0,"max_hp_gain":0,"max_hp_loss":0,"event_name":"Vampires","floor":30,"gold_loss":0}],"is_beta":false,"boss_relics":[{"not_picked":["hubris:VirtuousBlindfold","hubris:ScarierMask"],"picked":"hubris:TerracottaHorce"},{"not_picked":["Replay:Fungal Core","conspire:SlowCooker"],"picked":"Velvet Choker"}],"items_purged_floors":[13,20],"is_endless":false,"potions_floor_spawned":[1,10,16,18,21],"killed_by":"Orb Walker","ascension_level":0}}