{"host":"nhhqxetgwwd7qseb","time":1613441336,"event":{"mods":["Act Like it!","BaseMod","Chen","Dota2Spire","Gensokyo","Hallownest","Hermit","Koishi","LagranYue(拉格朗・月)","Marisa（F雨　魔理沙）","Minty Spire (QoL Compilation)","Quick Restart","Reimu（博丽灵梦）","Remilia（蕾米莉亚）","Replay The Spire","StSLib","The Alterego","The Bug Knight","The Senshi","The Servant 0.9.4","UnlockEverythingMod","WarShipGirlsR/战舰少女R mod","Warlord Emblem","Yakumo Yukari mod","Youmu（魂魄妖梦）","【功能Mod】混沌之环修复补丁"],"gold_per_floor":[120,130,149,162,181,181,181,181],"floor_reached":7,"language":"ZHS","playtime":440,"items_purged":[],"score":45,"play_id":"baf6fde5-c350-44cb-8c11-e9f90d9853e1","local_time":"20210216100856","is_ascension_mode":false,"campfire_choices":[{"data":"alterego_mod:Nekomimi","floor":6,"key":"SMITH"}],"circlet_count":0,"master_deck":["alterego_mod:Strike","alterego_mod:Strike","alterego_mod:Strike","alterego_mod:Strike","alterego_mod:Defend","alterego_mod:Defend","alterego_mod:Defend","alterego_mod:Defend","alterego_mod:Impale","alterego_mod:BigMeatyClaws","alterego_mod:BrynhildrsRune","alterego_mod:Nekomimi+1","alterego_mod:Undulate","alterego_mod:Cushion"],"relics":["alterego_mod:MasochisticConstitution","NeowsBlessing"],"acts_visited":["Exordium"],"potions_floor_usage":[],"damage_taken":[{"damage":0.0,"enemies":"Jaw Worm","floor":1.0,"turns":1.0},{"damage":0.0,"enemies":"2 Louse","floor":2.0,"turns":1.0},{"damage":0.0,"enemies":"Cultist","floor":3.0,"turns":1.0},{"damage":25.0,"enemies":"2 Fungi Beasts","floor":4.0,"turns":6.0},{"damage":20,"enemies":"3 Louse","floor":5,"turns":7},{"damage":47,"enemies":"Gremlin Nob","floor":7,"turns":6}],"seed_played":"-7061202867305920711","potions_obtained":[{"floor":3.0,"key":"BlessingOfTheForge"},{"floor":4.0,"key":"Strength Potion"}],"is_trial":false,"path_per_floor":["M","M","M","M","M","R","E"],"character_chosen":"The_Alterego","items_purchased":[],"campfire_rested":0,"item_purchase_floors":[],"current_hp_per_floor":[70,70,70,46,48,48,1,1],"gold":181,"neow_bonus":"THREE_ENEMY_KILL","is_daily":false,"chose_seed":false,"campfire_upgraded":1,"win_rate":0.0,"timestamp":1613441336,"path_taken":["M","M","M","M","M","R","E"],"items_purchased_type":[],"build_version":"2020-12-22","purchased_purges":0,"victory":false,"max_hp_per_floor":[70,70,70,71,72,72,72,72],"card_choices":[{"not_picked":["alterego_mod:DeftHands","alterego_mod:Rip"],"picked":"alterego_mod:Nekomimi","floor":1.0},{"not_picked":["alterego_mod:Rip","alterego_mod:BiFurious","alterego_mod:Bounce"],"picked":"SKIP","floor":2.0},{"not_picked":["alterego_mod:Bunnysuit","alterego_mod:Pet"],"picked":"alterego_mod:Undulate","floor":3.0},{"not_picked":["alterego_mod:PerceptionDisorder","alterego_mod:Lingerie"],"picked":"alterego_mod:Cushion","floor":4.0},{"not_picked":["alterego_mod:Jiggle","alterego_mod:Cycle","alterego_mod:HighServant"],"picked":"SKIP","floor":5}],"player_experience":54119,"relics_obtained":[],"event_choices":[],"is_beta":false,"boss_relics":[],"items_purged_floors":[],"is_endless":false,"potions_floor_spawned":[3,4],"killed_by":"Gremlin Nob","ascension_level":0}}