{"host":"nb3r5a3er9rrnn3n","time":1613472698,"event":{"mods":["Always Whale","BaseMod","Colored Map","Minty Spire (QoL Compilation)","Relic Stats","StSLib","everything is the same but u backflip on backflip"],"gold_per_floor":[116,136,211,176,176,201,201,201,201,233,245,245,263,294,294,294,294],"floor_reached":16,"language":"ENG","playtime":452,"items_purged":[],"score":236,"play_id":"42b111d9-e8d7-4177-a143-37d94578a1dc","local_time":"20210216215138","is_ascension_mode":true,"campfire_choices":[{"data":"Rupture","floor":7,"key":"SMITH"},{"floor":12,"key":"REST"},{"floor":15,"key":"REST"}],"circlet_count":0,"master_deck":["AscendersBane","Strike_R","Strike_R","Strike_R","Strike_R","Defend_R","Defend_R","Defend_R","Defend_R","Bash","Rupture+1","Headbutt","Bloodletting","Fiend Fire","Evolve+1","Whirlwind","Inflame+1","Uppercut"],"relics":["Burning Blood","Potion Belt","Pen Nib","Frozen Egg 2","StrikeDummy"],"acts_visited":["Exordium"],"potions_floor_usage":[10,10],"damage_taken":[{"damage":10,"enemies":"Small Slimes","floor":1,"turns":3},{"damage":6,"enemies":"Cultist","floor":2,"turns":3},{"damage":36,"enemies":"Lagavulin","floor":6,"turns":7},{"damage":36,"enemies":"3 Sentries","floor":10,"turns":6},{"damage":12,"enemies":"2 Louse","floor":11,"turns":2},{"damage":11,"enemies":"Blue Slaver","floor":13,"turns":3},{"damage":41,"enemies":"Lagavulin","floor":14,"turns":7},{"damage":42,"enemies":"The Guardian","floor":16,"turns":6}],"seed_played":"1896405156032867511","potions_obtained":[{"floor":2,"key":"Explosive Potion"},{"floor":6,"key":"Regen Potion"},{"floor":14,"key":"Explosive Potion"}],"is_trial":false,"path_per_floor":["M","M","?","?","?","E","R","?","T","E","M","R","M","E","R","B"],"character_chosen":"IRONCLAD","items_purchased":[],"campfire_rested":2,"item_purchase_floors":[],"current_hp_per_floor":[64,64,53,71,76,46,46,46,46,31,25,49,44,9,33,0,0],"gold":294,"neow_bonus":"THREE_CARDS","is_daily":false,"chose_seed":false,"campfire_upgraded":1,"win_rate":0.0,"timestamp":1613472698,"path_taken":["M","M","?","?","?","E","R","?","T","E","?","R","M","E","R","BOSS"],"items_purchased_type":[],"build_version":"2020-12-22","purchased_purges":0,"victory":false,"max_hp_per_floor":[75,75,75,75,80,80,80,80,80,80,80,80,80,80,80,80,80],"relic_stats":{"counters":[8,37],"Pen Nib":[3],"obtain_stats":[{"Potion Belt":6,"Pen Nib":9,"Frozen Egg 2":10,"StrikeDummy":14,"Burning Blood":0},{"Potion Belt":3,"Pen Nib":3,"Frozen Egg 2":4,"StrikeDummy":7,"Burning Blood":0},{"Potion Belt":13,"Pen Nib":13,"Frozen Egg 2":19,"StrikeDummy":31,"Burning Blood":0}],"Burning Blood":42},"card_choices":[{"not_picked":["Pommel Strike","Flex"],"picked":"Rupture","floor":0},{"not_picked":["Havoc","Heavy Blade"],"picked":"Headbutt","floor":1},{"not_picked":["Uppercut","Flex"],"picked":"Bloodletting","floor":2},{"not_picked":["Body Slam","Reckless Charge"],"picked":"Fiend Fire","floor":6},{"not_picked":["Perfected Strike","Armaments"],"picked":"Evolve+1","floor":10},{"not_picked":["Shrug It Off","Cleave"],"picked":"Whirlwind","floor":11},{"not_picked":["Thunderclap","Anger"],"picked":"Inflame+1","floor":13},{"not_picked":["Infernal Blade","Carnage"],"picked":"Uppercut","floor":14}],"player_experience":1654349,"relics_obtained":[{"floor":6,"key":"Potion Belt"},{"floor":9,"key":"Pen Nib"},{"floor":10,"key":"Frozen Egg 2"},{"floor":14,"key":"StrikeDummy"}],"event_choices":[{"damage_healed":0,"gold_gain":75,"player_choice":"Gather Gold","damage_taken":11,"max_hp_gain":0,"max_hp_loss":0,"event_name":"World of Goop","floor":3,"gold_loss":0},{"damage_healed":18,"gold_gain":0,"player_choice":"Healed","damage_taken":0,"max_hp_gain":0,"max_hp_loss":0,"event_name":"The Cleric","floor":4,"gold_loss":35},{"damage_healed":0,"gold_gain":0,"player_choice":"Donut","damage_taken":0,"max_hp_gain":5,"max_hp_loss":0,"event_name":"Big Fish","floor":5,"gold_loss":0},{"cards_removed":["Strike_R"],"damage_healed":0,"gold_gain":0,"player_choice":"Purged","damage_taken":0,"max_hp_gain":0,"max_hp_loss":0,"event_name":"Purifier","floor":8,"gold_loss":0}],"is_beta":false,"boss_relics":[],"items_purged_floors":[],"is_endless":false,"potions_floor_spawned":[2,6,14],"killed_by":"The Guardian","ascension_level":20}}