{"host":"qm1va34thld9e1ze","time":1613467765,"event":{"mods":["BaseMod","BetterRewards","Colored Powertips","Downfall","Hubris","Infinite Spire","Minty Spire (QoL Compilation)","Quick Restart","Replay The Spire","StSLib","everything is the same but u backflip on backflip"],"gold_per_floor":[118,118,135,145,320,351,419,419,419,419,344,373,189,204,204,302,302,312,327,23,38,38,38,38,52,52,65,65,81,81,81,81,183,183,198,198,198,198,44,144,144],"floor_reached":40,"language":"ENG","playtime":6162,"items_purged":["Doubt"],"score":492,"play_id":"9066aed7-3f9e-4a7b-8f54-cee61cfbae4a","local_time":"20210216102925","is_ascension_mode":false,"campfire_choices":[{"floor":8.0,"key":"REST"},{"floor":10.0,"key":"REST"},{"floor":15.0,"key":"REST"},{"floor":23.0,"key":"REST"},{"floor":32,"key":"REST"}],"circlet_count":0,"master_deck":["Strike_B","Strike_B","Strike_B","Defend_B","Defend_B","Defend_B","Zap","Dualcast","Cold Snap","Scrape","Go for the Eyes","ReplayGash","Gash","Gash","Redo+1","Leap","Conserve Battery","Biased Cognition","Gash","Auto Shields+1","Ball Lightning+1","Beam Cell","Gash","Gash","Steam","Hologram","Leap","Ball Lightning","Ball Lightning+1","Genetic Algorithm","Gash","Redo","Barrage","Buffer","Leap+1","Go for the Eyes","Cold Snap","Rebound","Loop","FTL+1","Stack","Coolheaded"],"relics":["Cracked Core","NeowsBlessing","infinitespire:Freezer","hubris:BottledRain","Mummified Hand","Prayer Wheel","DataDisk","Cursed Key","Replay:Ringing Soul","FaceOfCleric","Prayer Wheel","Quantum Egg","hubris:Stopwatch","hubris:Icosahedron","Orrery"],"acts_visited":["Exordium","TheCity","TheBeyond"],"potions_floor_usage":[27,33,33,40],"damage_taken":[{"damage":0.0,"enemies":"Jaw Worm","floor":1.0,"turns":1.0},{"damage":0.0,"enemies":"Cultist","floor":3.0,"turns":1.0},{"damage":0.0,"enemies":"Small Slimes","floor":4.0,"turns":1.0},{"damage":34.0,"enemies":"Lagavulin","floor":6.0,"turns":8.0},{"damage":20.0,"enemies":"Gremlin Nob","floor":12.0,"turns":5.0},{"damage":6.0,"enemies":"Blue Slaver","floor":14.0,"turns":2.0},{"damage":18.0,"enemies":"Slime Boss","floor":16.0,"turns":4.0},{"damage":15.0,"enemies":"Chosen","floor":18.0,"turns":5.0},{"damage":3.0,"enemies":"2 Thieves","floor":19.0,"turns":4.0},{"damage":8.0,"enemies":"Snake Plant","floor":21.0,"turns":4.0},{"damage":15.0,"enemies":"Shelled Parasite and Fungi","floor":25.0,"turns":5.0},{"damage":8,"enemies":"Snecko","floor":27,"turns":7},{"damage":14,"enemies":"Snake Plant","floor":29,"turns":4},{"damage":57,"enemies":"Champ","floor":33,"turns":11},{"damage":0,"enemies":"3 Shapes","floor":35,"turns":5},{"damage":110,"enemies":"Giant Head","floor":40,"turns":11}],"seed_played":"609400776775838549","potions_obtained":[{"floor":3.0,"key":"Adrenaline Potion"},{"floor":6.0,"key":"Death Potion"},{"floor":16.0,"key":"Block Potion"},{"floor":21.0,"key":"LiquidMemories"},{"floor":25.0,"key":"PowerPotion"},{"floor":27,"key":"Weak Potion"},{"floor":33,"key":"EssenceOfSteel"}],"is_trial":false,"path_per_floor":["M","?","M","M","?","E","T","R","T","R","$","E","$","M","R","B",null,"M","M","$","M","$","R","?","M","T","M","?","M","?","?","R","B",null,"M","?","?","?","$","E"],"character_chosen":"DEFECT","items_purchased":["DataDisk","Redo+1","Replay:Ringing Soul","Gash","Orrery"],"campfire_rested":5,"item_purchase_floors":[13,13,20,20,39],"current_hp_per_floor":[75,75,75,75,75,41,41,63,63,75,75,55,55,49,71,53,75,60,57,60,55,55,79,79,68,71,67,67,57,57,60,89,36,103,107,107,107,107,110,0,0],"gold":144,"neow_bonus":"THREE_ENEMY_KILL","is_daily":false,"chose_seed":false,"campfire_upgraded":0,"win_rate":0.0,"timestamp":1613467765,"path_taken":["M","?","?","M","?","E","?","R","T","R","$","E","?","M","R","BOSS","M","?","$","M","$","R","?","M","T","?","?","M","?","?","R","BOSS","M","?","?","?","$","E"],"items_purchased_type":["Relic","Card","Relic","Card","Relic"],"build_version":"2020-12-22","purchased_purges":1,"victory":false,"max_hp_per_floor":[75,75,75,75,75,75,75,75,75,75,75,75,75,75,75,75,75,75,75,78,81,81,81,81,85,88,92,92,96,96,99,99,103,103,107,107,107,107,110,110,110],"card_choices":[{"not_picked":["Sunder","ReplayTheSpireMod:Reroute Power"],"picked":"Cold Snap","floor":1.0},{"not_picked":["Steam Power","Chill"],"picked":"Go for the Eyes","floor":3.0},{"not_picked":["Reprogram","Double Energy"],"picked":"ReplayGash","floor":4.0},{"not_picked":["Recycle","Aggregate"],"picked":"Gash","floor":6.0},{"not_picked":["Seek","ReplayTheSpireMod:GoodbyeWorld"],"picked":"Gash","floor":12.0},{"not_picked":["Beam Cell","Rebound"],"picked":"Leap","floor":14.0},{"not_picked":["Ball Lightning","Steam"],"picked":"Conserve Battery","floor":14.0},{"not_picked":["Meteor Strike","hubris:DoWhile"],"picked":"Biased Cognition","floor":16.0},{"not_picked":["Cold Snap","Barrage"],"picked":"Gash","floor":18.0},{"not_picked":["BootSequence","hubris:Prefetch"],"picked":"Auto Shields+1","floor":18.0},{"not_picked":["Compile Driver","Leap"],"picked":"Ball Lightning+1","floor":19.0},{"not_picked":["Recycle","ReplayTheSpireMod:GoodbyeWorld+1"],"picked":"Beam Cell","floor":19.0},{"not_picked":["Hologram+1","Compile Driver+1"],"picked":"Gash","floor":21.0},{"not_picked":["Streamline","Cold Snap"],"picked":"ReplayTheSpireMod:Fabricate Wheel","floor":21.0},{"not_picked":["Loop","Rebound"],"picked":"Steam","floor":25.0},{"not_picked":["Tempest","ReplaySort"],"picked":"Hologram","floor":25.0},{"not_picked":["Beam Cell","Panic Button"],"picked":"Leap","floor":25.0},{"not_picked":["Aggregate","Sunder"],"picked":"Ball Lightning","floor":27},{"not_picked":["Panic Button+1","hubris:Ukulele"],"picked":"Ball Lightning+1","floor":27},{"not_picked":["Rebound","Self Repair"],"picked":"Genetic Algorithm","floor":27},{"not_picked":["Hologram","ReplayTheSpireMod:Reroute Power"],"picked":"Gash","floor":29},{"not_picked":["Blizzard","Barrage"],"picked":"Redo","floor":29},{"not_picked":["BasicCrystalCard","Fusion"],"picked":"Barrage","floor":29},{"not_picked":["All For One","Meteor Strike"],"picked":"Buffer","floor":33},{"not_picked":["Stack+1","BasicCrystalCard"],"picked":"Leap+1","floor":35},{"not_picked":["Ball Lightning+1","Lockon"],"picked":"Go for the Eyes","floor":35},{"not_picked":["Panic Button","Storm"],"picked":"Cold Snap","floor":35},{"not_picked":["Rip and Tear","Force Field+1"],"picked":"Rebound","floor":39},{"not_picked":["ReplayTheSpireMod:Omega Cannon","Consume+1"],"picked":"Loop","floor":39},{"not_picked":["Barrage","Beam Cell"],"picked":"FTL+1","floor":39},{"not_picked":["hubris:SpecializedCircuitry","hubris:Prefetch"],"picked":"Stack","floor":39},{"not_picked":["Machine Learning","ReplayTheSpireMod:Repulse"],"picked":"Coolheaded","floor":39}],"player_experience":271035,"relics_obtained":[{"floor":6.0,"key":"infinitespire:Freezer"},{"floor":7.0,"key":"hubris:BottledRain"},{"floor":9.0,"key":"Mummified Hand"},{"floor":12.0,"key":"Prayer Wheel"},{"floor":26.0,"key":"Quantum Egg"}],"event_choices":[{"damage_healed":0.0,"max_hp_gain":0.0,"max_hp_loss":0.0,"gold_gain":0.0,"cards_transformed":["Strike_B"],"event_name":"Transmorgrifier","player_choice":"Transformed","floor":2.0,"gold_loss":0.0,"damage_taken":0.0,"cards_obtained":["Scrape"]},{"damage_healed":0.0,"max_hp_gain":0.0,"max_hp_loss":0.0,"gold_gain":175.0,"event_name":"Liars Game","player_choice":"AGREE","floor":5.0,"gold_loss":0.0,"damage_taken":0.0,"cards_obtained":["Doubt"]},{"damage_healed":0.0,"max_hp_gain":0.0,"max_hp_loss":0.0,"gold_gain":0.0,"event_name":"FaceTrader","player_choice":"Trade","floor":24.0,"gold_loss":0.0,"damage_taken":0.0,"relics_obtained":["FaceOfCleric"]},{"damage_healed":0,"gold_gain":0,"player_choice":"Ignored","damage_taken":0,"max_hp_gain":0,"max_hp_loss":0,"event_name":"Vampires","floor":28,"gold_loss":0},{"cards_removed":["hubris:Sloth"],"damage_healed":0,"gold_gain":0,"player_choice":"Elegance","damage_taken":0,"max_hp_gain":0,"max_hp_loss":0,"event_name":"Back to Basics","floor":30,"gold_loss":0},{"cards_removed":["Defend_B"],"damage_healed":0,"gold_gain":0,"player_choice":"Removed Skill","damage_taken":0,"max_hp_gain":0,"max_hp_loss":0,"event_name":"Falling","floor":36,"gold_loss":0}],"is_beta":false,"boss_relics":[{"not_picked":["Pandora\u0027s Box","FrozenCore"],"picked":"Cursed Key"},{"not_picked":["Kintsugi","Velvet Choker"],"picked":"hubris:Stopwatch"}],"items_purged_floors":[11],"is_endless":false,"potions_floor_spawned":[3,6,16,21,25,27,33],"killed_by":"Giant Head","ascension_level":0}}