{"host":"9nqlpswyo8o6ezw3","time":1613438527,"event":{"mods":["Act Like it!","BaseMod","Colored Powertips","Downfall","Hallownest","Hermit","Lobotomy","LobotomyExtend","Marisa????????","Minty Spire (QoL Compilation)","StSLib","The Bug Knight","The Cursed"],"gold_per_floor":[118,118,45,74,104,116,128,140,152,178,190,202,214,226,238,354,366,396,408,430,455,480,492,504,516,551,563,575,575],"floor_reached":28,"language":"ENG","playtime":1747,"items_purged":[],"score":389,"play_id":"8defeaa6-556b-4e83-bcdb-b1171421d746","local_time":"20210215202207","is_ascension_mode":false,"campfire_choices":[{"floor":6,"key":"REST"},{"data":"hermit:Showdown","floor":8,"key":"SMITH"},{"data":"hermit:GoldenBullet","floor":12,"key":"SMITH"},{"data":"hermit:Snapshot","floor":15,"key":"SMITH"},{"floor":23,"key":"REST"},{"floor":27,"key":"REST"}],"circlet_count":0,"master_deck":["hermit:Strike_Hermit","hermit:Strike_Hermit","hermit:Strike_Hermit","hermit:Strike_Hermit","hermit:Defend_Hermit","hermit:Defend_Hermit","hermit:Defend_Hermit","hermit:Defend_Hermit","hermit:Snapshot+1","hermit:Covet","WhitesApple","hermit:Showdown+1","hermit:Glare","hermit:CalledShot","Parasite","WallGazer","hermit:GoldenBullet+1","Parasite","SingingMachine","hermit:FlashPowder","Parasite","hermit:WideOpen","OldLady","Parasite","LaLuna","hermit:Magnum","MeatLantern","hermit:Ricochet","Parasite","hermit:Roulette+1","QueenOfHatred","Parasite","hermit:Feint","ShyLook","hermit:GhostlyPresence","Regret","Parasite"],"relics":["hermit:Momento","CogitoBucket","LetterFromLob","Hallownest:DreamNailRelic","MawBank","InkBottle","Pear","Black Star","AspirationHeart","RedMistMask","Molten Egg 2","Juzu Bracelet"],"acts_visited":["Hallownest:Greenpath","Hallownest:CityofTears"],"potions_floor_usage":[16,28],"damage_taken":[{"damage":10,"enemies":"Hallownest:monsterHuskGuard","floor":1,"turns":4},{"damage":12,"enemies":"Hallownest:eliteVengeflyKing","floor":4,"turns":6},{"damage":2,"enemies":"Hallownest:monsterHuskWarrior","floor":5,"turns":4},{"damage":3,"enemies":"Hallownest:2_MossCreeps","floor":10,"turns":5},{"damage":67,"enemies":"Hallownest:BossHornet","floor":16,"turns":8},{"damage":18,"enemies":"Hallownest:3_Youths","floor":18,"turns":4},{"damage":2,"enemies":"Hallownest:2_Mistakes","floor":20,"turns":7},{"damage":9,"enemies":"Hallownest:monsterMisterMushroom","floor":21,"turns":7},{"damage":67,"enemies":"Hallownest:Master_and_Novice","floor":22,"turns":4},{"damage":79,"enemies":"Hallownest:eliteWatcherKnight","floor":28,"turns":10}],"seed_played":"2228928738988811369","potions_obtained":[{"floor":5,"key":"Weak Potion"},{"floor":10,"key":"SpeedPotion"},{"floor":20,"key":"hermit:Eclipse"}],"is_trial":false,"path_per_floor":["M","?","$","?","M","R","$","R","T","M","T","R","$","?","R","B",null,"M","$","M","M","M","R","M","?","T","R","E"],"character_chosen":"HERMIT","items_purchased":["hermit:Glare","hermit:CalledShot"],"campfire_rested":3,"item_purchase_floors":[3,3],"current_hp_per_floor":[65,65,65,53,51,73,73,73,73,70,80,80,80,80,80,13,85,77,77,75,69,8,36,36,36,36,64,0,0],"gold":575,"neow_bonus":"","is_daily":false,"chose_seed":false,"campfire_upgraded":3,"win_rate":0.0,"timestamp":1613438527,"path_taken":["M","?","?","?","M","R","?","R","T","?","?","R","$","?","R","BOSS","M","?","M","M","M","R","M","?","T","R","E"],"items_purchased_type":["Card","Card"],"build_version":"2020-12-22","purchased_purges":0,"victory":false,"max_hp_per_floor":[75,75,75,75,75,75,75,75,75,75,85,85,85,85,85,85,85,95,95,95,95,95,95,95,95,95,95,95,95],"card_choices":[{"not_picked":["SpiderBud","MHz"],"picked":"WhitesApple","floor":1},{"not_picked":["hermit:Coalescence","hermit:PistolWhip"],"picked":"hermit:Showdown","floor":1},{"not_picked":["Bloodbath","PunishingBird"],"picked":"WallGazer","floor":4},{"not_picked":["hermit:HoleUp","hermit:Horror"],"picked":"hermit:GoldenBullet","floor":4},{"not_picked":["Alriune","FairyFestival"],"picked":"SingingMachine","floor":5},{"not_picked":["hermit:Roulette","hermit:Spite"],"picked":"hermit:FlashPowder","floor":5},{"not_picked":["hermit:DeadMansHand","hermit:LowProfile"],"picked":"hermit:WideOpen","floor":10},{"not_picked":["HeroicMonk","Laetitia"],"picked":"OldLady","floor":10},{"not_picked":["BlueStar","SpiderBud"],"picked":"LaLuna","floor":16},{"not_picked":["hermit:FromBeyond","hermit:DeadOrAlive"],"picked":"hermit:Magnum","floor":16},{"not_picked":["Bloodbath","UniverseFragment"],"picked":"MeatLantern","floor":18},{"not_picked":["hermit:DeadOrAlive","hermit:Headshot"],"picked":"hermit:Ricochet","floor":18},{"not_picked":["hermit:BlackWind","hermit:HoleUp"],"picked":"hermit:Roulette+1","floor":20},{"not_picked":["SpiderBud","Freischutz"],"picked":"QueenOfHatred","floor":20},{"not_picked":["VoidDream","Wellcheers","Bloodbath"],"picked":"Singing Bowl","floor":21},{"not_picked":["hermit:BodyArmor","hermit:Glare"],"picked":"hermit:Feint","floor":21},{"not_picked":["MHz","CrumblingArmor"],"picked":"ShyLook","floor":22},{"not_picked":["hermit:BodyArmor","hermit:HoleUp+1"],"picked":"hermit:GhostlyPresence","floor":22}],"player_experience":41459,"relics_obtained":[{"floor":1,"key":"LetterFromLob"},{"floor":4,"key":"MawBank"},{"floor":9,"key":"InkBottle"},{"floor":11,"key":"Pear"},{"floor":21,"key":"RedMistMask"},{"floor":26,"key":"Juzu Bracelet"}],"event_choices":[],"is_beta":false,"boss_relics":[{"not_picked":["Ectoplasm","hermit:ClaspedLocket"],"picked":"Black Star"}],"items_purged_floors":[],"is_endless":false,"potions_floor_spawned":[5,10,20],"killed_by":"Hallownest:eliteWatcherKnight","ascension_level":0}}