{"host":"y4mx56vxqys6xwyn","time":1613507514,"event":{"mods":["BaseMod","Hermit","Minty Spire (QoL Compilation)","StSLib","The Bug Knight"],"gold_per_floor":[112,62,62,62,80,80,99,99,99,126,4,79,96,123,123,123,123],"floor_reached":16,"language":"ENG","playtime":1117,"items_purged":["Defend_G"],"score":108,"play_id":"26a3cbd9-4100-4e94-8c00-5045008dc68d","local_time":"20210216143154","is_ascension_mode":false,"campfire_choices":[{"data":"Adrenaline","floor":8,"key":"SMITH"},{"floor":15,"key":"REST"}],"circlet_count":0,"master_deck":["Strike_G","Strike_G","Strike_G","Defend_G","Defend_G","Defend_G","Defend_G","Survivor","Neutralize","Dodge and Roll","Adrenaline+1","Bane","Dagger Spray","Well Laid Plans","Footwork","Bane","Outmaneuver"],"relics":["SlaversCollar","Regal Pillow","Gremlin Horn","Smiling Mask","Strawberry"],"acts_visited":["Exordium"],"potions_floor_usage":[14,16],"damage_taken":[{"damage":0,"enemies":"2 Louse","floor":1,"turns":3},{"damage":2,"enemies":"Small Slimes","floor":5,"turns":5},{"damage":1,"enemies":"Jaw Worm","floor":7,"turns":5},{"damage":27,"enemies":"Lagavulin","floor":10,"turns":11},{"damage":0,"enemies":"3 Louse","floor":13,"turns":3},{"damage":1,"enemies":"3 Sentries","floor":14,"turns":8},{"damage":54,"enemies":"Hexaghost","floor":16,"turns":16}],"seed_played":"4307287336343116135","potions_obtained":[{"floor":13,"key":"EssenceOfSteel"},{"floor":14,"key":"LiquidMemories"}],"is_trial":false,"path_per_floor":["M","?","?","?","M","?","M","R","T","E","$","?","M","E","R","B"],"character_chosen":"THE_SILENT","items_purchased":["Footwork"],"campfire_rested":1,"item_purchase_floors":[11],"current_hp_per_floor":[70,70,45,45,43,48,47,47,47,20,20,9,9,15,54,0,0],"gold":123,"neow_bonus":"BOSS_RELIC","is_daily":false,"chose_seed":false,"campfire_upgraded":1,"win_rate":0.0,"timestamp":1613507514,"path_taken":["M","?","?","?","M","?","?","R","T","E","$","?","M","E","R","BOSS"],"items_purchased_type":["Card"],"build_version":"2020-12-22","purchased_purges":1,"victory":false,"max_hp_per_floor":[70,70,70,70,70,75,75,75,75,75,75,75,75,82,82,82,82],"card_choices":[{"not_picked":["Bane","Prepared"],"picked":"Dodge and Roll","floor":1},{"not_picked":["Escape Plan","Endless Agony"],"picked":"Bane","floor":5},{"not_picked":["Acrobatics","Reflex"],"picked":"Dagger Spray","floor":7},{"not_picked":["Infinite Blades","Reflex"],"picked":"Well Laid Plans","floor":10},{"not_picked":["Blur","Dagger Spray"],"picked":"Bane","floor":13},{"not_picked":["Accuracy","A Thousand Cuts"],"picked":"Outmaneuver","floor":14}],"player_experience":65743,"relics_obtained":[{"floor":9,"key":"Gremlin Horn"},{"floor":10,"key":"Smiling Mask"},{"floor":14,"key":"Strawberry"}],"event_choices":[{"cards_removed":["Strike_G"],"damage_healed":0,"gold_gain":0,"player_choice":"Card Removal","damage_taken":0,"max_hp_gain":0,"max_hp_loss":0,"event_name":"The Cleric","floor":2,"gold_loss":50},{"damage_healed":0,"gold_gain":0,"player_choice":"Success","damage_taken":25,"relics_obtained":["Regal Pillow"],"max_hp_gain":0,"max_hp_loss":0,"event_name":"Scrap Ooze","floor":3,"gold_loss":0},{"damage_healed":0,"gold_gain":0,"cards_transformed":["Strike_G"],"player_choice":"Change","damage_taken":0,"max_hp_gain":0,"max_hp_loss":0,"event_name":"Living Wall","floor":4,"gold_loss":0,"cards_obtained":["Adrenaline"]},{"damage_healed":0,"gold_gain":0,"player_choice":"Donut","damage_taken":0,"max_hp_gain":5,"max_hp_loss":0,"event_name":"Big Fish","floor":6,"gold_loss":0},{"damage_healed":0,"gold_gain":75,"player_choice":"Gather Gold","damage_taken":11,"max_hp_gain":0,"max_hp_loss":0,"event_name":"World of Goop","floor":12,"gold_loss":0}],"is_beta":false,"boss_relics":[],"items_purged_floors":[11],"is_endless":false,"potions_floor_spawned":[13,14],"killed_by":"Hexaghost","ascension_level":0}}