{"host":"miejrq8yypas90n2","time":1613484562,"event":{"mods":["Act Like it!","BaseMod","Colored Powertips","Gensokyo","Marisa£®ÏF”Í°°ƒß¿Ì…≥£©","Minty Spire (QoL Compilation)","Reimu£®≤©¿ˆ¡È√Œ£©","StSLib"],"gold_per_floor":[115,115,40,53,53,85,85,95,147,147,97,112,387,131,131,231,231,243,258,71,88,13,13,41,41,41,54,54,54,54,54,88,88,193,193,209,259,64,83,131,159,174,174,205,229,252,264,276,320,358,370,382,394],"floor_reached":54,"language":"ZHS","playtime":2625,"items_purged":["Strike_MRS","Defend_MRS","Strike_MRS"],"score":1418,"play_id":"de031db6-cc99-403c-9156-28948198b0cc","local_time":"20210216220922","is_ascension_mode":true,"campfire_choices":[{"data":"LuminesStrike","floor":7.0,"key":"SMITH"},{"data":"ShootTheMoon","floor":10.0,"key":"SMITH"},{"data":"UpSweep","floor":15.0,"key":"SMITH"},{"data":"Apotheosis","floor":23.0,"key":"SMITH"},{"data":"MillisecondPulsars","floor":25.0,"key":"SMITH"},{"data":"Acceleration","floor":28.0,"key":"SMITH"},{"data":"MilkyWay","floor":33.0,"key":"SMITH"},{"data":"CollectingQuirk","floor":43.0,"key":"SMITH"},{"floor":47,"key":"REST"},{"floor":51,"key":"REST"},{"data":"Madness","floor":52,"key":"SMITH"}],"circlet_count":0,"master_deck":["Defend_MRS","Defend_MRS","Defend_MRS","MasterSpark","UpSweep+1","GravityBeat","Acceleration+1","LuminesStrike+1","ShootTheMoon+1","BinaryStars","Acceleration","Apotheosis+1","PowerUp+1","MillisecondPulsars+1","Orbital","MilkyWay+1","CollectingQuirk+1","AsteroidBelt","UltimateShortwave","MilkyWay+1","ManaConvection","6A+1","EarthLightRay+1","Madness","Madness+1","Parasite","Parasite"],"relics":["MiniHakkero","Omamori","Sundial","Boot","Mastiff:ReiMu","Calling Bell","MealTicket","Gremlin Horn","Unceasing Top","BreadOfAWashokuLover","Ornamental Fan","MutagenicStrength","Tiny Chest","Black Star","CaptainsWheel","CatCart","HandmadeGrimoire","Toy Ornithopter","Frozen Egg 2","Mummified Hand","MawBank","Eternal Feather","Strawberry","ShroomBag"],"acts_visited":["Exordium","TheCity","TheBeyond"],"potions_floor_usage":[53],"damage_taken":[{"damage":1.0,"enemies":"2 Louse","floor":1.0,"turns":3.0},{"damage":2.0,"enemies":"Jaw Worm","floor":4.0,"turns":3.0},{"damage":32.0,"enemies":"Gremlin Nob","floor":6.0,"turns":5.0},{"damage":7.0,"enemies":"Small Slimes","floor":8.0,"turns":3.0},{"damage":0.0,"enemies":"2 Fungi Beasts","floor":12.0,"turns":2.0},{"damage":0.0,"enemies":"Slime Boss","floor":16.0,"turns":4.0},{"damage":0.0,"enemies":"Spheric Guardian","floor":18.0,"turns":3.0},{"damage":3.0,"enemies":"2 Thieves","floor":19.0,"turns":3.0},{"damage":24.0,"enemies":"Snake Plant","floor":21.0,"turns":3.0},{"damage":10.0,"enemies":"Gremlin Leader","floor":24.0,"turns":3.0},{"damage":13.0,"enemies":"Sentry and Sphere","floor":27.0,"turns":3.0},{"damage":20.0,"enemies":"Slavers","floor":32.0,"turns":2.0},{"damage":25.0,"enemies":"Collector","floor":34.0,"turns":5.0},{"damage":2.0,"enemies":"3 Shapes","floor":36.0,"turns":5.0},{"damage":16.0,"enemies":"Mind Bloom Boss Battle","floor":37.0,"turns":5.0},{"damage":16.0,"enemies":"Orb Walker","floor":39.0,"turns":2.0},{"damage":0.0,"enemies":"Orin","floor":40.0,"turns":6.0},{"damage":0.0,"enemies":"Reptomancer","floor":41.0,"turns":4.0},{"damage":6.0,"enemies":"3 Darklings","floor":42.0,"turns":2.0},{"damage":40.0,"enemies":"Nemesis","floor":44.0,"turns":4.0},{"damage":4,"enemies":"Transient","floor":46,"turns":5},{"damage":0,"enemies":"Reptomancer","floor":49,"turns":1},{"damage":0,"enemies":"Awakened One","floor":53,"turns":4}],"seed_played":"-2158505821401483492","potions_obtained":[{"floor":6.0,"key":"FearPotion"},{"floor":18.0,"key":"LiquidBronze"},{"floor":21.0,"key":"StarNLove"},{"floor":27.0,"key":"LiquidMemories"},{"floor":36.0,"key":"EssenceOfSteel"},{"floor":39.0,"key":"Fire Potion"},{"floor":40.0,"key":"SkillPotion"},{"floor":49,"key":"ColorlessPotion"}],"is_trial":false,"path_per_floor":["M","?","$","M","?","E","R","M","T","R","?","M","?","$","R","B",null,"M","M","$","M","?","R","E","R","T","M","R","$","?","?","E","R","B",null,"M","?","$","M","?","E","M","R","E","T","M","R","?","E","T","R","R","B",null],"character_chosen":"MARISA","items_purchased":["Mastiff:ReiMu","Apotheosis","UltimateShortwave"],"campfire_rested":2,"item_purchase_floors":[14,20,38],"current_hp_per_floor":[67,60,60,58,58,26,26,19,19,19,19,19,19,19,19,19,61,61,58,73,49,49,49,39,39,39,28,28,43,43,43,25,25,2,57,75,59,74,58,58,58,52,52,12,12,8,34,23,42,42,85,95,95],"gold":406,"neow_bonus":"THREE_CARDS","is_daily":false,"chose_seed":false,"campfire_upgraded":9,"win_rate":0.0,"timestamp":1613484562,"path_taken":["M","?","$","M","?","E","R","M","T","R","?","M","?","$","R","BOSS","M","M","$","?","?","R","E","R","T","M","R","$","?","?","E","R","BOSS","M","?","$","M","?","E","M","R","E","T","M","R","?","E","?","R","R","BOSS"],"items_purchased_type":["Relic","Card","Card"],"build_version":"2020-12-22","purchased_purges":3,"victory":true,"max_hp_per_floor":[75,75,75,75,75,75,75,75,75,75,75,75,75,75,75,75,75,75,75,75,75,75,75,75,75,75,75,75,75,75,75,75,75,75,75,88,88,88,88,88,88,88,88,88,88,88,88,88,95,95,95,95,95],"card_choices":[{"not_picked":["EnergyRecoil","DC"],"picked":"GravityBeat","floor":0.0},{"not_picked":["StarBarrage","UnstableBomb"],"picked":"Acceleration","floor":1.0},{"not_picked":["MachineGunSpark","WitchOfGreed","DarkMatter"],"picked":"SKIP","floor":4.0},{"not_picked":["IllusionStar","UnstableBomb"],"picked":"LuminesStrike","floor":6.0},{"not_picked":["NonDirectionalLaser","StarlightTyphoon"],"picked":"ShootTheMoon","floor":8.0},{"not_picked":["Acceleration","UnstableBomb","Singularity"],"picked":"SKIP","floor":12.0},{"not_picked":["StarDustReverie","AbsoluteMagnitude"],"picked":"BinaryStars","floor":16.0},{"not_picked":["DoubleSpark+1","WitchLeyline","LuminesStrike"],"picked":"SKIP","floor":18.0},{"not_picked":["WitchOfGreed","MysteriousBeam"],"picked":"Acceleration","floor":19.0},{"not_picked":["UnstableBomb","Orbital"],"picked":"PowerUp+1","floor":21.0},{"not_picked":["AsteroidBelt","ShootingEcho"],"picked":"MillisecondPulsars","floor":24.0},{"not_picked":["GrandCross+1","EnergyFlow"],"picked":"Orbital","floor":27.0},{"not_picked":["AlicesGift","NonDirectionalLaser"],"picked":"MilkyWay","floor":32.0},{"not_picked":["BigCrunch","BinaryStars"],"picked":"CollectingQuirk","floor":34.0},{"not_picked":["LuminesStrike+1","UnstableBomb","NonDirectionalLaser"],"picked":"SKIP","floor":36.0},{"not_picked":["Robbery+1","WitchLeyline+1"],"picked":"AsteroidBelt","floor":37.0},{"not_picked":["WitchOfGreed","UnstableBomb+1"],"picked":"MilkyWay+1","floor":39.0},{"not_picked":["MillisecondPulsars","AsteroidBelt+1"],"picked":"ManaConvection","floor":40.0},{"not_picked":["OpenUniverse+1","DC+1","LuminesStrike+1"],"picked":"SKIP","floor":41.0},{"not_picked":["OpenUniverse+1","DC+1","LuminesStrike+1"],"picked":"SKIP","floor":41.0},{"not_picked":["MysteriousBeam","GrandCross+1","AsteroidBelt+1"],"picked":"SKIP","floor":42.0},{"not_picked":["SporeBomb+1","IllusionStar"],"picked":"6A+1","floor":44.0},{"not_picked":["DeepEcoloBomb","MilkyWay"],"picked":"EarthLightRay+1","floor":46},{"not_picked":["UnstableBomb+1","BinaryStars","SuperNova+1"],"picked":"SKIP","floor":49}],"player_experience":379044,"relics_obtained":[{"floor":6.0,"key":"Sundial"},{"floor":9.0,"key":"Boot"},{"floor":17.0,"key":"MealTicket"},{"floor":17.0,"key":"Gremlin Horn"},{"floor":17.0,"key":"Unceasing Top"},{"floor":24.0,"key":"BreadOfAWashokuLover"},{"floor":26.0,"key":"Ornamental Fan"},{"floor":32.0,"key":"Tiny Chest"},{"floor":37.0,"key":"CaptainsWheel"},{"floor":40.0,"key":"CatCart"},{"floor":41.0,"key":"HandmadeGrimoire"},{"floor":41.0,"key":"Toy Ornithopter"},{"floor":44.0,"key":"Frozen Egg 2"},{"floor":44.0,"key":"Mummified Hand"},{"floor":45.0,"key":"MawBank"},{"floor":49,"key":"Eternal Feather"},{"floor":49,"key":"Strawberry"},{"floor":50,"key":"ShroomBag"}],"event_choices":[{"damage_healed":0.0,"max_hp_gain":0.0,"max_hp_loss":0.0,"gold_gain":0.0,"event_name":"Scrap Ooze","player_choice":"Success","floor":2.0,"gold_loss":0.0,"damage_taken":7.0,"relics_obtained":["Omamori"]},{"damage_healed":0.0,"max_hp_gain":0.0,"max_hp_loss":0.0,"gold_gain":0.0,"event_name":"Liars Game","player_choice":"Ignored","floor":5.0,"gold_loss":0.0,"damage_taken":0.0},{"cards_removed":["Strike_MRS"],"damage_healed":0.0,"max_hp_gain":0.0,"max_hp_loss":0.0,"gold_gain":0.0,"event_name":"The Cleric","player_choice":"Card Removal","floor":11.0,"gold_loss":50.0,"damage_taken":0.0},{"damage_healed":0.0,"max_hp_gain":0.0,"max_hp_loss":0.0,"gold_gain":275.0,"event_name":"Golden Shrine","player_choice":"Desecrate","floor":13.0,"gold_loss":0.0,"damage_taken":0.0,"cards_obtained":["Regret"]},{"cards_removed":["Strike_MRS"],"damage_healed":0.0,"max_hp_gain":0.0,"max_hp_loss":0.0,"gold_gain":0.0,"event_name":"Beggar","player_choice":"Gave Gold","floor":22.0,"gold_loss":75.0,"damage_taken":0.0},{"damage_healed":0.0,"max_hp_gain":0.0,"max_hp_loss":0.0,"gold_gain":0.0,"event_name":"Drug Dealer","player_choice":"Inject Mutagens","floor":30.0,"gold_loss":0.0,"damage_taken":0.0,"relics_obtained":["MutagenicStrength"]},{"damage_healed":0.0,"max_hp_gain":0.0,"max_hp_loss":0.0,"gold_gain":0.0,"event_name":"MindBloom","player_choice":"Fight","floor":37.0,"gold_loss":0.0,"damage_taken":0.0},{"damage_healed":0.0,"max_hp_gain":0.0,"max_hp_loss":0.0,"gold_gain":0.0,"event_name":"OrinTheCat","player_choice":"Fight","floor":40.0,"gold_loss":0.0,"damage_taken":0.0},{"damage_healed":0,"gold_gain":0,"player_choice":"Embrace Madness","damage_taken":11,"max_hp_gain":0,"max_hp_loss":0,"event_name":"Winding Halls","floor":48,"gold_loss":0,"cards_obtained":["Madness","Madness"]}],"is_beta":false,"boss_relics":[{"not_picked":["SlaversCollar","RampagingMagicTools"],"picked":"Calling Bell"},{"not_picked":["Snecko Eye","Velvet Choker"],"picked":"Black Star"}],"items_purged_floors":[3,14,38],"is_endless":false,"potions_floor_spawned":[6,18,21,27,36,39,40,49],"ascension_level":9}}