{"host":"2lo6hma6kymb0g9i","time":1613501624,"event":{"mods":["BaseMod","Colored Map","DeckTracker","Minty Spire (QoL Compilation)"],"gold_per_floor":[113,132,132,145,145,145,159,185,185,195,227,241,241,259,259,332,332,348,348,348,263,276,310,310,321,344,374,299,299,199,199,199,278,278,295,170,170,185,185,185,214,130,130,161,161,173,187,0,0,0,0,0],"floor_reached":51,"language":"JPN","playtime":4492,"items_purged":["Strike_R","Strike_R","Strike_R"],"score":1456,"play_id":"1b069e12-6fc3-4345-97c5-0e4f94332656","local_time":"20210217035344","is_ascension_mode":true,"campfire_choices":[{"data":"Armaments","floor":6.0,"key":"SMITH"},{"data":"Battle Trance","floor":13.0,"key":"SMITH"},{"data":"Uppercut","floor":15.0,"key":"SMITH"},{"floor":24.0,"key":"REST"},{"floor":29.0,"key":"RECALL"},{"data":"Disarm","floor":32.0,"key":"SMITH"},{"data":"Bludgeon","floor":40.0,"key":"SMITH"},{"data":"Flame Barrier","floor":45.0,"key":"SMITH"},{"data":"Shrug It Off","floor":49.0,"key":"SMITH"}],"circlet_count":0,"master_deck":["AscendersBane","Defend_R","Defend_R","Defend_R","Defend_R","Bash","CurseOfTheBell","Armaments+1","Carnage","Seeing Red","Battle Trance+1","Flex","Uppercut+1","Bludgeon+1","Entrench","Shrug It Off+1","Disarm+1","Offering","Flame Barrier+1","Shockwave+1"],"relics":["Calling Bell","Omamori","Meat on the Bone","Pocketwatch","Self Forming Clay","Bottled Flame","Vajra","Runic Cube","Nilry\u0027s Codex","MealTicket","PreservedInsect","Blood Vial","Calipers","Snecko Eye","Shuriken","Ancient Tea Set","Red Mask"],"acts_visited":["Exordium","TheCity","TheBeyond"],"potions_floor_usage":[],"damage_taken":[{"damage":3.0,"enemies":"2 Louse","floor":1.0,"turns":4.0},{"damage":1.0,"enemies":"Cultist","floor":2.0,"turns":3.0},{"damage":7.0,"enemies":"Jaw Worm","floor":4.0,"turns":2.0},{"damage":0.0,"enemies":"Large Slime","floor":7.0,"turns":6.0},{"damage":27.0,"enemies":"Lagavulin","floor":8.0,"turns":5.0},{"damage":10.0,"enemies":"3 Louse","floor":10.0,"turns":2.0},{"damage":11.0,"enemies":"3 Sentries","floor":11.0,"turns":7.0},{"damage":6.0,"enemies":"Looter","floor":12.0,"turns":2.0},{"damage":8.0,"enemies":"Blue Slaver","floor":14.0,"turns":3.0},{"damage":25.0,"enemies":"The Guardian","floor":16.0,"turns":12.0},{"damage":13.0,"enemies":"Spheric Guardian","floor":18.0,"turns":7.0},{"damage":13.0,"enemies":"3 Byrds","floor":22.0,"turns":5.0},{"damage":40.0,"enemies":"Gremlin Leader","floor":23.0,"turns":6.0},{"damage":20.0,"enemies":"Sentry and Sphere","floor":25.0,"turns":7.0},{"damage":14.0,"enemies":"Book of Stabbing","floor":27.0,"turns":4.0},{"damage":11.0,"enemies":"Champ","floor":33.0,"turns":21.0},{"damage":7.0,"enemies":"Orb Walker","floor":35.0,"turns":2.0},{"damage":0.0,"enemies":"3 Shapes","floor":38.0,"turns":5.0},{"damage":13.0,"enemies":"Giant Head","floor":41.0,"turns":9.0},{"damage":10.0,"enemies":"Reptomancer","floor":44.0,"turns":2.0},{"damage":6.0,"enemies":"Spire Growth","floor":46.0,"turns":4.0},{"damage":6.0,"enemies":"Sphere and 2 Shapes","floor":47.0,"turns":5.0},{"damage":31.0,"enemies":"Time Eater","floor":50.0,"turns":13.0},{"damage":35,"enemies":"Donu and Deca","floor":51,"turns":7}],"seed_played":"-2125561464362011471","potions_obtained":[{"floor":1.0,"key":"Block Potion"},{"floor":2.0,"key":"BloodPotion"},{"floor":4.0,"key":"FairyPotion"},{"floor":11.0,"key":"SteroidPotion"},{"floor":23.0,"key":"Fire Potion"},{"floor":33.0,"key":"Swift Potion"},{"floor":41.0,"key":"BlessingOfTheForge"}],"is_trial":false,"path_per_floor":["M","M","?","M","?","R","M","E","T","M","E","M","R","M","R","B",null,"M","?","?","?","M","E","R","M","T","E","$","R","$","?","R","B",null,"M","$","?","M","?","R","E","$","T","E","R","M","M","?","R","B","B"],"character_chosen":"IRONCLAD","items_purchased":["Flame Barrier"],"campfire_rested":1,"item_purchase_floors":[42],"current_hp_per_floor":[65,64,57,65,61,61,61,46,46,48,49,43,43,47,47,34,65,52,52,31,31,30,26,48,40,40,40,55,55,70,49,49,52,73,68,80,80,80,80,80,67,80,80,70,70,66,62,62,62,45,12,12],"gold":0,"neow_bonus":"BOSS_RELIC","is_daily":false,"chose_seed":false,"campfire_upgraded":7,"win_rate":0.0,"timestamp":1613501624,"path_taken":["M","M","?","M","?","R","M","E","T","M","E","M","R","?","R","BOSS","M","?","?","?","M","E","R","M","T","E","$","R","$","?","R","BOSS","M","$","?","M","?","R","E","$","T","E","R","M","?","?","R","BOSS","BOSS"],"items_purchased_type":["Card"],"build_version":"2020-12-22","purchased_purges":3,"victory":false,"max_hp_per_floor":[75,75,75,75,75,75,75,75,75,75,75,75,75,75,75,75,75,75,75,75,75,75,75,75,75,75,75,75,75,75,80,80,80,80,80,80,80,80,80,80,80,80,80,80,80,80,80,80,80,80,80,80],"card_choices":[{"not_picked":["Clash","Anger"],"picked":"Armaments","floor":1.0},{"not_picked":["Bloodletting","Evolve"],"picked":"Carnage","floor":2.0},{"not_picked":["Perfected Strike","Reckless Charge"],"picked":"Seeing Red","floor":4.0},{"not_picked":["Twin Strike","Uppercut"],"picked":"Battle Trance","floor":7.0},{"not_picked":["Warcry","Iron Wave","Whirlwind"],"picked":"SKIP","floor":8.0},{"not_picked":["Clash","Cleave","Armaments"],"picked":"SKIP","floor":10.0},{"not_picked":["Burning Pact","Whirlwind","Armaments"],"picked":"SKIP","floor":11.0},{"not_picked":["Bloodletting","Iron Wave"],"picked":"Flex","floor":12.0},{"not_picked":["Exhume","Fire Breathing"],"picked":"Uppercut","floor":14.0},{"not_picked":["Brutality","Immolate"],"picked":"Bludgeon","floor":16.0},{"not_picked":["Perfected Strike","Clash"],"picked":"Entrench","floor":18.0},{"not_picked":["Anger","Rampage"],"picked":"Shrug It Off","floor":22.0},{"not_picked":["Flex","Armaments+1","Clash"],"picked":"SKIP","floor":23.0},{"not_picked":["True Grit","Juggernaut"],"picked":"Shrug It Off","floor":25.0},{"not_picked":["Rage+1","Armaments"],"picked":"Disarm","floor":27.0},{"not_picked":["Double Tap","Immolate"],"picked":"Offering","floor":33.0},{"not_picked":["Warcry","Rage","Fire Breathing"],"picked":"SKIP","floor":35.0},{"not_picked":["Dark Embrace","Hemokinesis+1","Combust"],"picked":"SKIP","floor":38.0},{"not_picked":["Clothesline","Anger+1","Heavy Blade"],"picked":"SKIP","floor":41.0},{"not_picked":["Clash","Seeing Red","Flex"],"picked":"SKIP","floor":44.0},{"not_picked":["Sever Soul","Spot Weakness","Clash+1"],"picked":"SKIP","floor":46.0},{"not_picked":["Twin Strike","Immolate"],"picked":"Shockwave+1","floor":47.0}],"player_experience":1213975,"relics_obtained":[{"floor":0.0,"key":"Omamori"},{"floor":0.0,"key":"Meat on the Bone"},{"floor":0.0,"key":"Pocketwatch"},{"floor":8.0,"key":"Self Forming Clay"},{"floor":9.0,"key":"Bottled Flame"},{"floor":11.0,"key":"Vajra"},{"floor":20.0,"key":"Nilry\u0027s Codex"},{"floor":23.0,"key":"PreservedInsect"},{"floor":26.0,"key":"Blood Vial"},{"floor":27.0,"key":"Calipers"},{"floor":41.0,"key":"Shuriken"},{"floor":44.0,"key":"Ancient Tea Set"}],"event_choices":[{"cards_removed":["Strike_R"],"damage_healed":0.0,"max_hp_gain":0.0,"max_hp_loss":0.0,"gold_gain":0.0,"event_name":"Golden Wing","player_choice":"Card Removal","floor":3.0,"gold_loss":0.0,"damage_taken":7.0},{"damage_healed":0.0,"max_hp_gain":0.0,"max_hp_loss":0.0,"gold_gain":0.0,"event_name":"The Woman in Blue","player_choice":"Bought 0 Potions","floor":5.0,"gold_loss":0.0,"damage_taken":0.0},{"cards_removed":["Strike_R"],"damage_healed":0.0,"max_hp_gain":0.0,"max_hp_loss":0.0,"gold_gain":0.0,"event_name":"Back to Basics","player_choice":"Elegance","floor":19.0,"gold_loss":0.0,"damage_taken":0.0},{"damage_healed":0.0,"max_hp_gain":0.0,"max_hp_loss":0.0,"gold_gain":0.0,"event_name":"Cursed Tome","player_choice":"Obtained Book","floor":20.0,"gold_loss":0.0,"damage_taken":21.0},{"damage_healed":0.0,"max_hp_gain":0.0,"max_hp_loss":0.0,"gold_gain":0.0,"event_name":"Addict","player_choice":"Obtained Relic","floor":21.0,"gold_loss":85.0,"damage_taken":0.0,"relics_obtained":["MealTicket"]},{"damage_healed":0.0,"max_hp_gain":5.0,"max_hp_loss":0.0,"gold_gain":0.0,"event_name":"Forgotten Altar","player_choice":"Shed Blood","floor":31.0,"gold_loss":0.0,"damage_taken":26.0},{"cards_removed":["Shrug It Off"],"damage_healed":0.0,"max_hp_gain":0.0,"max_hp_loss":0.0,"gold_gain":0.0,"event_name":"Falling","player_choice":"Removed Skill","floor":37.0,"gold_loss":0.0,"damage_taken":0.0},{"damage_healed":0.0,"max_hp_gain":0.0,"max_hp_loss":0.0,"gold_gain":0.0,"event_name":"Match and Keep!","player_choice":"0 cards matched","floor":39.0,"gold_loss":0.0,"damage_taken":0.0,"cards_obtained":[]},{"damage_healed":0.0,"max_hp_gain":0.0,"max_hp_loss":0.0,"gold_gain":0.0,"event_name":"Tomb of Lord Red Mask","player_choice":"Paid","floor":48.0,"gold_loss":187.0,"damage_taken":0.0,"relics_obtained":["Red Mask"]}],"is_beta":false,"boss_relics":[{"not_picked":["Sozu","Ectoplasm"],"picked":"Runic Cube"},{"not_picked":["Cursed Key","Astrolabe"],"picked":"Snecko Eye"}],"items_purged_floors":[28,30,36],"is_endless":false,"potions_floor_spawned":[1,2,4,11,16,23,27,33,38,41,44],"killed_by":"Donu and Deca","ascension_level":20}}