{"host":"4pckc3u5mqcilakq","time":1613507059,"event":{"mods":["AchievementEnabler","BaseMod","Bestiary","Colored Map","Colored Powertips","Highlight Path","Minty Spire (QoL Compilation)","Quick Restart","Relic Stats"],"gold_per_floor":[111,130,144,157,157,157,187,202,202,236,76,76,101,112,112,208,208,226,226,151,168,185,185,216,216,285,317,317,9,28,39,39,143,143,163,163,43,43,60,60,0,0,0,12,12,22,22,35,35,35],"floor_reached":51,"language":"ENG","playtime":2323,"items_purged":["Defend_B","Writhe","Strike_B"],"score":928,"play_id":"001991ae-eb10-48c3-92bb-44ce0127c679","local_time":"20210216232419","is_ascension_mode":true,"campfire_choices":[{"data":"Barrage","floor":6,"key":"SMITH"},{"data":"Chaos","floor":15,"key":"SMITH"},{"data":"Fission","floor":23,"key":"SMITH"},{"data":"Defragment","floor":25,"key":"SMITH"},{"data":"Defragment","floor":32,"key":"SMITH"},{"data":"1","floor":40,"key":"LIFT"},{"data":"2","floor":45,"key":"LIFT"},{"data":"3","floor":49,"key":"LIFT"}],"circlet_count":0,"master_deck":["Strike_B+1","Strike_B+1","Strike_B+1","Defend_B+1","Defend_B+1","Defend_B+1","Dualcast+1","Coolheaded+1","Barrage+1","Sweeping Beam+1","Cold Snap+1","Defragment+1","Echo Form+1","Chaos+1","Defragment+1","Conserve Battery+1","White Noise+1","Fission+1","Self Repair+1","Compile Driver+1","Sunder+1","Loop+1","Electrodynamics+1","Biased Cognition+1","Undo+1","Compile Driver+1"],"relics":["Coffee Dripper","Strawberry","InkBottle","Pear","DataDisk","Inserter","Anchor","Bottled Lightning","Girya","Smiling Mask","Symbiotic Virus","Busted Crown","Mark of the Bloom","Red Mask","Singing Bowl"],"acts_visited":["Exordium","TheCity","TheBeyond"],"potions_floor_usage":[7,10,14,18,18,24,27,33],"damage_taken":[{"damage":0,"enemies":"Cultist","floor":1,"turns":3},{"damage":2,"enemies":"Jaw Worm","floor":2,"turns":4},{"damage":3,"enemies":"2 Louse","floor":3,"turns":3},{"damage":0,"enemies":"Looter","floor":4,"turns":4},{"damage":16,"enemies":"3 Sentries","floor":7,"turns":4},{"damage":0,"enemies":"2 Fungi Beasts","floor":8,"turns":3},{"damage":8,"enemies":"Gremlin Nob","floor":10,"turns":4},{"damage":2,"enemies":"Lagavulin","floor":13,"turns":7},{"damage":6,"enemies":"Exordium Thugs","floor":14,"turns":3},{"damage":25,"enemies":"The Guardian","floor":16,"turns":8},{"damage":8,"enemies":"3 Byrds","floor":18,"turns":4},{"damage":22,"enemies":"Chosen","floor":21,"turns":7},{"damage":11,"enemies":"Centurion and Healer","floor":22,"turns":6},{"damage":6,"enemies":"Gremlin Leader","floor":24,"turns":7},{"damage":0,"enemies":"Book of Stabbing","floor":27,"turns":6},{"damage":0,"enemies":"Cultist and Chosen","floor":30,"turns":3},{"damage":9,"enemies":"Snecko","floor":31,"turns":5},{"damage":24,"enemies":"Automaton","floor":33,"turns":6},{"damage":0,"enemies":"3 Darklings","floor":35,"turns":4},{"damage":0,"enemies":"Orb Walker","floor":39,"turns":4},{"damage":0,"enemies":"Maw","floor":44,"turns":5},{"damage":0,"enemies":"4 Shapes","floor":46,"turns":3},{"damage":0,"enemies":"Jaw Worm Horde","floor":48,"turns":2},{"damage":17,"enemies":"Donu and Deca","floor":50,"turns":6}],"seed_played":"4550335333107801616","potions_obtained":[{"floor":3,"key":"AttackPotion"},{"floor":4,"key":"FearPotion"},{"floor":7,"key":"EssenceOfSteel"},{"floor":8,"key":"Fire Potion"},{"floor":13,"key":"Fire Potion"},{"floor":16,"key":"AttackPotion"},{"floor":21,"key":"AttackPotion"},{"floor":24,"key":"Weak Potion"},{"floor":31,"key":"PotionOfCapacity"},{"floor":39,"key":"FearPotion"},{"floor":46,"key":"Fire Potion"}],"is_trial":false,"path_per_floor":["M","M","M","M","?","R","E","M","T","E","$","?","E","M","R","B",null,"M","?","?","M","M","R","E","R","T","E","?","$","M","M","R","B",null,"M","?","$","?","M","R","?","?","T","M","R","M","?","M","R","B",null],"character_chosen":"DEFECT","items_purchased":["Defragment","Conserve Battery","Symbiotic Virus","Undo"],"campfire_rested":0,"item_purchase_floors":[11,11,29,37],"current_hp_per_floor":[75,73,70,70,75,75,66,66,66,68,68,68,66,60,60,35,82,74,74,74,59,55,55,63,63,63,70,70,70,77,82,82,65,89,89,89,89,89,89,89,89,89,89,89,89,89,89,89,89,72],"gold":35,"neow_bonus":"BOSS_RELIC","is_daily":false,"chose_seed":false,"campfire_upgraded":5,"win_rate":0.0,"timestamp":1613507059,"path_taken":["M","M","M","?","?","R","E","M","T","E","?","?","E","M","R","BOSS","M","?","?","M","M","R","E","R","T","E","?","$","M","M","R","BOSS","M","?","$","?","M","R","?","?","T","M","R","M","?","M","R","BOSS"],"items_purchased_type":["Card","Card","Relic","Card"],"build_version":"2020-12-22","purchased_purges":3,"victory":true,"max_hp_per_floor":[75,75,75,75,80,80,87,87,87,97,97,97,97,97,97,97,97,97,97,97,97,97,97,97,97,97,97,97,97,97,97,97,97,97,97,92,92,92,92,92,92,92,92,94,94,96,98,100,100,100],"relic_stats":{"Mark of the Bloom":18,"Inserter":[34],"Busted Crown":12,"Singing Bowl":8,"counters":[24,111],"Smiling Mask":125,"obtain_stats":[{"Girya":27,"Mark of the Bloom":38,"Pear":10,"Inserter":17,"Singing Bowl":43,"Smiling Mask":28,"DataDisk":13,"Anchor":24,"Busted Crown":34,"Strawberry":7,"Coffee Dripper":0,"Red Mask":41,"Bottled Lightning":26,"Cracked Core":0,"Symbiotic Virus":29,"InkBottle":9},{"Girya":15,"Mark of the Bloom":19,"Pear":7,"Inserter":10,"Singing Bowl":20,"Smiling Mask":15,"DataDisk":8,"Anchor":14,"Busted Crown":18,"Strawberry":5,"Coffee Dripper":0,"Red Mask":20,"Bottled Lightning":14,"Cracked Core":0,"Symbiotic Virus":15,"InkBottle":6},{"Girya":73,"Mark of the Bloom":91,"Pear":25,"Inserter":43,"Singing Bowl":95,"Smiling Mask":73,"DataDisk":32,"Anchor":67,"Busted Crown":87,"Strawberry":18,"Coffee Dripper":0,"Red Mask":95,"Bottled Lightning":67,"Cracked Core":0,"Symbiotic Virus":73,"InkBottle":21}],"InkBottle":[45]},"card_choices":[{"not_picked":["Beam Cell","Blizzard"],"picked":"Coolheaded","floor":1},{"not_picked":["Go for the Eyes","Stack"],"picked":"Barrage","floor":2},{"not_picked":["White Noise","Hello World"],"picked":"Sweeping Beam","floor":3},{"not_picked":["Gash","Stack"],"picked":"Cold Snap","floor":4},{"not_picked":["Capacitor","Cold Snap"],"picked":"Defragment","floor":7},{"not_picked":["Leap","White Noise"],"picked":"Echo Form","floor":8},{"not_picked":["Recycle","Coolheaded"],"picked":"Chaos","floor":10},{"not_picked":["Turbo","Chill"],"picked":"White Noise","floor":13},{"not_picked":["Beam Cell","Barrage","Force Field"],"picked":"SKIP","floor":14},{"not_picked":["Rainbow","Reboot"],"picked":"Fission","floor":16},{"not_picked":["Stack+1","Sweeping Beam","Fusion"],"picked":"SKIP","floor":18},{"not_picked":["Auto Shields","Rebound+1"],"picked":"Compile Driver+1","floor":21},{"not_picked":["Darkness","Go for the Eyes","Lockon+1"],"picked":"SKIP","floor":22},{"not_picked":["Redo","Genetic Algorithm"],"picked":"Sunder+1","floor":24},{"not_picked":["Gash","Capacitor"],"picked":"Barrage","floor":27},{"not_picked":["Genetic Algorithm","Streamline"],"picked":"Loop+1","floor":30},{"not_picked":["Hologram","Steam Power+1"],"picked":"Electrodynamics","floor":31},{"not_picked":["Reboot","Buffer"],"picked":"Biased Cognition","floor":33},{"not_picked":["Redo"],"picked":"SKIP","floor":35},{"not_picked":["Compile Driver+1"],"picked":"SKIP","floor":39},{"not_picked":[],"picked":"Compile Driver+1","floor":39},{"not_picked":["Gash+1"],"picked":"Singing Bowl","floor":44},{"not_picked":["Streamline"],"picked":"Singing Bowl","floor":46},{"not_picked":["Enlightenment"],"picked":"Singing Bowl","floor":47},{"not_picked":["Aggregate+1"],"picked":"Singing Bowl","floor":48}],"player_experience":268760,"relics_obtained":[{"floor":7,"key":"Strawberry"},{"floor":9,"key":"InkBottle"},{"floor":10,"key":"Pear"},{"floor":13,"key":"DataDisk"},{"floor":24,"key":"Anchor"},{"floor":26,"key":"Bottled Lightning"},{"floor":27,"key":"Girya"},{"floor":43,"key":"Singing Bowl"}],"event_choices":[{"damage_healed":0,"gold_gain":0,"player_choice":"Donut","damage_taken":0,"max_hp_gain":5,"max_hp_loss":0,"event_name":"Big Fish","floor":5,"gold_loss":0},{"damage_healed":0,"gold_gain":0,"player_choice":"Ignored","damage_taken":0,"max_hp_gain":0,"max_hp_loss":0,"event_name":"Liars Game","floor":12,"gold_loss":0},{"damage_healed":0,"gold_gain":0,"player_choice":"Read","damage_taken":0,"max_hp_gain":0,"max_hp_loss":0,"event_name":"The Library","floor":19,"gold_loss":0,"cards_obtained":["Self Repair"]},{"cards_removed":["Zap"],"damage_healed":0,"gold_gain":0,"player_choice":"Gave Gold","damage_taken":0,"max_hp_gain":0,"max_hp_loss":0,"event_name":"Beggar","floor":20,"gold_loss":75},{"damage_healed":0,"gold_gain":0,"player_choice":"Opened","damage_taken":0,"relics_obtained":["Smiling Mask"],"max_hp_gain":0,"max_hp_loss":0,"event_name":"The Mausoleum","floor":28,"gold_loss":0,"cards_obtained":["Writhe"]},{"damage_healed":0,"gold_gain":0,"player_choice":"Max HP","damage_taken":0,"max_hp_gain":0,"max_hp_loss":5,"event_name":"Winding Halls","floor":36,"gold_loss":0},{"damage_healed":0,"gold_gain":0,"player_choice":"Upgrade","damage_taken":0,"relics_obtained":["Mark of the Bloom"],"max_hp_gain":0,"max_hp_loss":0,"event_name":"MindBloom","floor":38,"gold_loss":0,"cards_upgraded":["Strike_B","Strike_B","Strike_B","Defend_B","Defend_B","Defend_B","Dualcast","Coolheaded","Sweeping Beam","Cold Snap","Echo Form","Conserve Battery","White Noise","Self Repair","Barrage","Electrodynamics","Biased Cognition","Undo"]},{"damage_healed":0,"gold_gain":0,"player_choice":"Paid","damage_taken":0,"relics_obtained":["Red Mask"],"max_hp_gain":0,"max_hp_loss":0,"event_name":"Tomb of Lord Red Mask","floor":41,"gold_loss":60},{"cards_removed":["Barrage"],"damage_healed":0,"gold_gain":0,"player_choice":"Removed Attack","damage_taken":0,"max_hp_gain":0,"max_hp_loss":0,"event_name":"Falling","floor":42,"gold_loss":0},{"damage_healed":0,"gold_gain":0,"player_choice":"Memory 1","damage_taken":0,"max_hp_gain":0,"max_hp_loss":0,"event_name":"SensoryStone","floor":47,"gold_loss":0}],"is_beta":false,"boss_relics":[{"not_picked":["SacredBark","Velvet Choker"],"picked":"Inserter"},{"not_picked":["Philosopher\u0027s Stone","Fusion Hammer"],"picked":"Busted Crown"}],"items_purged_floors":[11,29,37],"is_endless":false,"potions_floor_spawned":[3,4,7,8,13,16,21,24,31,39,46],"ascension_level":5}}