{"host":"v9yiptmoyyuggqjj","time":1613455389,"event":{"mods":["AchievementEnabler","BaseMod","BetterRewards","Card Forge","Colored Map","Colored Powertips","DeckTracker","Highlight Path","Infinite Spire","Minty Spire (QoL Compilation)","Quick Restart","Shop Mod","StSLib","Swap Starting Deck Mod"],"gold_per_floor":[117,136,136,152,170,170,170,170,195,225,242,277,277,294,294,393,393,410,54,54,72,92,125,144,144,171,195,236,236,236,255,264,264,264],"floor_reached":33,"language":"ENG","playtime":1460,"items_purged":["Turbo+1"],"score":556,"play_id":"2469a832-a2a0-42e1-9439-403ab280ab49","local_time":"20210215230309","is_ascension_mode":true,"campfire_choices":[{"data":"Gash","floor":6.0,"key":"SMITH"},{"data":"Gash","floor":8.0,"key":"SMITH"},{"floor":13.0,"key":"REST"},{"data":"Gash","floor":15.0,"key":"SMITH"},{"floor":25.0,"key":"REST"},{"data":"Gash","floor":29,"key":"SMITH"},{"floor":32,"key":"REST"}],"circlet_count":0,"master_deck":["Gash+1","Gash+1","Gash+1","Gash+1","Rip and Tear","Reprogram","Steam","Steam","Steam","Steam","Go for the Eyes","Gash","Gash","Beam Cell","Echo Form","Self Repair","Auto Shields+1","Gash+1","Go for the Eyes+1","Gash","Gash"],"relics":["Cracked Core","Hammer of Thor","Seething Fire","Anvil of the Gods","swapstartingdeckmod:Bellows","Dream Catcher","Potion Belt","The Courier","Runic Pyramid","Anchor","infinitespire:Lucky Rock","Question Card","CeramicFish","Mercury Hourglass","GremlinMask"],"acts_visited":["Exordium","TheCity"],"potions_floor_usage":[28,33,33],"damage_taken":[{"damage":0.0,"enemies":"Jaw Worm","floor":1.0,"turns":2.0},{"damage":0.0,"enemies":"Cultist","floor":2.0,"turns":3.0},{"damage":0.0,"enemies":"Small Slimes","floor":4.0,"turns":2.0},{"damage":11.0,"enemies":"Exordium Wildlife","floor":5.0,"turns":4.0},{"damage":16.0,"enemies":"3 Sentries","floor":10.0,"turns":6.0},{"damage":0.0,"enemies":"Large Slime","floor":11.0,"turns":4.0},{"damage":15.0,"enemies":"Gremlin Nob","floor":12.0,"turns":3.0},{"damage":0.0,"enemies":"Exordium Thugs","floor":14.0,"turns":3.0},{"damage":0.0,"enemies":"Slime Boss","floor":16.0,"turns":4.0},{"damage":23.0,"enemies":"Spheric Guardian","floor":18.0,"turns":4.0},{"damage":0.0,"enemies":"Chosen","floor":21.0,"turns":4.0},{"damage":0.0,"enemies":"Snake Plant","floor":22.0,"turns":4.0},{"damage":27.0,"enemies":"Slavers","floor":23.0,"turns":5.0},{"damage":19.0,"enemies":"Centurion and Healer","floor":24.0,"turns":5.0},{"damage":18.0,"enemies":"Cultist and Chosen","floor":27.0,"turns":5.0},{"damage":9,"enemies":"Gremlin Leader","floor":28,"turns":4},{"damage":26,"enemies":"Snake Plant","floor":31,"turns":3},{"damage":39,"enemies":"Automaton","floor":33,"turns":4}],"seed_played":"1138573447906521657","potions_obtained":[{"floor":1.0,"key":"FearPotion"},{"floor":2.0,"key":"Dexterity Potion"},{"floor":3.0,"key":"PowerPotion"},{"floor":3.0,"key":"Fire Potion"},{"floor":11.0,"key":"AttackPotion"},{"floor":14.0,"key":"DistilledChaos"},{"floor":18.0,"key":"ColorlessPotion"},{"floor":21.0,"key":"GamblersBrew"},{"floor":27,"key":"FearPotion"},{"floor":28,"key":"FearPotion"}],"is_trial":false,"path_per_floor":["M","M","?","M","M","R","?","R","T","E","M","E","R","M","R","B",null,"M","$","?","M","M","E","M","R","T","M","E","R","?","M","R","B"],"character_chosen":"DEFECT","items_purchased":["Anchor","infinitespire:Lucky Rock","Self Repair"],"campfire_rested":3,"item_purchase_floors":[19,19,19],"current_hp_per_floor":[68,68,68,68,57,57,57,57,57,41,41,26,48,48,48,48,68,45,45,45,52,59,46,27,49,49,31,36,36,36,10,32,0,0],"gold":264,"neow_bonus":"","is_daily":false,"chose_seed":false,"campfire_upgraded":4,"win_rate":0.0,"timestamp":1613455389,"path_taken":["M","M","?","?","M","R","?","R","T","E","M","E","R","?","R","BOSS","M","$","?","M","M","E","?","R","T","M","E","R","?","?","R","BOSS"],"items_purchased_type":["Relic","Relic","Card"],"build_version":"2020-12-22","purchased_purges":1,"victory":false,"max_hp_per_floor":[75,75,75,75,75,75,75,75,75,75,75,75,75,75,75,75,75,75,75,75,75,75,75,75,75,75,75,75,75,75,75,75,75,75],"card_choices":[{"not_picked":["Loop","Coolheaded","Sweeping Beam"],"picked":"SKIP","floor":1.0},{"not_picked":["Sweeping Beam","Cold Snap","Melter"],"picked":"SKIP","floor":2.0},{"not_picked":["Cold Snap","Melter","Genetic Algorithm"],"picked":"SKIP","floor":4.0},{"not_picked":["Ball Lightning","Coolheaded"],"picked":"Go for the Eyes","floor":5.0},{"not_picked":["Redo","Reinforced Body"],"picked":"Gash","floor":10.0},{"not_picked":["Aggregate","Ball Lightning","Hologram"],"picked":"SKIP","floor":11.0},{"not_picked":["Darkness","Redo","Steam Power"],"picked":"SKIP","floor":12.0},{"not_picked":["Sunder","Genetic Algorithm"],"picked":"Gash","floor":13.0},{"not_picked":["Machine Learning","Ball Lightning"],"picked":"Beam Cell","floor":14.0},{"not_picked":["Hyperbeam","Creative AI"],"picked":"Echo Form","floor":16.0},{"not_picked":["Loop","Beam Cell"],"picked":"Turbo+1","floor":18.0},{"not_picked":["Sunder","Beam Cell+1"],"picked":"Auto Shields+1","floor":21.0},{"not_picked":["Turbo","Heatsinks","Glacier"],"picked":"SKIP","floor":22.0},{"not_picked":["Leap","Conserve Battery"],"picked":"Gash+1","floor":23.0},{"not_picked":["Barrage","Leap","Hologram","Double Energy"],"picked":"SKIP","floor":24.0},{"not_picked":["Electrodynamics","Barrage","Static Discharge"],"picked":"Go for the Eyes+1","floor":27},{"not_picked":["Compile Driver","Turbo","Streamline"],"picked":"Gash","floor":28},{"not_picked":["Melter","Ball Lightning","Rebound","Redo"],"picked":"SKIP","floor":31},{"not_picked":["Fusion","Melter","Glacier"],"picked":"Gash","floor":32}],"player_experience":593869,"relics_obtained":[{"floor":9.0,"key":"Dream Catcher"},{"floor":10.0,"key":"Potion Belt"},{"floor":12.0,"key":"The Courier"},{"floor":23.0,"key":"Question Card"},{"floor":26.0,"key":"CeramicFish"},{"floor":28,"key":"Mercury Hourglass"}],"event_choices":[{"damage_healed":0.0,"max_hp_gain":0.0,"max_hp_loss":0.0,"gold_gain":0.0,"event_name":"Lab","player_choice":"Got Potions","floor":3.0,"gold_loss":0.0,"damage_taken":0.0},{"damage_healed":0.0,"max_hp_gain":0.0,"max_hp_loss":0.0,"gold_gain":0.0,"event_name":"Transmorgrifier","player_choice":"Ignored","floor":7.0,"gold_loss":0.0,"damage_taken":0.0},{"damage_healed":0.0,"max_hp_gain":0.0,"max_hp_loss":0.0,"gold_gain":0.0,"event_name":"Transmorgrifier","player_choice":"Ignored","floor":20.0,"gold_loss":0.0,"damage_taken":0.0},{"damage_healed":0,"gold_gain":0,"player_choice":"Trade","damage_taken":0,"relics_obtained":["GremlinMask"],"max_hp_gain":0,"max_hp_loss":0,"event_name":"FaceTrader","floor":30,"gold_loss":0}],"is_beta":false,"boss_relics":[{"not_picked":["Snecko Eye","Fusion Hammer"],"picked":"Runic Pyramid"}],"items_purged_floors":[19],"is_endless":false,"potions_floor_spawned":[1,2,5,11,14,18,21,27,28],"killed_by":"Automaton","ascension_level":9}}