{"host":"nj4msrt0z6tj4wtb","time":1613491928,"event":{"mods":["AchievementEnabler","BaseMod","Colored Map","Colored Powertips","DeckTracker","Highlight Path","Keyboard Shortcuts","Minty Spire (QoL Compilation)","Quick Restart","Random Character Button","StSLib","SuperFastMode"],"gold_per_floor":[109,128,142,161,175,175,206,206,229,259,338,338,358,369,369,467,467,487,497,342,360,275,309,309,334,334,352,352,106,129,148,148,148,148],"floor_reached":33,"language":"KOR","playtime":971,"items_purged":["Strike_R","Strike_R"],"score":414,"play_id":"6b418e9a-5749-4273-bde6-205663dbd4bd","local_time":"20210217011208","is_ascension_mode":true,"campfire_choices":[{"data":"Bash","floor":6,"key":"SMITH"},{"data":"Perfected Strike","floor":12,"key":"SMITH"},{"data":"Flex","floor":15,"key":"SMITH"},{"data":"Corruption","floor":24,"key":"SMITH"},{"floor":32,"key":"REST"}],"circlet_count":0,"master_deck":["Strike_R","Strike_R","Defend_R","Defend_R","Defend_R","Defend_R","Bash+1","Finesse","Perfected Strike+1","Perfected Strike","Sword Boomerang","Twin Strike","Rage","Flex+1","Double Tap","Corruption+1","Perfected Strike","Fire Breathing","Shrug It Off+1","Perfected Strike","Infernal Blade+1","Pommel Strike","Armaments+1"],"relics":["Burning Blood","FossilizedHelix","PreservedInsect","Lantern","Tiny Chest","Pantograph","Mark of Pain","Prayer Wheel","Incense Burner","Turnip","Bronze Scales","Medical Kit","Pen Nib"],"acts_visited":["Exordium","TheCity"],"potions_floor_usage":[10,33,33],"damage_taken":[{"damage":6,"enemies":"Cultist","floor":1,"turns":3},{"damage":15,"enemies":"Small Slimes","floor":2,"turns":3},{"damage":4,"enemies":"Jaw Worm","floor":3,"turns":4},{"damage":14,"enemies":"Blue Slaver","floor":4,"turns":3},{"damage":0,"enemies":"2 Fungi Beasts","floor":5,"turns":2},{"damage":36,"enemies":"3 Sentries","floor":7,"turns":8},{"damage":0,"enemies":"Lagavulin","floor":10,"turns":3},{"damage":0,"enemies":"Large Slime","floor":13,"turns":3},{"damage":5,"enemies":"Gremlin Gang","floor":14,"turns":3},{"damage":4,"enemies":"Slime Boss","floor":16,"turns":8},{"damage":20,"enemies":"3 Byrds","floor":18,"turns":6},{"damage":0,"enemies":"Shell Parasite","floor":19,"turns":2},{"damage":17,"enemies":"3 Cultists","floor":21,"turns":5},{"damage":24,"enemies":"Book of Stabbing","floor":23,"turns":4},{"damage":28,"enemies":"Slavers","floor":25,"turns":4},{"damage":8,"enemies":"Snake Plant","floor":27,"turns":3},{"damage":9,"enemies":"Centurion and Healer","floor":31,"turns":4},{"damage":78,"enemies":"Automaton","floor":33,"turns":6}],"seed_played":"4804057847257670194","potions_obtained":[{"floor":1,"key":"LiquidMemories"},{"floor":4,"key":"CultistPotion"},{"floor":7,"key":"AttackPotion"},{"floor":13,"key":"Swift Potion"},{"floor":27,"key":"CultistPotion"}],"is_trial":false,"path_per_floor":["M","M","M","M","M","R","E","?","T","E","T","R","M","M","R","B",null,"M","M","$","M","?","E","R","E","T","M","?","$","T","M","R","B"],"character_chosen":"IRONCLAD","items_purchased":["Fire Breathing","Medical Kit"],"campfire_rested":1,"item_purchase_floors":[20,29],"current_hp_per_floor":[80,71,73,65,71,71,41,16,16,22,22,22,28,29,29,56,80,66,72,72,61,61,43,43,21,21,19,19,19,19,16,40,0,0],"gold":148,"neow_bonus":"RANDOM_COLORLESS","is_daily":false,"chose_seed":false,"campfire_upgraded":4,"win_rate":0.0,"timestamp":1613491928,"path_taken":["M","M","?","M","M","R","E","?","T","E","?","R","M","M","R","BOSS","M","M","$","M","?","E","R","E","T","M","?","$","?","M","R","BOSS"],"items_purchased_type":["Card","Relic"],"build_version":"2020-12-22","purchased_purges":2,"victory":false,"max_hp_per_floor":[80,80,80,80,80,80,80,80,80,80,80,80,80,80,80,80,80,80,80,80,80,80,80,80,80,80,80,80,80,80,80,80,80,80],"card_choices":[{"not_picked":["Dark Shackles","Good Instincts"],"picked":"Finesse","floor":0},{"not_picked":["Sentinel","Clash"],"picked":"Perfected Strike","floor":1},{"not_picked":["Sever Soul","Clash"],"picked":"Perfected Strike","floor":2},{"not_picked":["Heavy Blade","Rupture"],"picked":"Sword Boomerang","floor":3},{"not_picked":["Thunderclap","Iron Wave"],"picked":"Twin Strike","floor":4},{"not_picked":["Clothesline","Sword Boomerang","Intimidate"],"picked":"SKIP","floor":5},{"not_picked":["Iron Wave","Warcry"],"picked":"Rage","floor":7},{"not_picked":["Rage","Clothesline","Heavy Blade"],"picked":"SKIP","floor":10},{"not_picked":["Bloodletting","Iron Wave"],"picked":"Flex","floor":13},{"not_picked":["Iron Wave","Clothesline"],"picked":"Double Tap","floor":14},{"not_picked":["Limit Break","Brutality"],"picked":"Corruption","floor":16},{"not_picked":["Carnage","Hemokinesis"],"picked":"Perfected Strike","floor":18},{"not_picked":["Thunderclap+1","Sword Boomerang","Havoc"],"picked":"SKIP","floor":19},{"not_picked":["Perfected Strike","Seeing Red+1"],"picked":"Shrug It Off+1","floor":21},{"not_picked":["Cleave","Clothesline+1"],"picked":"Perfected Strike","floor":23},{"not_picked":["Clothesline","Sword Boomerang"],"picked":"Infernal Blade+1","floor":25},{"not_picked":["Rage","Iron Wave"],"picked":"Pommel Strike","floor":27},{"not_picked":["Rage+1","Corruption","Flex"],"picked":"SKIP","floor":27},{"not_picked":["Sever Soul+1","Metallicize+1"],"picked":"Armaments+1","floor":31},{"not_picked":["Pummel","Rage","Body Slam"],"picked":"SKIP","floor":31}],"player_experience":666546,"relics_obtained":[{"floor":7,"key":"FossilizedHelix"},{"floor":9,"key":"Lantern"},{"floor":10,"key":"Tiny Chest"},{"floor":11,"key":"Pantograph"},{"floor":23,"key":"Incense Burner"},{"floor":25,"key":"Turnip"},{"floor":26,"key":"Bronze Scales"},{"floor":30,"key":"Pen Nib"}],"event_choices":[{"damage_healed":0,"gold_gain":0,"player_choice":"Success","damage_taken":25,"relics_obtained":["PreservedInsect"],"max_hp_gain":0,"max_hp_loss":0,"event_name":"Scrap Ooze","floor":8,"gold_loss":0},{"damage_healed":0,"gold_gain":0,"player_choice":"Obtained Relic","damage_taken":0,"relics_obtained":["Prayer Wheel"],"max_hp_gain":0,"max_hp_loss":0,"event_name":"Addict","floor":22,"gold_loss":85},{"cards_removed":["Strike_R"],"damage_healed":0,"gold_gain":0,"player_choice":"Elegance","damage_taken":0,"max_hp_gain":0,"max_hp_loss":0,"event_name":"Back to Basics","floor":28,"gold_loss":0}],"is_beta":false,"boss_relics":[{"not_picked":["SacredBark","Black Blood"],"picked":"Mark of Pain"}],"items_purged_floors":[20,29],"is_endless":false,"potions_floor_spawned":[1,4,7,13,14,18,23,25,27],"killed_by":"Automaton","ascension_level":4}}