{"host":"pj05r22d3fegil3v","time":1613457956,"event":{"mods":["BaseMod","Better Altar","Better Match","Better Note","Better Sensory Stone","Better Skull","Better Third Choice","BetterRewards","Card Filter","Colored Powertips","Curses Come First","Custom Start","DeckTracker","Displayed Cursed Tome","Evolution","Minty Spire (QoL Compilation)","Quick Restart","Rare Cards Sparkle","Relic Filter Mod","Smile Girya","StSLib","Weighted Paths","everything is the same but u backflip on backflip","slay the spire mod where everything is the same but ironclad has a cowboy hat"],"gold_per_floor":[11,11,11,35,51,51,82,82,82,109,126,126,152,152,152,152,152],"floor_reached":16,"language":"ENG","playtime":482,"items_purged":[],"score":147,"play_id":"04fb05fe-e456-4721-b266-76d23804513a","local_time":"20210216014556","is_ascension_mode":true,"campfire_choices":[{"data":"Zap","floor":6,"key":"SMITH"},{"floor":8,"key":"RECALL"},{"data":"Coolheaded","floor":12,"key":"SMITH"},{"data":"Consume","floor":15,"key":"SMITH"}],"circlet_count":0,"master_deck":["Rebound","Rebound","Rebound","Rebound","Defend_B","Defend_B","Zap+1","Dualcast","All For One","Barrage","Chaos+1","Coolheaded+1","Consume+1"],"relics":["Cracked Core","EVO:Axolotl","Happy Flower","Matryoshka","The Courier","Gremlin Horn"],"acts_visited":["Exordium"],"potions_floor_usage":[7,13,16,16],"damage_taken":[{"damage":0,"enemies":"Small Slimes","floor":1,"turns":2},{"damage":7,"enemies":"2 Louse","floor":5,"turns":2},{"damage":8,"enemies":"Gremlin Nob","floor":7,"turns":3},{"damage":21,"enemies":"Lagavulin","floor":10,"turns":4},{"damage":4,"enemies":"Jaw Worm","floor":11,"turns":3},{"damage":12,"enemies":"Gremlin Nob","floor":13,"turns":3},{"damage":31,"enemies":"The Guardian","floor":16,"turns":6}],"seed_played":"121397295126923577","potions_obtained":[{"floor":5,"key":"Dexterity Potion"},{"floor":7,"key":"SkillPotion"},{"floor":11,"key":"LiquidMemories"},{"floor":13,"key":"CultistPotion"}],"is_trial":false,"path_per_floor":["M","?","?","T","M","R","E","R","T","E","M","R","E","$","R","B"],"character_chosen":"DEFECT","items_purchased":[],"campfire_rested":0,"item_purchase_floors":[],"current_hp_per_floor":[75,80,80,80,73,73,65,65,65,44,40,40,28,28,28,0,0],"gold":152,"neow_bonus":"TRANSFORM_TWO_CARDS","is_daily":false,"chose_seed":false,"campfire_upgraded":3,"win_rate":0.0,"timestamp":1613457956,"path_taken":["M","?","?","?","M","R","E","R","T","E","M","R","E","$","R","BOSS"],"items_purchased_type":[],"build_version":"2020-12-22","purchased_purges":0,"victory":false,"max_hp_per_floor":[75,80,80,80,80,80,80,80,80,80,80,80,80,80,80,80,80],"card_choices":[{"not_picked":["Beam Cell","Static Discharge"],"picked":"Chaos","floor":1},{"not_picked":["Stack","Redo","Gash"],"picked":"SKIP","floor":5},{"not_picked":["Rip and Tear","Force Field","Stack"],"picked":"SKIP","floor":7},{"not_picked":["Aggregate","Biased Cognition","Redo"],"picked":"SKIP","floor":10},{"not_picked":["Sunder","Chill"],"picked":"Coolheaded","floor":11},{"not_picked":["Redo","Compile Driver"],"picked":"Consume","floor":13}],"player_experience":121001,"relics_obtained":[{"floor":7,"key":"Happy Flower"},{"floor":9,"key":"Matryoshka"},{"floor":10,"key":"The Courier"},{"floor":13,"key":"Gremlin Horn"}],"event_choices":[{"damage_healed":0,"gold_gain":0,"player_choice":"Donut","damage_taken":0,"max_hp_gain":5,"max_hp_loss":0,"event_name":"Big Fish","floor":2,"gold_loss":0},{"damage_healed":0,"gold_gain":0,"player_choice":"Grow","damage_taken":0,"max_hp_gain":0,"max_hp_loss":0,"event_name":"Living Wall","floor":3,"gold_loss":0,"cards_upgraded":["Chaos"]}],"is_beta":false,"boss_relics":[],"items_purged_floors":[],"is_endless":false,"potions_floor_spawned":[5,7,11,13],"killed_by":"The Guardian","ascension_level":1}}