{"host":"mo324zvkdr1xwprd","time":1613491295,"event":{"mods":["A Penny For Your Troubles","BaseMod","Better Note","Better Third Choice","BetterRewards","Hermit","Highlight Path","Hubris","Minty Spire (QoL Compilation)","Quick Restart","Rare Cards Sparkle","Shop Mod","StSLib","The Cursed","The Hierophant","The Servant 0.9.4","Transform Curses"],"gold_per_floor":[109,109,223,238,248,280,300,329,329,361,376,1,20,0,0,96,96,111,111,123,142,156,189,189,204,204,145,174,184,203,221,221,319,319,337,32,42,113,113,143,143,171,171,171,197,197,250,266,266,267,267,267,16,45,45],"floor_reached":56,"language":"ENG","playtime":6139,"items_purged":["Apotheosis+1"],"score":2326,"play_id":"cd82c57d-0805-4fff-a8e4-6d31ab4d0a61","local_time":"20210216160135","is_ascension_mode":true,"campfire_choices":[{"floor":15.0,"key":"RECALL"},{"data":"Secret Technique","floor":24.0,"key":"SMITH"},{"data":"Whirlwind","floor":32.0,"key":"SMITH"},{"floor":46.0,"key":"REST"},{"data":"Demon Form","floor":49.0,"key":"SMITH"},{"data":"Dramatic Entrance","floor":52.0,"key":"SMITH"}],"circlet_count":0,"master_deck":["Apotheosis+1","Strike_R","Strike_R","Strike_R","Strike_R","Defend_R","Defend_R","Defend_R","Bash","Anger","Dramatic Entrance+1","Twin Strike","Secret Technique+1","Cleave","Shrug It Off","Anger","Perfected Strike","Spot Weakness","Battle Trance","Wild Strike","Limit Break","Second Wind+1","Warcry+1","Flame Barrier+1","Impervious+1","Secret Technique+1","Perfected Strike","Enlightenment+1","Double Tap+1","Warcry+1","Warcry+1","Flex+1","Inflame+1","Sentinel+1","Sword Boomerang","hubris:ReadiedAction+1","Impervious+1","Whirlwind+1","Pommel Strike","Exhume+1","CurseOfTheBell","Iron Wave+1","Headbutt","Feed","Wild Strike+1","Demon Form+1","Exhume+1","Madness+1","Dramatic Entrance+1","Warcry+1","Flex+1","Intimidate+1","hubris:Insight+1","Havoc+1"],"relics":["Burning Blood","FossilizedHelix","Bag of Preparation","Bird Faced Urn","StoneCalendar","hubris:Icosahedron","hubris:BottledRain","Self Forming Clay","Toxic Egg 2","Ginger","SlaversCollar","hubris:SlimyHat","hubris:CuriousFeather","Ice Cream","Meat on the Bone","Calling Bell","hubris:ChampionShield","Singing Bowl","Charon\u0027s Ashes","Bronze Scales","Torii","Bottled Flame","InkBottle","Frozen Egg 2","Happy Flower","Art of War"],"acts_visited":["Exordium","TheCity","TheBeyond","TheEnding"],"potions_floor_usage":[55,55],"damage_taken":[{"damage":0.0,"enemies":"Jaw Worm","floor":1.0,"turns":3.0},{"damage":0.0,"enemies":"2 Louse","floor":3.0,"turns":2.0},{"damage":0.0,"enemies":"Cultist","floor":4.0,"turns":3.0},{"damage":0.0,"enemies":"2 Fungi Beasts","floor":5.0,"turns":2.0},{"damage":2.0,"enemies":"3 Sentries","floor":6.0,"turns":4.0},{"damage":0.0,"enemies":"Red Slaver","floor":7.0,"turns":2.0},{"damage":0.0,"enemies":"Lagavulin","floor":8.0,"turns":3.0},{"damage":0.0,"enemies":"Gremlin Nob","floor":10.0,"turns":2.0},{"damage":0.0,"enemies":"Looter","floor":11.0,"turns":2.0},{"damage":0.0,"enemies":"3 Louse","floor":13.0,"turns":2.0},{"damage":3.0,"enemies":"The Guardian","floor":16.0,"turns":7.0},{"damage":0.0,"enemies":"Spheric Guardian","floor":18.0,"turns":3.0},{"damage":0.0,"enemies":"3 Byrds","floor":20.0,"turns":3.0},{"damage":0.0,"enemies":"Centurion and Healer","floor":21.0,"turns":3.0},{"damage":0.0,"enemies":"3 Cultists","floor":22.0,"turns":3.0},{"damage":6.0,"enemies":"Gremlin Leader","floor":23.0,"turns":2.0},{"damage":0.0,"enemies":"Snecko","floor":25.0,"turns":3.0},{"damage":0.0,"enemies":"Book of Stabbing","floor":28.0,"turns":4.0},{"damage":0.0,"enemies":"Snake Plant","floor":29.0,"turns":3.0},{"damage":3.0,"enemies":"Chosen and Byrds","floor":30.0,"turns":4.0},{"damage":0.0,"enemies":"Cultist and Chosen","floor":31.0,"turns":3.0},{"damage":0.0,"enemies":"Champ","floor":33.0,"turns":3.0},{"damage":10.0,"enemies":"3 Darklings","floor":35.0,"turns":5.0},{"damage":0.0,"enemies":"Orb Walker","floor":37.0,"turns":2.0},{"damage":22.0,"enemies":"Reptomancer","floor":40.0,"turns":4.0},{"damage":0.0,"enemies":"Nemesis","floor":42.0,"turns":5.0},{"damage":13.0,"enemies":"Giant Head","floor":45.0,"turns":6.0},{"damage":0.0,"enemies":"Sphere and 2 Shapes","floor":48.0,"turns":1.0},{"damage":11.0,"enemies":"hubris:GrandSnecko","floor":50.0,"turns":9.0},{"damage":18.0,"enemies":"Shield and Spear","floor":54.0,"turns":2.0},{"damage":83,"enemies":"The Heart","floor":55,"turns":7}],"seed_played":"9070462769567738667","potions_obtained":[{"floor":1.0,"key":"LiquidBronze"},{"floor":5.0,"key":"EntropicBrew"},{"floor":6.0,"key":"GamblersBrew"},{"floor":16.0,"key":"Strength Potion"},{"floor":22.0,"key":"Fruit Juice"},{"floor":23.0,"key":"AttackPotion"},{"floor":25.0,"key":"Energy Potion"},{"floor":28.0,"key":"EntropicBrew"},{"floor":29.0,"key":"Dexterity Potion"},{"floor":33.0,"key":"SpeedPotion"},{"floor":35.0,"key":"Block Potion"},{"floor":40.0,"key":"Strength Potion"},{"floor":42.0,"key":"FairyPotion"}],"is_trial":false,"path_per_floor":["M","?","M","M","M","E","M","E","T","E","M","$","M","?","R","B",null,"M","?","M","M","M","E","R","M","T","?","E","M","M","M","R","B",null,"M","$","M","T","?","E","?","E","T","?","E","R","T","M","R","B",null,"R","$","E","B",null],"character_chosen":"IRONCLAD","items_purchased":["Anger","Bag of Preparation","Bird Faced Urn","Dramatic Entrance","Secret Technique","Cleave","Flame Barrier+1","Impervious+1","Secret Technique+1","Bronze Scales","Headbutt","Feed","Intimidate+1","LiquidBronze","hubris:Insight+1","Havoc+1"],"campfire_rested":1,"item_purchase_floors":[0,0,0,0,0,0,12,12,12,36,36,36,53,53,53,53],"current_hp_per_floor":[30,30,36,42,80,80,80,80,80,80,80,80,80,86,86,86,86,86,86,86,86,91,91,91,91,91,91,91,91,91,91,91,91,91,87,87,91,91,91,81,84,92,92,84,81,104,104,104,104,103,104,104,104,94,31],"gold":45,"neow_bonus":"","is_daily":false,"chose_seed":false,"campfire_upgraded":4,"win_rate":0.0,"timestamp":1613491295,"path_taken":["M","?","M","M","M","E","M","E","T","E","M","$","M","?","R","BOSS","M","?","?","M","M","E","R","M","T","?","E","M","M","M","R","BOSS","M","$","M","?","?","E","?","E","T","?","E","R","?","?","R","BOSS","R","$","E","BOSS"],"items_purchased_type":["Card","Relic","Relic","Card","Card","Card","Card","Card","Card","Relic","Card","Card","Card","Potion","Card","Card"],"build_version":"2020-12-22","purchased_purges":1,"victory":true,"max_hp_per_floor":[80,80,80,80,80,80,80,80,80,80,80,80,80,86,86,86,86,86,86,86,86,91,91,91,91,91,91,91,91,91,91,91,91,91,91,91,91,91,91,95,98,98,98,100,104,104,104,104,104,104,104,104,104,106,106],"card_choices":[{"not_picked":["Twin Strike","Body Slam"],"picked":"Shrug It Off","floor":1.0},{"not_picked":["Sword Boomerang","Whirlwind"],"picked":"Anger","floor":3.0},{"not_picked":["Warcry","Twin Strike"],"picked":"Perfected Strike","floor":4.0},{"not_picked":["Disarm","Burning Pact"],"picked":"Spot Weakness","floor":5.0},{"not_picked":["Dark Embrace","Burning Pact"],"picked":"Battle Trance","floor":6.0},{"not_picked":["Combust","Warcry"],"picked":"Wild Strike","floor":7.0},{"not_picked":["Dark Embrace","Wild Strike"],"picked":"Limit Break","floor":8.0},{"not_picked":["Body Slam","Feel No Pain"],"picked":"Second Wind+1","floor":10.0},{"not_picked":["Fire Breathing","Sword Boomerang"],"picked":"Warcry+1","floor":11.0},{"not_picked":["Iron Wave","Wild Strike"],"picked":"Perfected Strike","floor":13.0},{"not_picked":["Limit Break+1","Berserk"],"picked":"Double Tap+1","floor":16.0},{"not_picked":["Blood for Blood","Armaments+1"],"picked":"Warcry+1","floor":18.0},{"not_picked":["Entrench+1","Rupture"],"picked":"Warcry+1","floor":20.0},{"not_picked":["Reckless Charge","True Grit+1"],"picked":"Flex+1","floor":21.0},{"not_picked":["hubris:ReadiedAction+1","Intimidate+1"],"picked":"Inflame+1","floor":22.0},{"not_picked":["Entrench+1","Disarm+1"],"picked":"Sentinel+1","floor":23.0},{"not_picked":["Warcry+1","Fire Breathing+1"],"picked":"Sword Boomerang","floor":25.0},{"not_picked":["Clash","Sever Soul"],"picked":"hubris:ReadiedAction+1","floor":28.0},{"not_picked":["Havoc+1","Pommel Strike"],"picked":"Impervious+1","floor":29.0},{"not_picked":["Rampage","Combust"],"picked":"Whirlwind","floor":30.0},{"not_picked":["Evolve+1","Blood for Blood"],"picked":"Pommel Strike","floor":31.0},{"not_picked":["Reaper","Corruption"],"picked":"Exhume+1","floor":33.0},{"not_picked":["Dark Embrace+1","hubris:CleavingFinish+1"],"picked":"Iron Wave+1","floor":35.0},{"not_picked":["Headbutt","Heavy Blade+1"],"picked":"Wild Strike+1","floor":37.0},{"not_picked":["Heavy Blade+1","Rupture"],"picked":"Demon Form","floor":40.0},{"not_picked":["Twin Strike","Double Tap+1"],"picked":"Exhume+1","floor":42.0},{"not_picked":["Forethought+1","Dark Shackles+1"],"picked":"Madness+1","floor":44.0},{"not_picked":["Impatience+1","Finesse+1"],"picked":"Dramatic Entrance","floor":44.0},{"not_picked":["Swift Strike","PanicButton+1","Magnetism"],"picked":"Singing Bowl","floor":44.0},{"not_picked":["Battle Trance+1","Second Wind+1"],"picked":"Warcry+1","floor":45.0},{"not_picked":["Headbutt","Dropkick+1"],"picked":"Flex+1","floor":48.0},{"not_picked":["Perfected Strike+1","True Grit+1","Clash"],"picked":"Singing Bowl","floor":54.0}],"player_experience":702879,"relics_obtained":[{"floor":6.0,"key":"hubris:BottledRain"},{"floor":8.0,"key":"Self Forming Clay"},{"floor":9.0,"key":"Toxic Egg 2"},{"floor":10.0,"key":"Ginger"},{"floor":23.0,"key":"hubris:SlimyHat"},{"floor":26.0,"key":"hubris:CuriousFeather"},{"floor":28.0,"key":"Meat on the Bone"},{"floor":34.0,"key":"hubris:ChampionShield"},{"floor":34.0,"key":"Singing Bowl"},{"floor":34.0,"key":"Charon\u0027s Ashes"},{"floor":40.0,"key":"Torii"},{"floor":42.0,"key":"Bottled Flame"},{"floor":43.0,"key":"InkBottle"},{"floor":45.0,"key":"Frozen Egg 2"},{"floor":47.0,"key":"Happy Flower"},{"floor":54.0,"key":"Art of War"}],"event_choices":[{"damage_healed":0.0,"max_hp_gain":0.0,"max_hp_loss":0.0,"gold_gain":0.0,"event_name":"betterThird:BetterSerpent","player_choice":"RENOUNCE","floor":14.0,"gold_loss":20.0,"damage_taken":20.0,"cards_obtained":["Enlightenment"]},{"damage_healed":0.0,"max_hp_gain":0.0,"max_hp_loss":0.0,"gold_gain":0.0,"event_name":"Accursed Blacksmith","player_choice":"Forge","floor":19.0,"gold_loss":0.0,"damage_taken":0.0,"cards_upgraded":["Dramatic Entrance"]},{"damage_healed":0.0,"max_hp_gain":0.0,"max_hp_loss":0.0,"gold_gain":0.0,"event_name":"WeMeetAgain","player_choice":"Paid Gold","floor":27.0,"gold_loss":59.0,"damage_taken":0.0,"relics_obtained":["Ice Cream"]},{"cards_removed":["Defend_R"],"damage_healed":0.0,"max_hp_gain":0.0,"max_hp_loss":0.0,"gold_gain":0.0,"event_name":"Falling","player_choice":"Removed Skill","floor":39.0,"gold_loss":0.0,"damage_taken":0.0},{"damage_healed":0.0,"max_hp_gain":0.0,"max_hp_loss":0.0,"gold_gain":0.0,"event_name":"SensoryStone","player_choice":"Memory 3","floor":44.0,"gold_loss":0.0,"damage_taken":10.0}],"is_beta":false,"boss_relics":[{"not_picked":["Snecko Eye","hubris:Stopwatch"],"picked":"SlaversCollar"},{"not_picked":["hubris:RunicObelisk","hubris:TerracottaHorce"],"picked":"Calling Bell"}],"items_purged_floors":[0],"is_endless":false,"potions_floor_spawned":[1,5,6,10,16,22,23,25,28,29,33,35,40,42,54],"ascension_level":8}}