{"host":"sav7uxregyirlf69","time":1613474426,"event":{"mods":["AchievementEnabler","BaseMod","Colored Map","DeckTracker","Hermit","Keyboard Shortcuts","Minty Spire (QoL Compilation)","READ ME - Guardian Mod","StSLib","SuperFastMode"],"gold_per_floor":[110,128,147,72,84,118,118,118,118,148,56,73,73,93,93,195,195,205,205,224,237,237,237],"floor_reached":22,"language":"KOR","playtime":643,"items_purged":["hermit:Strike_Hermit"],"score":248,"play_id":"51a7fee3-acf1-49c9-8770-130a77d2c584","local_time":"20210216202026","is_ascension_mode":true,"campfire_choices":[{"data":"hermit:ShadowCloak","floor":8,"key":"SMITH"},{"data":"hermit:Brawl","floor":15,"key":"SMITH"}],"circlet_count":0,"master_deck":["hermit:Strike_Hermit","hermit:Strike_Hermit","hermit:Strike_Hermit","hermit:Defend_Hermit","hermit:Defend_Hermit","hermit:Defend_Hermit","hermit:Snapshot","hermit:Covet+1","Doubt","hermit:Roughhouse","hermit:ShadowCloak+1","hermit:Horror","hermit:Ricochet","hermit:Brawl+1","Flash of Steel","hermit:LowProfile","hermit:Virtue"],"relics":["hermit:Momento","Peace Pipe","Eternal Feather","Singing Bowl","Philosopher\u0027s Stone"],"acts_visited":["Exordium","TheCity"],"potions_floor_usage":[6,10],"damage_taken":[{"damage":0,"enemies":"Cultist","floor":1,"turns":4},{"damage":12,"enemies":"Small Slimes","floor":2,"turns":4},{"damage":1,"enemies":"2 Louse","floor":3,"turns":2},{"damage":13,"enemies":"Red Slaver","floor":5,"turns":4},{"damage":5,"enemies":"Lagavulin","floor":6,"turns":6},{"damage":18,"enemies":"Gremlin Nob","floor":10,"turns":3},{"damage":1,"enemies":"2 Fungi Beasts","floor":12,"turns":3},{"damage":12,"enemies":"Looter","floor":14,"turns":3},{"damage":39,"enemies":"Slime Boss","floor":16,"turns":9},{"damage":16,"enemies":"Spheric Guardian","floor":18,"turns":5},{"damage":20,"enemies":"Chosen","floor":20,"turns":5},{"damage":9,"enemies":"Centurion and Healer","floor":21,"turns":7},{"damage":27,"enemies":"Sentry and Sphere","floor":22,"turns":3}],"seed_played":"-4770754499334997773","potions_obtained":[{"floor":2,"key":"Energy Potion"},{"floor":3,"key":"SneckoOil"},{"floor":6,"key":"SpeedPotion"},{"floor":12,"key":"SteroidPotion"},{"floor":20,"key":"SteroidPotion"}],"is_trial":false,"path_per_floor":["M","M","M","$","M","E","?","R","T","E","$","M","?","M","R","B",null,"M","?","M","M","M"],"character_chosen":"HERMIT","items_purchased":["Flash of Steel"],"campfire_rested":0,"item_purchase_floors":[11],"current_hp_per_floor":[75,63,62,62,49,44,44,44,44,28,28,29,55,45,54,17,67,51,51,33,24,0,0],"gold":237,"neow_bonus":"THREE_RARE_CARDS","is_daily":false,"chose_seed":false,"campfire_upgraded":2,"win_rate":0.0,"timestamp":1613474426,"path_taken":["M","?","M","$","M","E","?","R","T","E","?","M","?","M","R","BOSS","M","?","M","?","M"],"items_purchased_type":["Card"],"build_version":"2020-12-22","purchased_purges":1,"victory":false,"max_hp_per_floor":[75,75,75,75,75,75,75,75,75,77,77,79,79,81,81,83,83,83,83,85,85,85,85],"card_choices":[{"not_picked":["hermit:Magnum","hermit:OverwhelmingPower"],"picked":"hermit:Roughhouse","floor":0},{"not_picked":["hermit:Midnight","hermit:ItchyTrigger","hermit:Quickdraw"],"picked":"SKIP","floor":1},{"not_picked":["hermit:Showdown","hermit:BodyArmor"],"picked":"hermit:ShadowCloak","floor":2},{"not_picked":["hermit:Quickdraw","hermit:HighCaliber"],"picked":"hermit:Horror","floor":3},{"not_picked":["hermit:ItchyTrigger","hermit:BigShot","hermit:WideOpen"],"picked":"SKIP","floor":5},{"not_picked":["hermit:FlashPowder","hermit:HighCaliber"],"picked":"hermit:Ricochet","floor":6},{"not_picked":["hermit:Roulette","hermit:Snipe","hermit:FullyLoaded"],"picked":"Singing Bowl","floor":10},{"not_picked":["hermit:BodyArmor","hermit:BigShot","hermit:FromBeyond"],"picked":"Singing Bowl","floor":12},{"not_picked":["hermit:ItchyTrigger","hermit:FullyLoaded","hermit:Showdown"],"picked":"Singing Bowl","floor":14},{"not_picked":["hermit:Roughhouse","hermit:FromBeyond","hermit:Adapt"],"picked":"Singing Bowl","floor":16},{"not_picked":["hermit:Misfire","hermit:Snipe+1"],"picked":"hermit:LowProfile","floor":18},{"not_picked":["hermit:ShadowCloak+1","hermit:PistolWhip","hermit:ItchyTrigger"],"picked":"Singing Bowl","floor":20},{"not_picked":["hermit:HighCaliber","hermit:Cheat"],"picked":"hermit:Virtue","floor":21}],"player_experience":1620932,"relics_obtained":[{"floor":6,"key":"Peace Pipe"},{"floor":9,"key":"Eternal Feather"},{"floor":10,"key":"Singing Bowl"}],"event_choices":[{"damage_healed":0,"gold_gain":0,"cards_transformed":["hermit:Defend_Hermit"],"player_choice":"Transformed","damage_taken":0,"max_hp_gain":0,"max_hp_loss":0,"event_name":"Transmorgrifier","floor":7,"gold_loss":0,"cards_obtained":["hermit:Brawl"]},{"damage_healed":26,"gold_gain":0,"player_choice":"Banana","damage_taken":0,"max_hp_gain":0,"max_hp_loss":0,"event_name":"Big Fish","floor":13,"gold_loss":0},{"damage_healed":0,"gold_gain":0,"player_choice":"Upgraded","damage_taken":0,"max_hp_gain":0,"max_hp_loss":0,"event_name":"Upgrade Shrine","floor":19,"gold_loss":0,"cards_upgraded":["hermit:Covet"]}],"is_beta":false,"boss_relics":[{"not_picked":["Snecko Eye","Busted Crown"],"picked":"Philosopher\u0027s Stone"}],"items_purged_floors":[4],"is_endless":false,"potions_floor_spawned":[2,3,6,12,20],"killed_by":"Sentry and Sphere","ascension_level":5}}