{"host":"ibckqdmmf9y74ymf","time":1613500821,"event":{"mods":["2.2 Compatiblity","BaseMod","Colored Map","Curses Come First","Highlight Path","Minty Spire (QoL Compilation)","Quick Restart","Rare Cards Sparkle","Relic Stats","StSLib"],"gold_per_floor":[116,129,142,159,159,159,0,0,0],"floor_reached":8,"language":"ENG","playtime":208,"items_purged":["Defend_P"],"score":96,"play_id":"a4dfa5cc-16f8-4006-8798-48d68c460a76","local_time":"20210216194021","is_ascension_mode":true,"campfire_choices":[{"floor":6.0,"key":"REST"}],"circlet_count":0,"master_deck":["AscendersBane","Strike_P","Strike_P","Strike_P","Strike_P","Defend_P","Defend_P","Defend_P","Eruption","Vigilance","Worship","FollowUp","CrushJoints","Meditate","Tantrum"],"relics":["Fusion Hammer","Juzu Bracelet"],"acts_visited":["Exordium"],"potions_floor_usage":[],"damage_taken":[{"damage":0.0,"enemies":"2 Louse","floor":1.0,"turns":4.0},{"damage":7.0,"enemies":"Cultist","floor":2.0,"turns":3.0},{"damage":4.0,"enemies":"Small Slimes","floor":3.0,"turns":2.0},{"damage":23.0,"enemies":"Exordium Wildlife","floor":4.0,"turns":6.0},{"damage":0,"enemies":"Gremlin Nob","floor":8,"turns":1}],"seed_played":"-5473204220215297512","potions_obtained":[{"floor":1.0,"key":"BlessingOfTheForge"},{"floor":3.0,"key":"Fire Potion"}],"is_trial":false,"path_per_floor":["M","M","M","M","?","R","$","E"],"character_chosen":"WATCHER","items_purchased":["Tantrum"],"campfire_rested":1,"item_purchase_floors":[7],"current_hp_per_floor":[61,54,50,27,9,29,29,29,29],"gold":0,"neow_bonus":"BOSS_RELIC","is_daily":false,"chose_seed":false,"campfire_upgraded":0,"win_rate":0.0,"timestamp":1613500821,"path_taken":["M","M","M","M","?","R","$","E"],"items_purchased_type":["Card"],"build_version":"2020-12-22","purchased_purges":1,"victory":false,"max_hp_per_floor":[68,68,68,68,68,68,68,68,68],"relic_stats":{"counters":[5,15],"Juzu Bracelet":0,"obtain_stats":[{"Fusion Hammer":0,"Juzu Bracelet":5,"PureWater":0},{"Fusion Hammer":0,"Juzu Bracelet":4,"PureWater":0},{"Fusion Hammer":0,"Juzu Bracelet":15,"PureWater":0}]},"card_choices":[{"not_picked":["Prostrate","ClearTheMind"],"picked":"Worship","floor":1.0},{"not_picked":["Study","Evaluate"],"picked":"FollowUp","floor":2.0},{"not_picked":["Evaluate","ForeignInfluence"],"picked":"CrushJoints","floor":3.0},{"not_picked":["FollowUp","CutThroughFate"],"picked":"Meditate","floor":4.0}],"player_experience":732151,"relics_obtained":[],"event_choices":[{"damage_healed":0.0,"max_hp_gain":0.0,"max_hp_loss":0.0,"gold_gain":0.0,"event_name":"Scrap Ooze","player_choice":"Success","floor":5.0,"gold_loss":0.0,"damage_taken":18.0,"relics_obtained":["Juzu Bracelet"]}],"is_beta":false,"boss_relics":[],"items_purged_floors":[7],"is_endless":false,"potions_floor_spawned":[1,3],"killed_by":"Gremlin Nob","ascension_level":20}}