{"host":"rs956zbefct9hzhl","time":1613509397,"event":{"mods":["BaseMod","BetterRewards","Downfall","Minty Spire (QoL Compilation)","Shop Mod","Spikes Relics","StSLib"],"gold_per_floor":[99,116,101,119,569,744,768,265,283,296,396,424,67,67,89,89,89,89],"floor_reached":16,"language":"ENG","playtime":898,"items_purged":["Doubt","downfall:Icky"],"score":100,"play_id":"68e118e4-c731-4fcb-8087-2747efb2579e","local_time":"20210216220317","is_ascension_mode":false,"campfire_choices":[{"floor":1,"key":"RECALL"}],"circlet_count":0,"master_deck":["hexamod:Strike","hexamod:Strike+1","hexamod:Strike+1","hexamod:Strike","hexamod:Defend","hexamod:Defend","hexamod:Defend","hexamod:Defend","hexamod:Sear","hexamod:Float","hexamod:GhostflameInferno","hexamod:DynamicBlow","hexamod:StepThrough","hexamod:ThirdSeal","downfall:Icky","downfall:Icky","hexamod:Hexaguard","hexamod:SkipABeat","hexamod:FlamesFromBeyond","hexamod:ExtraCrispy","hexamod:RecurringNightmare","hexamod:CatchUp","hexamod:SpectralAdrenaline","hexamod:ForkedFlame","hexamod:FastForward","hexamod:SecondSeal"],"relics":["hexamod:SpiritBrand","Whetstone","SpikesRelics:DaevaFist","Ice Cream","Molten Egg 2","downfall:BrokenWingStatue"],"acts_visited":["Exordium"],"potions_floor_usage":[8,15],"damage_taken":[{"damage":0,"enemies":"2 Louse","floor":2,"turns":2},{"damage":0,"enemies":"downfall:FleeingMerchant","floor":3,"turns":4},{"damage":0,"enemies":"Jaw Worm","floor":4,"turns":3},{"damage":0,"enemies":"downfall:FleeingMerchant","floor":8,"turns":4},{"damage":1,"enemies":"Cultist","floor":9,"turns":3},{"damage":14,"enemies":"2 Fungi Beasts","floor":10,"turns":3},{"damage":35,"enemies":"3 Sentries","floor":12,"turns":10},{"damage":1,"enemies":"downfall:FleeingMerchant","floor":13,"turns":4},{"damage":8,"enemies":"Red Slaver","floor":15,"turns":2},{"damage":5,"enemies":"IC_STATUS_ARCHETYPE","floor":16,"turns":2}],"seed_played":"7601505328346066289","potions_obtained":[{"floor":2,"key":"BlessingOfTheForge"},{"floor":4,"key":"Ancient Potion"},{"floor":10,"key":"Ancient Potion"},{"floor":12,"key":"AttackPotion"}],"is_trial":false,"path_per_floor":["R","M","$","M","?","?","T","$","M","M","?","E","$","?","M","B"],"character_chosen":"THE_SPIRIT","items_purchased":["hexamod:FlamesFromBeyond","hexamod:ExtraCrispy","Whetstone","SpikesRelics:DaevaFist","Molten Egg 2"],"campfire_rested":0,"item_purchase_floors":[8,8,8,8,13],"current_hp_per_floor":[63,63,63,63,63,63,63,63,62,48,48,13,12,12,4,0,0,0],"gold":89,"neow_bonus":"THREE_RARE_CARDS","is_daily":false,"chose_seed":false,"campfire_upgraded":0,"win_rate":0.0,"timestamp":1613509397,"path_taken":["R","M","$","M","?","?","T","?","M","?","?","E","$","?","M","BOSS"],"items_purchased_type":["Card","Card","Relic","Relic","Relic"],"build_version":"2020-12-22","purchased_purges":2,"victory":false,"max_hp_per_floor":[63,63,63,63,63,63,63,63,63,63,63,63,63,63,63,63,63,63],"card_choices":[{"not_picked":["hexamod:GhostOfSpirePresent","hexamod:UnleashSpirits"],"picked":"hexamod:GhostflameInferno","floor":0},{"not_picked":["hexamod:PhantomFireball","hexamod:HauntingEcho"],"picked":"hexamod:DynamicBlow","floor":2},{"not_picked":["hexamod:GhostOfSpirePast","hexamod:InspiringFlames"],"picked":"hexamod:StepThrough","floor":3},{"not_picked":["hexamod:PhantomCloak","hexamod:SwordOfDarkness"],"picked":"hexamod:ThirdSeal","floor":4},{"not_picked":["hexamod:SwordOfDarkness","hexamod:GhostShield"],"picked":"hexamod:Hexaguard","floor":8},{"not_picked":["hexamod:NightmareGuise","hexamod:GhostOfSpirePresent"],"picked":"hexamod:SkipABeat","floor":8},{"not_picked":["hexamod:NightmareGuise","hexamod:GhostShield"],"picked":"hexamod:RecurringNightmare","floor":9},{"not_picked":["hexamod:BacktrackSmack","hexamod:RetreatToShadows"],"picked":"hexamod:CatchUp","floor":10},{"not_picked":["hexamod:Firestarter","hexamod:GhostShield","hexamod:StepThrough"],"picked":"SKIP","floor":10},{"not_picked":["hexamod:NecessarySacrifice","hexamod:GhostShield"],"picked":"hexamod:SpectralAdrenaline","floor":12},{"not_picked":["hexamod:HeatMetal","hexamod:Rewind"],"picked":"hexamod:ForkedFlame","floor":12},{"not_picked":["hexamod:Firestarter","hexamod:PhantomFireball"],"picked":"hexamod:FastForward","floor":13},{"not_picked":["hexamod:Again","hexamod:ShieldOfDarkness"],"picked":"hexamod:SecondSeal","floor":13},{"not_picked":["hexamod:FastForward","hexamod:SwordOfDarkness+1","hexamod:EmpoweredFlame"],"picked":"SKIP","floor":15}],"player_experience":518948,"relics_obtained":[{"floor":12,"key":"Ice Cream"}],"event_choices":[],"is_beta":false,"boss_relics":[],"items_purged_floors":[8,13],"is_endless":false,"potions_floor_spawned":[2,4,10,12],"killed_by":"IC_STATUS_ARCHETYPE","ascension_level":0}}