{"host":"5h6e4l6hpn0p5lap","time":1613444172,"event":{"mods":["AchievementEnabler","BaseMod","Better Altar","Better Match","Better Sensory Stone","Better Skull","Better Third Choice","Colored Map","Filter the Spire","Minty Spire (QoL Compilation)","StSLib"],"gold_per_floor":[115,131,131,56,32,57,70,105,105,105,117,178,178,205,205,300,300,315,333,361,361,50,50,62,62,62,78,89,112,129,79,79,79,79],"floor_reached":33,"language":"ENG","playtime":992,"items_purged":["Decay","Strike_G"],"score":421,"play_id":"de11b36b-e3e8-421d-9dd6-e5412611e98a","local_time":"20210215215612","is_ascension_mode":true,"campfire_choices":[{"data":"Envenom","floor":10,"key":"SMITH"},{"floor":13,"key":"REST"},{"data":"Sucker Punch","floor":15,"key":"SMITH"},{"floor":23,"key":"REST"},{"data":"Deadly Poison","floor":25,"key":"SMITH"},{"floor":32,"key":"REST"}],"circlet_count":0,"master_deck":["Strike_G","Strike_G","Strike_G","Defend_G","Defend_G","Defend_G","Defend_G","Defend_G","Survivor","Neutralize","Cloak And Dagger","Deadly Poison+1","Crippling Poison","Deadly Poison+1","Sucker Punch+1","Well Laid Plans","Envenom+1","Dagger Spray","Masterful Stab","All Out Attack","Corpse Explosion","Panache","Footwork","Flechettes+1","Calculated Gamble"],"relics":["Ring of the Serpent","NeowsBlessing","Dead Branch","Shuriken","Ninja Scroll","Akabeko","Smiling Mask","Red Mask","Molten Egg 2","Potion Belt"],"acts_visited":["Exordium","TheCity"],"potions_floor_usage":[8,12,18],"damage_taken":[{"damage":0,"enemies":"2 Louse","floor":1,"turns":1},{"damage":0,"enemies":"Jaw Worm","floor":2,"turns":1},{"damage":0,"enemies":"Lagavulin","floor":6,"turns":1},{"damage":1,"enemies":"Cultist","floor":7,"turns":4},{"damage":6,"enemies":"3 Sentries","floor":8,"turns":6},{"damage":4,"enemies":"Lots of Slimes","floor":11,"turns":2},{"damage":22,"enemies":"Lagavulin Event","floor":12,"turns":4},{"damage":15,"enemies":"Gremlin Nob","floor":14,"turns":4},{"damage":13,"enemies":"Hexaghost","floor":16,"turns":9},{"damage":8,"enemies":"2 Thieves","floor":18,"turns":3},{"damage":0,"enemies":"Chosen","floor":19,"turns":3},{"damage":19,"enemies":"Masked Bandits","floor":20,"turns":3},{"damage":4,"enemies":"Centurion and Healer","floor":24,"turns":2},{"damage":21,"enemies":"Snake Plant","floor":27,"turns":5},{"damage":0,"enemies":"3 Cultists","floor":28,"turns":2},{"damage":21,"enemies":"Sentry and Sphere","floor":30,"turns":4},{"damage":0,"enemies":"Champ","floor":33,"turns":1}],"seed_played":"-4596740901051961066","potions_obtained":[{"floor":2,"key":"Swift Potion"},{"floor":6,"key":"Explosive Potion"},{"floor":8,"key":"SteroidPotion"},{"floor":12,"key":"Block Potion"},{"floor":24,"key":"SmokeBomb"}],"is_trial":false,"path_per_floor":["M","M","?","?","$","E","M","E","T","R","M","?","R","E","R","B",null,"M","M","?","?","$","R","M","R","T","M","M","T","M","$","R","B"],"character_chosen":"THE_SILENT","items_purchased":["Sucker Punch","Panache","Footwork"],"campfire_rested":3,"item_purchase_floors":[5,22,22],"current_hp_per_floor":[63,63,63,63,63,63,62,56,56,56,52,30,51,36,36,23,58,50,50,31,31,31,52,48,48,48,27,27,27,6,6,27,27,27],"gold":79,"neow_bonus":"THREE_ENEMY_KILL","is_daily":false,"chose_seed":false,"campfire_upgraded":3,"win_rate":0.0,"timestamp":1613444172,"path_taken":["M","M","?","?","$","E","M","E","T","R","?","?","R","E","R","BOSS","M","M","?","?","$","R","M","R","T","M","M","?","M","?","R","BOSS"],"items_purchased_type":["Card","Card","Card"],"build_version":"2020-12-22","purchased_purges":2,"victory":false,"max_hp_per_floor":[70,70,70,70,70,70,70,70,70,70,70,70,70,70,70,70,70,70,70,70,70,70,70,70,70,70,70,70,70,70,70,70,70,70],"card_choices":[{"not_picked":["Poisoned Stab","Underhanded Strike"],"picked":"Cloak And Dagger","floor":1},{"not_picked":["Underhanded Strike","Sucker Punch"],"picked":"Deadly Poison","floor":2},{"not_picked":["Underhanded Strike+1","Outmaneuver+1"],"picked":"Deadly Poison+1","floor":4},{"not_picked":["Dodge and Roll","Finisher"],"picked":"Well Laid Plans","floor":6},{"not_picked":["Dagger Throw","Deflect"],"picked":"Envenom","floor":7},{"not_picked":["Endless Agony","Underhanded Strike"],"picked":"Dagger Spray","floor":8},{"not_picked":["PiercingWail","Dodge and Roll"],"picked":"Masterful Stab","floor":11},{"not_picked":["Deflect","PiercingWail"],"picked":"All Out Attack","floor":14},{"not_picked":["Phantasmal Killer","Venomology"],"picked":"Corpse Explosion","floor":16},{"not_picked":["Caltrops","Dagger Throw","Choke"],"picked":"SKIP","floor":18},{"not_picked":["Cloak And Dagger","Blade Dance","Dagger Throw"],"picked":"SKIP","floor":19},{"not_picked":["Well Laid Plans","Dagger Spray+1","Night Terror"],"picked":"SKIP","floor":24},{"not_picked":["Sucker Punch+1","Quick Slash+1","Choke+1"],"picked":"SKIP","floor":27},{"not_picked":["Outmaneuver","Blade Dance"],"picked":"Flechettes+1","floor":28},{"not_picked":["Backstab+1","Deflect"],"picked":"Calculated Gamble","floor":30}],"player_experience":1119983,"relics_obtained":[{"floor":6,"key":"Dead Branch"},{"floor":8,"key":"Shuriken"},{"floor":9,"key":"Ninja Scroll"},{"floor":12,"key":"Akabeko"},{"floor":14,"key":"Smiling Mask"},{"floor":20,"key":"Red Mask"},{"floor":26,"key":"Molten Egg 2"},{"floor":29,"key":"Potion Belt"}],"event_choices":[{"damage_healed":0,"gold_gain":0,"cards_transformed":["Strike_G"],"player_choice":"Change","damage_taken":0,"max_hp_gain":0,"max_hp_loss":0,"event_name":"Living Wall","floor":3,"gold_loss":0,"cards_obtained":["Crippling Poison"]},{"damage_healed":0,"gold_gain":0,"player_choice":"2","damage_taken":0,"max_hp_gain":0,"max_hp_loss":0,"event_name":"betterMatch:BetterMatch","floor":4,"gold_loss":0,"cards_obtained":["betterMatch:CommonCard"]},{"damage_healed":0,"gold_gain":0,"player_choice":"Searched \u00272\u0027 times","damage_taken":0,"max_hp_gain":0,"max_hp_loss":0,"event_name":"Dead Adventurer","floor":12,"gold_loss":0},{"damage_healed":0,"gold_gain":0,"player_choice":"Fought Bandits","damage_taken":0,"max_hp_gain":0,"max_hp_loss":0,"event_name":"Masked Bandits","floor":20,"gold_loss":0},{"damage_healed":0,"gold_gain":0,"player_choice":" Defy","damage_taken":0,"max_hp_gain":0,"max_hp_loss":0,"event_name":"betterAltar:BetterAltar","floor":21,"gold_loss":0,"cards_obtained":["Decay"]}],"is_beta":false,"boss_relics":[{"not_picked":["HoveringKite","Black Star"],"picked":"Ring of the Serpent"}],"items_purged_floors":[22,31],"is_endless":false,"potions_floor_spawned":[2,6,8,12,24],"killed_by":"Champ","ascension_level":9}}