{"host":"rygl6lff02urotq6","time":1613511232,"event":{"mods":["AchievementEnabler","BaseMod","Bestiary","Better Altar","Better Match","Better Note","Better Sensory Stone","Better Skull","Better Third Choice","BetterRewards","Colored Map","Colored Powertips","Curses Come First","DeckTracker","Downfall","Energized Spire","Hero for Fun","Mimic Mod","Minty Spire (QoL Compilation)","Quick Restart","Rare Cards Sparkle","Relic Sorter","Reliquary","Spicy Shops","StSLib","SuperFastMode","The Bug Knight","Transform Curses"],"gold_per_floor":[99,110,110,110,127,25,63,88,0,54,250,162,174,232,272,405,417,429,441,553,565,609,621,633,675,212,245,145,179,213,257,285,408,408,408,420,437,437,437,437],"floor_reached":38,"language":"ENG","playtime":4458,"items_purged":["Doubt"],"score":479,"play_id":"a5863d40-b819-4872-8fcb-677df401a053","local_time":"20210216163352","is_ascension_mode":false,"campfire_choices":[{"floor":1,"key":"RECALL"},{"floor":9,"key":"REST"},{"data":"hexamod:TimeOfNeed","floor":12,"key":"SMITH"},{"data":"hexamod:ThermalTransfer","floor":18,"key":"SMITH"},{"floor":23,"key":"REST"},{"floor":28,"key":"REST"},{"data":"hexamod:SearingWound","floor":35,"key":"SMITH"}],"circlet_count":0,"master_deck":["hexamod:Strike","hexamod:Strike","hexamod:Strike","hexamod:Defend","hexamod:Defend","hexamod:Defend","hexamod:Defend","hexamod:Sear","hexamod:Float","hexamod:SwordOfDarkness","hexamod:Defend","hexamod:SpectersWail","hexamod:NightmareStrike","hexamod:ThirdSeal","hexamod:ThermalTransfer+1","hexamod:ShieldOfDarkness+1","hexamod:ChargedBarrage","hexamod:HauntingEcho","hexamod:CatchUp","hexamod:TimeOfNeed+1","hexamod:NightmareGuise","hexamod:GhostflameBarrier","hexamod:ExtraCrispy","hexamod:GhostflameInferno","hexamod:SearingWound+1","hexamod:GhostShield","hexamod:SoulSteal","hexamod:FastForward","hexamod:GhostLash","hexamod:RadiantFlame","hexamod:BurningTouch","hexamod:DynamicBlow","hexamod:FirstSeal","hexamod:FourthSeal","hexamod:Rewind","hexamod:ThermalTransfer","hexamod:InspiringFlames","hexamod:ForkedFlame","hexamod:ShieldOfDarkness","hexamod:BurningTouch","hexamod:SwordOfDarkness+1","hexamod:SpectersWail+1","hexamod:HexaLevel","hexamod:TimeWarp","hexamod:RadiantFlame+1","hexamod:ShieldOfDarkness+1","hexamod:InspiringFlames+1","hexamod:FourthSeal","hexamod:SecondSeal"],"relics":["hexamod:SpiritBrand","MawBank","downfall:HeartBlessingRed","downfall:HeartBlessingGreen","Bag of Preparation","reliquary:KinkedSpring","downfall:HeartBlessingBlue","Prayer Wheel","reliquary:RedPaperclip"],"acts_visited":["Exordium","TheCity","TheBeyond"],"potions_floor_usage":[16,16,29,31,33,33,33],"damage_taken":[{"damage":4,"enemies":"Cultist","floor":2,"turns":4},{"damage":0,"enemies":"2 Louse","floor":5,"turns":2},{"damage":0,"enemies":"downfall:FleeingMerchant","floor":6,"turns":4},{"damage":4,"enemies":"Jaw Worm","floor":7,"turns":6},{"damage":1,"enemies":"Jaw Worm","floor":8,"turns":3},{"damage":20,"enemies":"3 Sentries","floor":10,"turns":7},{"damage":30,"enemies":"Gremlin Nob","floor":14,"turns":5},{"damage":0,"enemies":"2 Fungi Beasts","floor":15,"turns":3},{"damage":25,"enemies":"DF_ARCHETYPE_STREAMLINE","floor":16,"turns":9},{"damage":15,"enemies":"Spheric Guardian","floor":22,"turns":4},{"damage":17,"enemies":"Shell Parasite","floor":25,"turns":5},{"damage":0,"enemies":"downfall:FleeingMerchant","floor":26,"turns":4},{"damage":0,"enemies":"3 Cultists","floor":27,"turns":6},{"damage":1,"enemies":"Centurion and Healer","floor":29,"turns":6},{"damage":17,"enemies":"Cultist and Chosen","floor":30,"turns":6},{"damage":16,"enemies":"Book of Stabbing","floor":31,"turns":4},{"damage":0,"enemies":"3 Cultists","floor":32,"turns":3},{"damage":71,"enemies":"IC_MUSHROOM_ARCHETYPE","floor":33,"turns":8},{"damage":0,"enemies":"3 Shapes","floor":36,"turns":3},{"damage":36,"enemies":"3 Darklings","floor":37,"turns":8},{"damage":63,"enemies":"2 Orb Walkers","floor":38,"turns":3}],"seed_played":"-1280151175942824502","potions_obtained":[{"floor":2,"key":"SmokeBomb"},{"floor":10,"key":"Dexterity Potion"},{"floor":14,"key":"Weak Potion"},{"floor":15,"key":"Guardian:BlockOnCardUsePotion"},{"floor":27,"key":"champ:CounterPotion"},{"floor":29,"key":"ColorlessPotion"},{"floor":29,"key":"Strength Potion"},{"floor":30,"key":"hexamod:EctoCoolerPotion"},{"floor":31,"key":"ColorlessPotion"},{"floor":32,"key":"hexamod:EctoCoolerPotion"},{"floor":36,"key":"Energy Potion"}],"is_trial":false,"path_per_floor":["R","M","?","?","M","$","MIM","M","R","E","?","R","?","E","M","B",null,"R","?","?","?","M","R","T","M","$","M","R","M","M","E","M","B",null,"R","M","M","?"],"character_chosen":"THE_SPIRIT","items_purchased":["hexamod:ThirdSeal","hexamod:ThermalTransfer","Question Card","hexamod:DynamicBlow","EssenceOfSteel"],"campfire_rested":3,"item_purchase_floors":[6,6,26,26,26],"current_hp_per_floor":[77,73,73,73,73,73,69,68,77,57,57,57,57,27,27,2,77,77,77,77,69,54,77,77,60,60,60,87,87,77,68,75,11,87,87,87,58,0,0,0],"gold":437,"neow_bonus":"TEN_PERCENT_HP_BONUS","is_daily":false,"chose_seed":false,"campfire_upgraded":3,"win_rate":0.0,"timestamp":1613511232,"path_taken":["R","M","?","?","?","$","MIM","M","R","E","?","R","?","E","M","BOSS","R","?","?","?","M","R","T","?","$","?","R","M","M","E","M","BOSS","R","M","?","?"],"items_purchased_type":["Card","Card","Relic","Card","Potion"],"build_version":"2020-12-22","purchased_purges":1,"victory":false,"max_hp_per_floor":[77,77,77,77,77,77,77,77,77,77,77,77,77,77,77,77,77,77,77,77,77,77,77,77,77,77,77,87,87,87,87,87,87,87,87,87,87,87,87,87],"card_choices":[{"not_picked":["hexamod:Incineration","hexamod:GhostShield"],"picked":"hexamod:SwordOfDarkness","floor":2},{"not_picked":["hexamod:GhostLash","hexamod:GhostShield"],"picked":"hexamod:SpectersWail","floor":5},{"not_picked":["hexamod:ThermalTransfer","hexamod:GhostShield"],"picked":"hexamod:NightmareStrike","floor":6},{"not_picked":["hexamod:FirstSeal","hexamod:SwordOfDarkness"],"picked":"hexamod:ShieldOfDarkness","floor":7},{"not_picked":["hexamod:HeatMetal","hexamod:NightmareGuise"],"picked":"hexamod:HeatCrush","floor":7},{"not_picked":["hexamod:SkipABeat","hexamod:GhostShield"],"picked":"hexamod:ChargedBarrage","floor":8},{"not_picked":["hexamod:RetreatToShadows","hexamod:SwordOfDarkness"],"picked":"hexamod:HauntingEcho","floor":8},{"not_picked":["hexamod:Hexaguard","hexamod:Incineration"],"picked":"hexamod:CatchUp","floor":10},{"not_picked":["hexamod:SkipABeat","hexamod:GhostOfSpirePast"],"picked":"hexamod:TimeOfNeed","floor":10},{"not_picked":["hexamod:SkipABeat","hexamod:PhantomCloak"],"picked":"hexamod:NightmareGuise","floor":14},{"not_picked":["hexamod:Again","hexamod:FastForward"],"picked":"hexamod:GhostflameBarrier","floor":14},{"not_picked":["hexamod:HeatCrush","hexamod:Hexaguard"],"picked":"hexamod:ExtraCrispy","floor":15},{"not_picked":["hexamod:WildfireWeapon","hexamod:TimeOfNeed"],"picked":"hexamod:GhostflameInferno","floor":16},{"not_picked":["hexamod:ForkedFlame","hexamod:HexaLevel"],"picked":"hexamod:SearingWound","floor":16},{"not_picked":["hexamod:CatchUp+1","hexamod:SpectersWail"],"picked":"hexamod:GhostShield","floor":22},{"not_picked":["hexamod:SecondSeal","hexamod:GhostShield"],"picked":"hexamod:SoulSteal","floor":22},{"not_picked":["hexamod:AdvancingGuard","hexamod:ShieldOfDarkness"],"picked":"hexamod:FastForward","floor":25},{"not_picked":["hexamod:ExtraCrispy","hexamod:Incineration+1"],"picked":"hexamod:GhostLash","floor":25},{"not_picked":["hexamod:BacktrackSmack+1","hexamod:ShieldOfDarkness"],"picked":"hexamod:RadiantFlame","floor":26},{"not_picked":["hexamod:TurnItUp","hexamod:GhostLash"],"picked":"hexamod:BurningTouch","floor":26},{"not_picked":["hexamod:ShieldOfDarkness","hexamod:Firestarter","hexamod:Hexaguard+1"],"picked":"hexamod:FirstSeal","floor":27},{"not_picked":["hexamod:Hexaguard","hexamod:ShieldOfDarkness","hexamod:GhostflameBarrier"],"picked":"hexamod:FourthSeal","floor":27},{"not_picked":["hexamod:Hexaguard","hexamod:ShieldOfDarkness","hexamod:RetreatToShadows+1"],"picked":"hexamod:Rewind","floor":29},{"not_picked":["hexamod:RecurringNightmare+1","hexamod:RainOfEmbers","hexamod:AdvancingGuard"],"picked":"hexamod:ThermalTransfer","floor":29},{"not_picked":["hexamod:SwordOfDarkness","hexamod:GhostLash+1","hexamod:ThermalTransfer"],"picked":"hexamod:InspiringFlames","floor":30},{"not_picked":["hexamod:GhostOfSpireFuture","hexamod:ExtraCrispy","hexamod:GhostOfSpirePast+1"],"picked":"hexamod:ForkedFlame","floor":30},{"not_picked":["hexamod:HauntingEcho","hexamod:SearingWound","hexamod:TurnItUp"],"picked":"hexamod:ShieldOfDarkness","floor":31},{"not_picked":["hexamod:BacktrackSmack","hexamod:RadiantFlame","hexamod:GhostOfSpireFuture"],"picked":"hexamod:BurningTouch","floor":31},{"not_picked":["hexamod:HeatCrush","hexamod:SpectersWail","hexamod:NightmareGuise+1"],"picked":"hexamod:SwordOfDarkness+1","floor":32},{"not_picked":["hexamod:Hexaguard","hexamod:BurningTouch","hexamod:GhostLash"],"picked":"hexamod:SpectersWail+1","floor":32},{"not_picked":["hexamod:UnlimitedPower","hexamod:ParanormalForm","hexamod:TimeOfNeed"],"picked":"hexamod:HexaLevel","floor":33},{"not_picked":["hexamod:UnleashSpirits","hexamod:TurnItUp","hexamod:ForkedFlame"],"picked":"hexamod:TimeWarp","floor":33},{"not_picked":["hexamod:NightmareStrike","hexamod:SkipABeat"],"picked":"hexamod:RadiantFlame+1","floor":36},{"not_picked":["hexamod:PhantomCloak+1","hexamod:NecessarySacrifice+1"],"picked":"hexamod:ShieldOfDarkness+1","floor":36},{"not_picked":["hexamod:InspiringFlames+1","hexamod:HeatMetal","hexamod:BurningTouch"],"picked":"SKIP","floor":36},{"not_picked":["hexamod:HeatMetal","hexamod:BurningTouch"],"picked":"hexamod:InspiringFlames+1","floor":36},{"not_picked":["hexamod:GhostOfSpirePast","hexamod:GhostLash"],"picked":"hexamod:FourthSeal","floor":37},{"not_picked":["hexamod:HeatMetal","hexamod:EmpoweredFlame"],"picked":"hexamod:SecondSeal","floor":37}],"player_experience":347393,"relics_obtained":[{"floor":7,"key":"MawBank"},{"floor":10,"key":"CeramicFish"},{"floor":14,"key":"Bag of Preparation"},{"floor":31,"key":"Prayer Wheel"}],"event_choices":[{"cards_removed":["hexamod:HeatCrush"],"damage_healed":0,"gold_gain":0,"player_choice":"Offered Uncommon","damage_taken":0,"max_hp_gain":0,"max_hp_loss":0,"event_name":"Bonfire Elementals","floor":19,"gold_loss":0},{"damage_healed":0,"gold_gain":0,"player_choice":"Fight","damage_taken":0,"max_hp_gain":0,"max_hp_loss":0,"event_name":"Mysterious Sphere","floor":38,"gold_loss":0}],"is_beta":false,"boss_relics":[{"not_picked":["SlaversCollar","Tiny House"],"picked":"reliquary:KinkedSpring"},{"not_picked":["energizedSpire:DeadBattery","Runic Dome"],"picked":"reliquary:RedPaperclip"}],"items_purged_floors":[26],"is_endless":false,"potions_floor_spawned":[2,10,14,15,27,29,30,32],"killed_by":"2 Orb Walkers","ascension_level":0}}