{"host":"6q94iy5iz6612v89","time":1613461655,"event":{"mods":["2.2 Compatiblity","AchievementEnabler","BaseMod","Colored Map","DeckTracker","Keyboard Shortcuts","Minty Spire (QoL Compilation)","Permanent Neow","StSLib","SuperFastMode"],"gold_per_floor":[111,128,141,153,177,208,133,133,133,133,33,64,76,87,87,164,164,176,190,210,9,59,59,78,92,118,118,118,132,132,132],"floor_reached":30,"language":"KOR","playtime":1235,"items_purged":["Strike_R","Strike_R","Strike_R"],"score":488,"play_id":"b31b7f8f-b8d0-4061-b7a2-a85dcc4a1216","local_time":"20210216164735","is_ascension_mode":true,"campfire_choices":[{"data":"Rampage","floor":8,"key":"SMITH"},{"data":"Cleave","floor":15,"key":"SMITH"},{"floor":23,"key":"REST"},{"floor":27,"key":"REST"}],"circlet_count":0,"master_deck":["AscendersBane","Strike_R","Defend_R","Defend_R","Defend_R","Defend_R","Bash","Rampage+1","Shrug It Off","Cleave+1","Offering+1","Pommel Strike","True Grit+1","Second Wind","Evolve","Power Through"],"relics":["Burning Blood","Blood Vial","Oddly Smooth Stone","Sundial","Sozu","Tiny Chest"],"acts_visited":["Exordium","TheCity"],"potions_floor_usage":[18],"damage_taken":[{"damage":1,"enemies":"Cultist","floor":1,"turns":3},{"damage":4,"enemies":"Jaw Worm","floor":2,"turns":6},{"damage":7,"enemies":"Small Slimes","floor":3,"turns":3},{"damage":15,"enemies":"Red Slaver","floor":4,"turns":3},{"damage":28,"enemies":"Lagavulin","floor":6,"turns":6},{"damage":17,"enemies":"Gremlin Nob","floor":12,"turns":3},{"damage":6,"enemies":"Blue Slaver","floor":13,"turns":2},{"damage":6,"enemies":"Lots of Slimes","floor":14,"turns":2},{"damage":16,"enemies":"The Guardian","floor":16,"turns":9},{"damage":8,"enemies":"Spheric Guardian","floor":18,"turns":3},{"damage":22,"enemies":"2 Thieves","floor":19,"turns":4},{"damage":27,"enemies":"Sentry and Sphere","floor":20,"turns":7},{"damage":18,"enemies":"Snecko","floor":24,"turns":4},{"damage":34,"enemies":"3 Cultists","floor":25,"turns":5},{"damage":25,"enemies":"Snake Plant","floor":29,"turns":5},{"damage":24,"enemies":"Chosen and Byrds","floor":30,"turns":3}],"seed_played":"3852030775460188673","potions_obtained":[{"floor":2,"key":"SkillPotion"},{"floor":3,"key":"SpeedPotion"}],"is_trial":false,"path_per_floor":["M","M","M","M","T","E","$","R","T","?","$","E","M","M","R","B",null,"M","M","M","$","?","R","M","M","T","R","$","M","M"],"character_chosen":"IRONCLAD","items_purchased":["Evolve"],"campfire_rested":2,"item_purchase_floors":[21],"current_hp_per_floor":[73,75,74,65,65,45,45,45,45,45,45,36,38,40,40,32,64,64,50,31,31,31,53,43,17,17,39,39,22,0,0],"gold":132,"neow_bonus":"TRANSFORM_CARD","is_daily":false,"chose_seed":false,"campfire_upgraded":2,"win_rate":0.0,"timestamp":1613461655,"path_taken":["M","M","?","M","?","E","$","R","T","?","$","E","M","M","R","BOSS","M","?","M","$","?","R","M","M","T","R","$","?","M"],"items_purchased_type":["Card"],"build_version":"2020-12-22","purchased_purges":3,"victory":false,"max_hp_per_floor":[75,75,75,75,75,75,75,75,75,75,75,75,75,75,75,75,75,75,75,75,75,75,75,75,75,75,75,75,75,75,75],"card_choices":[{"not_picked":["Rupture","Reckless Charge"],"picked":"Shrug It Off","floor":1},{"not_picked":["Body Slam","Perfected Strike"],"picked":"Cleave","floor":2},{"not_picked":["Blood for Blood","Dropkick","Bloodletting"],"picked":"SKIP","floor":3},{"not_picked":["Reckless Charge","Body Slam"],"picked":"Offering","floor":4},{"not_picked":["Clash","Headbutt","Disarm"],"picked":"SKIP","floor":6},{"not_picked":["Headbutt","Seeing Red","Rampage"],"picked":"SKIP","floor":12},{"not_picked":["Sentinel","Warcry","Clash"],"picked":"SKIP","floor":13},{"not_picked":["Body Slam","Dual Wield"],"picked":"Pommel Strike","floor":14},{"not_picked":["Burning Pact","Dark Embrace"],"picked":"True Grit+1","floor":18},{"not_picked":["Clash","Sentinel","Heavy Blade"],"picked":"SKIP","floor":19},{"not_picked":["Combust","Ghostly Armor"],"picked":"Second Wind","floor":20},{"not_picked":["Iron Wave","Pommel Strike","Dual Wield"],"picked":"SKIP","floor":24},{"not_picked":["Shrug It Off","Shockwave","Flex"],"picked":"SKIP","floor":25},{"not_picked":["True Grit","Sword Boomerang"],"picked":"Power Through","floor":29}],"player_experience":1488175,"relics_obtained":[{"floor":5,"key":"Blood Vial"},{"floor":6,"key":"Oddly Smooth Stone"},{"floor":12,"key":"Sundial"},{"floor":26,"key":"Tiny Chest"}],"event_choices":[{"damage_healed":0,"gold_gain":0,"player_choice":"Forge","damage_taken":0,"max_hp_gain":0,"max_hp_loss":0,"event_name":"Accursed Blacksmith","floor":10,"gold_loss":0,"cards_upgraded":["Offering"]},{"damage_healed":0,"gold_gain":50,"player_choice":"Pray","damage_taken":0,"max_hp_gain":0,"max_hp_loss":0,"event_name":"Golden Shrine","floor":22,"gold_loss":0}],"is_beta":false,"boss_relics":[{"not_picked":["Snecko Eye","Velvet Choker"],"picked":"Sozu"}],"items_purged_floors":[7,11,21],"is_endless":false,"potions_floor_spawned":[2,3,13,14,18,20,25],"killed_by":"Chosen and Byrds","ascension_level":20}}