{"host":"ve9aztkoyqeblvav","time":1613484040,"event":{"mods":["Act Like it!","Aspiration","BaseMod","Colored Map","Colored Powertips","Highlight Path","Minty Spire (QoL Compilation)","Pale of the Ancients","Quick Restart","Reorder Act Four","StSLib","The Hierophant","Waifu the Spire"],"gold_per_floor":[16,16,33,44,44,44,62,108,135,135,3,3,20,35,35,111,111,130,130,146,46,59,59,75,92,117,117,7,24,43,61,61,140,140,154,236,111,127,146,146,146,146,169,195,205,215,244,244,244,244,244],"floor_reached":50,"language":"ZHS","playtime":2889,"items_purged":["Strike_G","Pain","Strike_G"],"score":1021,"play_id":"384f7983-1b23-4a0d-97e9-3a9852d36d1d","local_time":"20210216220040","is_ascension_mode":true,"campfire_choices":[{"data":"Neutralize","floor":6.0,"key":"SMITH"},{"data":"Crippling Poison","floor":10.0,"key":"SMITH"},{"data":"Blade Dance","floor":15.0,"key":"SMITH"},{"floor":23.0,"key":"REST"},{"floor":32.0,"key":"REST"},{"data":"Well Laid Plans","floor":40.0,"key":"SMITH"},{"data":"Tools of the Trade","floor":42.0,"key":"SMITH"},{"floor":49,"key":"RECALL"}],"circlet_count":0,"master_deck":["AscendersBane","Defend_G","Defend_G+1","Defend_G","Defend_G","Defend_G","Survivor","Neutralize+1","PiercingWail","Reflex","Acrobatics","Eviscerate","Crippling Poison+1","Blade Dance+1","Tools of the Trade+1","Acrobatics","Well Laid Plans+1","Terror","Phantasmal Killer+1","Prepared","Adrenaline","Storm","Hologram"],"relics":["Ring of the Snake","Toy Ornithopter","Oddly Smooth Stone","Ancient Tea Set","WarpedTongs","HoveringKite","StrikeDummy","aspiration:DefectSkillbook","Singing Bowl","aspiration:ChemicalBlood","aspiration:Lifesprig","Toxic Egg 2"],"acts_visited":["Exordium","TheCity","TheBeyond"],"potions_floor_usage":[45,45,46,46,47,47,50,50,50],"damage_taken":[{"damage":1.0,"enemies":"Jaw Worm","floor":1.0,"turns":7.0},{"damage":0.0,"enemies":"2 Louse","floor":3.0,"turns":3.0},{"damage":3.0,"enemies":"Small Slimes","floor":4.0,"turns":5.0},{"damage":0.0,"enemies":"3 Louse","floor":7.0,"turns":2.0},{"damage":0.0,"enemies":"Lots of Slimes","floor":13.0,"turns":2.0},{"damage":2.0,"enemies":"2 Fungi Beasts","floor":14.0,"turns":3.0},{"damage":37.0,"enemies":"The Guardian","floor":16.0,"turns":15.0},{"damage":14.0,"enemies":"Chosen","floor":18.0,"turns":5.0},{"damage":16.0,"enemies":"Shell Parasite","floor":20.0,"turns":6.0},{"damage":5.0,"enemies":"Centurion and Healer","floor":22.0,"turns":8.0},{"damage":0.0,"enemies":"3 Cultists","floor":24.0,"turns":4.0},{"damage":11.0,"enemies":"Snake Plant","floor":25.0,"turns":6.0},{"damage":7.0,"enemies":"Shelled Parasite and Fungi","floor":29.0,"turns":4.0},{"damage":4.0,"enemies":"Snecko","floor":30.0,"turns":3.0},{"damage":9.0,"enemies":"Snake Plant","floor":31.0,"turns":4.0},{"damage":11.0,"enemies":"Collector","floor":33.0,"turns":5.0},{"damage":2.0,"enemies":"3 Darklings","floor":35.0,"turns":4.0},{"damage":6.0,"enemies":"3 Shapes","floor":38.0,"turns":3.0},{"damage":5.0,"enemies":"3 Darklings","floor":39.0,"turns":5.0},{"damage":19.0,"enemies":"Reptomancer","floor":44.0,"turns":5.0},{"damage":30,"enemies":"4 Shapes","floor":45,"turns":4},{"damage":8,"enemies":"Sphere and 2 Shapes","floor":46,"turns":3},{"damage":2,"enemies":"Nemesis","floor":47,"turns":5},{"damage":110,"enemies":"Time Eater","floor":50,"turns":11}],"seed_played":"7679143299863947079","potions_obtained":[{"floor":1.0,"key":"Explosive Potion"},{"floor":4.0,"key":"Weak Potion"},{"floor":7.0,"key":"LiquidMemories"},{"floor":13.0,"key":"ColorlessPotion"},{"floor":22.0,"key":"EssenceOfSteel"},{"floor":29.0,"key":"FearPotion"},{"floor":30.0,"key":"SpeedPotion"},{"floor":38.0,"key":"EssenceOfSteel"},{"floor":44.0,"key":"Dexterity Potion"},{"floor":45,"key":"PowerPotion"},{"floor":46,"key":"Weak Potion"},{"floor":50,"key":"Strength Potion"}],"is_trial":false,"path_per_floor":["M","?","M","M","?","R","M","T","T","R","$","?","M","M","R","B",null,"M","?","M","$","M","R","M","M","T","$","?","M","M","M","R","B",null,"M","T","$","M","M","R","?","R","T","E","M","M","E","?","R","B"],"character_chosen":"THE_SILENT","items_purchased":["Blade Dance"],"campfire_rested":2,"item_purchase_floors":[11],"current_hp_per_floor":[58,58,58,55,37,37,42,42,42,42,42,42,42,40,40,13,53,39,39,23,23,18,37,42,31,31,31,31,24,20,11,30,24,56,54,54,54,50,57,57,57,57,57,40,27,29,37,89,89,0,0],"gold":244,"neow_bonus":"TRANSFORM_TWO_CARDS","is_daily":false,"chose_seed":false,"campfire_upgraded":5,"win_rate":0.0,"timestamp":1613484040,"path_taken":["M","?","M","M","?","R","M","?","T","R","$","?","?","M","R","BOSS","M","?","M","$","?","R","M","M","T","$","?","M","M","M","R","BOSS","M","?","$","M","M","R","?","R","T","E","M","?","E","?","R","BOSS"],"items_purchased_type":["Card"],"build_version":"2020-12-22","purchased_purges":3,"victory":false,"max_hp_per_floor":[66,66,66,66,66,66,66,66,66,66,66,66,66,66,66,66,66,66,66,66,66,66,66,66,66,66,66,66,66,66,66,66,66,66,66,66,66,68,70,70,70,70,70,72,79,79,79,89,89,89,89],"card_choices":[{"not_picked":["Outmaneuver","Bane"],"picked":"Reflex","floor":1.0},{"not_picked":["Underhanded Strike","Slice"],"picked":"Acrobatics","floor":3.0},{"not_picked":["Deadly Poison","Masterful Stab"],"picked":"Eviscerate","floor":4.0},{"not_picked":["Underhanded Strike","Night Terror"],"picked":"Crippling Poison","floor":7.0},{"not_picked":["Blur","Endless Agony","Deadly Poison"],"picked":"SKIP","floor":13.0},{"not_picked":["Quick Slash","Reflex","Crippling Poison"],"picked":"SKIP","floor":14.0},{"not_picked":["Quick Slash","Reflex","Crippling Poison"],"picked":"SKIP","floor":14.0},{"not_picked":["Glass Knife","Grand Finale"],"picked":"Tools of the Trade","floor":16.0},{"not_picked":["Flying Knee","Slice","Outmaneuver+1"],"picked":"SKIP","floor":18.0},{"not_picked":["Noxious Fumes","Poisoned Stab","Skewer"],"picked":"SKIP","floor":20.0},{"not_picked":["Quick Slash","Dodge and Roll"],"picked":"Acrobatics","floor":22.0},{"not_picked":["Prepared","Acrobatics+1"],"picked":"Well Laid Plans","floor":24.0},{"not_picked":["Cloak And Dagger","PiercingWail"],"picked":"Terror","floor":25.0},{"not_picked":["Backflip","Outmaneuver+1"],"picked":"Phantasmal Killer","floor":29.0},{"not_picked":["Distraction+1","Poisoned Stab","Cloak And Dagger"],"picked":"SKIP","floor":30.0},{"not_picked":["All Out Attack","Bane"],"picked":"Prepared","floor":31.0},{"not_picked":["After Image","Corpse Explosion"],"picked":"Adrenaline","floor":33.0},{"not_picked":["Poisoned Stab","Flying Knee+1","All Out Attack"],"picked":"Storm","floor":35.0},{"not_picked":["Blade Dance","Leg Sweep","Dagger Throw","Cold Snap"],"picked":"Singing Bowl","floor":38.0},{"not_picked":["Loop","Dagger Spray","Scrape","Streamline"],"picked":"Singing Bowl","floor":39.0},{"not_picked":["Acrobatics","Stack","Heel Hook+1","Underhanded Strike"],"picked":"Singing Bowl","floor":44.0},{"not_picked":["Leg Sweep","Deflect","Caltrops","Bouncing Flask"],"picked":"Singing Bowl","floor":45},{"not_picked":["Masterful Stab","Envenom","Capacitor"],"picked":"Hologram","floor":46},{"not_picked":["Blizzard","Quick Slash","Reboot+1"],"picked":"Electrodynamics","floor":47}],"player_experience":1653678,"relics_obtained":[{"floor":8.0,"key":"Oddly Smooth Stone"},{"floor":9.0,"key":"Ancient Tea Set"},{"floor":36.0,"key":"Singing Bowl"},{"floor":43.0,"key":"aspiration:ChemicalBlood"},{"floor":44.0,"key":"aspiration:Lifesprig"},{"floor":47,"key":"Toxic Egg 2"}],"event_choices":[{"damage_healed":0.0,"max_hp_gain":0.0,"max_hp_loss":0.0,"gold_gain":0.0,"event_name":"Shining Light","player_choice":"Ignored","floor":2.0,"gold_loss":0.0,"damage_taken":0.0},{"damage_healed":0.0,"max_hp_gain":0.0,"max_hp_loss":0.0,"gold_gain":0.0,"event_name":"Scrap Ooze","player_choice":"Success","floor":5.0,"gold_loss":0.0,"damage_taken":18.0,"relics_obtained":["Toy Ornithopter"]},{"damage_healed":0.0,"max_hp_gain":0.0,"max_hp_loss":0.0,"gold_gain":0.0,"event_name":"Accursed Blacksmith","player_choice":"Rummage","floor":12.0,"gold_loss":0.0,"damage_taken":0.0,"relics_obtained":["WarpedTongs"],"cards_obtained":["Pain"]},{"cards_removed":["Endless Agony"],"damage_healed":0.0,"max_hp_gain":0.0,"max_hp_loss":0.0,"gold_gain":0.0,"event_name":"WeMeetAgain","player_choice":"Gave Card","floor":19.0,"gold_loss":0.0,"damage_taken":0.0,"relics_obtained":["StrikeDummy"]},{"cards_removed":["Strike_G"],"damage_healed":0.0,"max_hp_gain":0.0,"max_hp_loss":0.0,"gold_gain":0.0,"event_name":"Designer","player_choice":"Upgrade and Remove","floor":28.0,"gold_loss":110.0,"damage_taken":0.0,"cards_upgraded":["Defend_G"]},{"damage_healed":0.0,"max_hp_gain":0.0,"max_hp_loss":0.0,"gold_gain":0.0,"event_name":"Upgrade Shrine","player_choice":"Upgraded","floor":41.0,"gold_loss":0.0,"damage_taken":0.0,"cards_upgraded":["Phantasmal Killer"]},{"cards_removed":["Electrodynamics"],"damage_healed":42,"gold_gain":0,"player_choice":"Offered Rare","damage_taken":0,"max_hp_gain":10,"max_hp_loss":0,"event_name":"Bonfire Elementals","floor":48,"gold_loss":0}],"is_beta":false,"boss_relics":[{"not_picked":["Philosopher\u0027s Stone","Velvet Choker"],"picked":"HoveringKite"},{"not_picked":["aspiration:RitualDagger","Coffee Dripper"],"picked":"aspiration:DefectSkillbook"}],"items_purged_floors":[11,21,37],"is_endless":false,"potions_floor_spawned":[1,4,7,13,14,22,29,30,38,44,45,46],"killed_by":"Time Eater","ascension_level":20}}