{"host":"x4954lblgztusody","time":1613464719,"event":{"mods":["BaseMod","Colored Map","Curses Come First","Koishi","Minty Spire (QoL Compilation)","Rare Cards Sparkle","Shop Mod","StSLib","The Administrix","The Animator","The Servant 0.9.4","WarShipGirlsR/战舰少女R mod","Yuyuko"],"gold_per_floor":[118,68,68,80,95,95,105,105,105,119,139,158,158,173,173,276,276,294,311,410,429,198,198,208,208,290,290,290,290,304,324,324,429,429,446,447,447,463,507,507,541,541,564,554,346,356,356,366,366,356,356,356,23,27,0],"floor_reached":56,"language":"ENG","playtime":7602,"items_purged":["Koishi:BasicStrike","Koishi:SubconsciousSweep","Koishi:BasicDefend"],"score":1221,"play_id":"fd2f6cf2-4039-4280-9f4a-dfea9c2a4c3c","local_time":"20210216003839","is_ascension_mode":false,"campfire_choices":[{"data":"Koishi:ReflexRadar","floor":6.0,"key":"SMITH"},{"data":"Koishi:StrangeCloudFist","floor":13.0,"key":"SMITH"},{"data":"Koishi:EmbryosDream","floor":15.0,"key":"SMITH"},{"data":"Koishi:FadingMemory","floor":23.0,"key":"SMITH"},{"data":"Koishi:PredatoryInstincts","floor":25.0,"key":"SMITH"},{"data":"Koishi:Whimsy","floor":32.0,"key":"SMITH"},{"data":"Koishi:ImGoingToCallYouNow","floor":40,"key":"SMITH"},{"data":"Koishi:CatchAndRose","floor":42,"key":"SMITH"},{"floor":49,"key":"RECALL"},{"data":"Koishi:GhostParty","floor":52,"key":"SMITH"}],"circlet_count":0,"master_deck":["Koishi:BasicStrike","Koishi:BasicDefend","Koishi:BasicDefend","Koishi:Provoke","Koishi:HauntingSlash","Koishi:EmbryosDream+1","Koishi:ReflexRadar+1","Koishi:ReflexRadar","Koishi:SpiritedAway","Koishi:HeartfeltFancy","Koishi:StrangeCloudFist+1","Koishi:SpiritedAway","Koishi:FadingMemory+1","Koishi:Whimsy+1","Koishi:PredatoryInstincts+1","Koishi:ImGoingToCallYouNow+1","Koishi:RollingInRichesHeart","Koishi:UnansweredLove","Koishi:CatchAndRose+1","Koishi:RollingInRichesHeart","Koishi:CatchAndRose","Koishi:Untouchable","Koishi:ConfinedInnocent","Koishi:GhostParty+1","Koishi:Untouchable","Dark Shackles","Koishi:Possession+1"],"relics":["Koishi:ImaginaryFriend","Torii","Koishi:LettersToReimu","Odd Mushroom","Coffee Dripper","Runic Pyramid","Thread and Needle","MerchantsRug","Bronze Scales"],"acts_visited":["Exordium","TheCity","TheBeyond","TheEnding"],"potions_floor_usage":[39,48,54,55,55,55,55,55,55],"damage_taken":[{"damage":2.0,"enemies":"Cultist","floor":1.0,"turns":4.0},{"damage":2.0,"enemies":"Jaw Worm","floor":4.0,"turns":4.0},{"damage":0.0,"enemies":"2 Louse","floor":5.0,"turns":3.0},{"damage":0.0,"enemies":"2 Fungi Beasts","floor":7.0,"turns":3.0},{"damage":10.0,"enemies":"Large Slime","floor":10.0,"turns":6.0},{"damage":7.0,"enemies":"The Mushroom Lair","floor":11.0,"turns":3.0},{"damage":0.0,"enemies":"3 Louse","floor":12.0,"turns":2.0},{"damage":0.0,"enemies":"Gremlin Gang","floor":14.0,"turns":2.0},{"damage":31.0,"enemies":"Slime Boss","floor":16.0,"turns":7.0},{"damage":18.0,"enemies":"2 Thieves","floor":18.0,"turns":3.0},{"damage":0.0,"enemies":"Spheric Guardian","floor":19.0,"turns":3.0},{"damage":0.0,"enemies":"Shelled Parasite and Fungi","floor":21.0,"turns":4.0},{"damage":0.0,"enemies":"Snecko","floor":24.0,"turns":6.0},{"damage":0.0,"enemies":"Sentry and Sphere","floor":30.0,"turns":5.0},{"damage":0.0,"enemies":"Chosen and Byrds","floor":31.0,"turns":6.0},{"damage":0.0,"enemies":"Collector","floor":33.0,"turns":6.0},{"damage":1,"enemies":"Orb Walker","floor":35,"turns":6},{"damage":0,"enemies":"3 Darklings","floor":36,"turns":5},{"damage":6,"enemies":"Sphere and 2 Shapes","floor":38,"turns":7},{"damage":26,"enemies":"2 Orb Walkers","floor":39,"turns":5},{"damage":0,"enemies":"Nemesis","floor":41,"turns":7},{"damage":0,"enemies":"Spire Growth","floor":46,"turns":8},{"damage":2,"enemies":"Jaw Worm Horde","floor":48,"turns":7},{"damage":1,"enemies":"Time Eater","floor":50,"turns":14},{"damage":9,"enemies":"Shield and Spear","floor":54,"turns":8},{"damage":25,"enemies":"The Heart","floor":55,"turns":11}],"seed_played":"-5854014158914372613","potions_obtained":[{"floor":1.0,"key":"SteroidPotion"},{"floor":4.0,"key":"Regen Potion"},{"floor":10.0,"key":"DuplicationPotion"},{"floor":11.0,"key":"LiquidBronze"},{"floor":16.0,"key":"SkillPotion"},{"floor":21.0,"key":"Swift Potion"},{"floor":35,"key":"EntropicBrew"},{"floor":41,"key":"Fire Potion"},{"floor":54,"key":"EssenceOfSteel"}],"is_trial":false,"path_per_floor":["M","$","?","M","M","R","M","?","T","M","?","M","R","M","R","B",null,"M","M","?","M","$","R","M","R","T","?","?","?","M","M","R","B",null,"M","M","?","M","?","R","E","R","T","?","$","M","?","M","R","B",null,"R","$","E","B",null],"character_chosen":"KOISHI","items_purchased":["Koishi:ReflexRadar","Blood Vial","MerchantsRug","Koishi:CatchAndRose","Koishi:Untouchable","ColorlessPotion","Koishi:Untouchable","Dark Shackles","SkillPotion"],"campfire_rested":0,"item_purchase_floors":[2,22,45,45,45,45,53,53,53],"current_hp_per_floor":[66,66,66,66,66,66,66,59,59,49,42,42,42,42,42,11,66,49,49,49,60,60,60,66,66,66,66,66,66,66,66,66,66,66,66,66,66,60,63,63,66,66,66,66,66,66,66,66,66,66,66,66,66,66,66],"gold":0,"neow_bonus":"TEN_PERCENT_HP_BONUS","is_daily":false,"chose_seed":false,"campfire_upgraded":9,"win_rate":0.0,"timestamp":1613464719,"path_taken":["M","?","?","M","M","R","M","?","T","M","?","M","R","M","R","BOSS","M","M","?","M","$","R","M","R","T","?","?","?","?","M","R","BOSS","BOSS","M","M","?","M","?","R","E","R","T","?","$","?","?","M","R","BOSS","R","$","E","BOSS"],"items_purchased_type":["Card","Relic","Relic","Card","Card","Potion","Card","Card","Potion"],"build_version":"2020-12-22","purchased_purges":3,"victory":true,"max_hp_per_floor":[66,66,66,66,66,66,66,66,66,66,66,66,66,66,66,66,66,66,66,66,66,66,66,66,66,66,66,66,66,66,66,66,66,66,66,66,66,66,66,66,66,66,66,66,66,66,66,66,66,66,66,66,66,66,66],"card_choices":[{"not_picked":["Koishi:Untouchable","Koishi:UnseenTerror"],"picked":"Koishi:EmbryosDream","floor":1.0},{"not_picked":["Koishi:FreudianInstinct","Koishi:RorschachInDanmaku"],"picked":"Koishi:SubconsciousSweep","floor":4.0},{"not_picked":["Koishi:DNAsFlaw","Koishi:LastRemote","Koishi:GhostParty"],"picked":"SKIP","floor":5.0},{"not_picked":["Koishi:BramblyRoseGarden","Koishi:FreudianInstinct"],"picked":"Koishi:ReflexRadar","floor":7.0},{"not_picked":["Koishi:Catatonia","Koishi:FleetingPhantom"],"picked":"Koishi:SpiritedAway","floor":10.0},{"not_picked":["Koishi:Vanish","Koishi:ReflexRadar"],"picked":"Koishi:HeartfeltFancy","floor":11.0},{"not_picked":["Koishi:TremblingHands","Koishi:StrangeCloudFist","Koishi:FleetingPhantom"],"picked":"SKIP","floor":12.0},{"not_picked":["Koishi:TremblingHands","Koishi:FleetingPhantom"],"picked":"Koishi:StrangeCloudFist","floor":12.0},{"not_picked":["Koishi:FleetingPhantom","Koishi:RoseHell"],"picked":"Koishi:SpiritedAway","floor":14.0},{"not_picked":["Koishi:ConfinedInnocent","Koishi:RollingInRichesHeart"],"picked":"Koishi:FadingMemory","floor":16.0},{"not_picked":["Koishi:EmbryosDream","Koishi:BloodcurdlingScream"],"picked":"Koishi:Whimsy","floor":18.0},{"not_picked":["Koishi:PhantomStrike","Koishi:FourthEye"],"picked":"Koishi:PredatoryInstincts","floor":19.0},{"not_picked":["Koishi:PhantomStrike","Koishi:DreadfulBlow","Koishi:BloodcurdlingScream"],"picked":"SKIP","floor":21.0},{"not_picked":["Koishi:SubconsciousSweep+1","Koishi:RacingHeart+1","Koishi:PhantomBarrier"],"picked":"SKIP","floor":24.0},{"not_picked":["Koishi:FleetingPhantom","Koishi:EmbryosDream"],"picked":"Koishi:ImGoingToCallYouNow","floor":30.0},{"not_picked":["Koishi:PhantomStrike","Koishi:ParalyzingFear","Koishi:IdleWhim"],"picked":"SKIP","floor":31.0},{"not_picked":["Koishi:ConditionedTeleport","Koishi:FormlessExistence"],"picked":"Koishi:RollingInRichesHeart","floor":33},{"not_picked":["Koishi:PhantomBarrier","Koishi:PhantomStrike","Koishi:EmbryosDream"],"picked":"SKIP","floor":35},{"not_picked":["Koishi:Catatonia","Koishi:PhantomStrike+1","Koishi:BloodcurdlingScream+1"],"picked":"SKIP","floor":36},{"not_picked":["Koishi:PhantomStrike","Koishi:BloodcurdlingScream+1"],"picked":"Koishi:UnansweredLove","floor":38},{"not_picked":["Koishi:StingingMind","Koishi:FleetingPhantom"],"picked":"Koishi:CatchAndRose","floor":39},{"not_picked":["Koishi:PhantomBarrier","Koishi:RacingHeart+1","Koishi:ParalyzingFear"],"picked":"SKIP","floor":41},{"not_picked":[],"picked":"Koishi:RollingInRichesHeart","floor":44},{"not_picked":["Koishi:RorschachInDanmaku+1","Koishi:CatchAndRose"],"picked":"Koishi:ConfinedInnocent","floor":46},{"not_picked":["Koishi:EmbryosDream","Koishi:DanmakuParanoia"],"picked":"Koishi:GhostParty","floor":48},{"not_picked":["Koishi:UnseenTerror","Koishi:HeartfeltFancy"],"picked":"Koishi:Possession+1","floor":54}],"player_experience":45410,"relics_obtained":[{"floor":9.0,"key":"Koishi:LettersToReimu"},{"floor":11.0,"key":"Odd Mushroom"},{"floor":26.0,"key":"Koishi:TeethAndClaws"},{"floor":39,"key":"Thread and Needle"},{"floor":41,"key":"Mercury Hourglass"},{"floor":54,"key":"Bronze Scales"}],"event_choices":[{"damage_healed":0.0,"max_hp_gain":0.0,"max_hp_loss":0.0,"gold_gain":0.0,"event_name":"Liars Game","player_choice":"Ignored","floor":3.0,"gold_loss":0.0,"damage_taken":0.0},{"damage_healed":0.0,"max_hp_gain":0.0,"max_hp_loss":0.0,"gold_gain":0.0,"event_name":"Scrap Ooze","player_choice":"Success","floor":8.0,"gold_loss":0.0,"damage_taken":7.0,"relics_obtained":["Torii"]},{"damage_healed":0.0,"max_hp_gain":0.0,"max_hp_loss":0.0,"gold_gain":0.0,"event_name":"Mushrooms","player_choice":"Fought Mushrooms","floor":11.0,"gold_loss":0.0,"damage_taken":0.0},{"damage_healed":0.0,"max_hp_gain":0.0,"max_hp_loss":0.0,"gold_gain":99.0,"event_name":"Nest","player_choice":"Stole From Cult","floor":20.0,"gold_loss":0.0,"damage_taken":0.0},{"damage_healed":0.0,"max_hp_gain":0.0,"max_hp_loss":0.0,"gold_gain":0.0,"event_name":"The Mausoleum","player_choice":"Ignored","floor":27.0,"gold_loss":0.0,"damage_taken":0.0},{"cards_removed":["Koishi:BasicStrike"],"damage_healed":0.0,"max_hp_gain":0.0,"max_hp_loss":0.0,"gold_gain":0.0,"event_name":"Back to Basics","player_choice":"Elegance","floor":28.0,"gold_loss":0.0,"damage_taken":0.0},{"cards_removed":["Koishi:BasicStrike"],"damage_healed":0.0,"max_hp_gain":0.0,"max_hp_loss":0.0,"gold_gain":0.0,"event_name":"Bonfire Elementals","player_choice":"Offered Basic","floor":29.0,"gold_loss":0.0,"damage_taken":0.0},{"damage_healed":0,"gold_gain":0,"player_choice":"Ignored","damage_taken":0,"max_hp_gain":0,"max_hp_loss":0,"event_name":"Tomb of Lord Red Mask","floor":37,"gold_loss":0},{"damage_healed":0,"gold_gain":0,"player_choice":"Fight","damage_taken":0,"max_hp_gain":0,"max_hp_loss":0,"event_name":"Mysterious Sphere","floor":39,"gold_loss":0},{"cards_removed":["Koishi:BasicDefend"],"damage_healed":0,"gold_gain":0,"player_choice":"Removed Skill","damage_taken":0,"max_hp_gain":0,"max_hp_loss":0,"event_name":"Falling","floor":47,"gold_loss":0}],"is_beta":false,"boss_relics":[{"not_picked":["Runic Dome","Ectoplasm"],"picked":"Coffee Dripper"},{"not_picked":["Velvet Choker","SlaversCollar"],"picked":"Runic Pyramid"}],"items_purged_floors":[22,45,53],"is_endless":false,"potions_floor_spawned":[1,4,10,11,16,21,24,31,35,36,38,41,54],"ascension_level":0}}