{"host":"kk6i5v7sjcm8i50x","time":1613511286,"event":{"mods":["BaseMod","Bestiary","Colored Map","Hubris","Minty Spire (QoL Compilation)","Reliquary","StSLib"],"gold_per_floor":[110,125,125,125,25,61,76,76,76,89,89,89,89,108,108,236,236,254,254,279,23,23,48,48,48],"floor_reached":24,"language":"ENG","playtime":2090,"items_purged":["Strike_G","Expertise+1"],"score":196,"play_id":"2ff2552b-1dc5-4468-8faa-47c34bae066f","local_time":"20210216163446","is_ascension_mode":false,"campfire_choices":[{"data":"Blade Dance","floor":8,"key":"SMITH"},{"data":"Deadly Poison","floor":11,"key":"SMITH"},{"data":"Deadly Poison","floor":13,"key":"SMITH"},{"data":"Survivor","floor":15,"key":"SMITH"}],"circlet_count":0,"master_deck":["Defend_G","Defend_G","Defend_G","Defend_G","Survivor+1","Neutralize+1","Outmaneuver","Blade Dance+1","Blade Dance+1","Deadly Poison+1","Deadly Poison+1","Envenom","Predator+1","Underhanded Strike+1","Bouncing Flask"],"relics":["Ring of the Snake","Golden Idol","reliquary:Vitrine","InkBottle","Astrolabe","Whetstone","hubris:Towel"],"acts_visited":["Exordium","TheCity"],"potions_floor_usage":[6,18,23],"damage_taken":[{"damage":0,"enemies":"Cultist","floor":1,"turns":4},{"damage":4,"enemies":"Jaw Worm","floor":2,"turns":7},{"damage":8,"enemies":"3 Sentries","floor":6,"turns":9},{"damage":0,"enemies":"2 Louse","floor":7,"turns":2},{"damage":3,"enemies":"Blue Slaver","floor":10,"turns":4},{"damage":5,"enemies":"3 Louse","floor":14,"turns":3},{"damage":14,"enemies":"Hexaghost","floor":16,"turns":8},{"damage":23,"enemies":"2 Thieves","floor":18,"turns":3},{"damage":14,"enemies":"Shell Parasite","floor":20,"turns":4},{"damage":15,"enemies":"Snecko","floor":23,"turns":4},{"damage":35,"enemies":"Slavers","floor":24,"turns":2}],"seed_played":"7932564059261628119","potions_obtained":[{"floor":1,"key":"ColorlessPotion"},{"floor":10,"key":"Ancient Potion"},{"floor":16,"key":"Explosive Potion"}],"is_trial":false,"path_per_floor":["M","M","?","?","$","E","M","R","T","M","R","?","R","M","R","B",null,"M","?","M","$","?","M","E"],"character_chosen":"THE_SILENT","items_purchased":["Blade Dance","Whetstone"],"campfire_rested":0,"item_purchase_floors":[5,21],"current_hp_per_floor":[70,66,66,65,65,57,57,57,57,54,54,47,47,42,42,28,65,42,63,49,49,49,34,0,0],"gold":48,"neow_bonus":"UPGRADE_CARD","is_daily":false,"chose_seed":false,"campfire_upgraded":4,"win_rate":0.0,"timestamp":1613511286,"path_taken":["M","M","?","?","$","E","M","R","T","M","R","?","R","M","R","BOSS","M","?","M","$","?","M","E"],"items_purchased_type":["Card","Relic"],"build_version":"2020-12-22","purchased_purges":2,"victory":false,"max_hp_per_floor":[70,70,70,65,65,65,65,65,65,65,65,65,65,65,65,65,65,65,65,65,65,65,65,65,65],"card_choices":[{"not_picked":["All Out Attack","Setup"],"picked":"Outmaneuver","floor":1},{"not_picked":["Blur","Dodge and Roll"],"picked":"Blade Dance","floor":2},{"not_picked":["Acrobatics","Calculated Gamble","hubris:Counter"],"picked":"SKIP","floor":6},{"not_picked":["Poisoned Stab","Crippling Poison"],"picked":"Deadly Poison","floor":7},{"not_picked":["Deflect","Backflip"],"picked":"Deadly Poison","floor":10},{"not_picked":["Bane","Sucker Punch","PiercingWail"],"picked":"SKIP","floor":14},{"not_picked":["Tools of the Trade","Malaise"],"picked":"Envenom","floor":16},{"not_picked":["Footwork+1","Underhanded Strike+1"],"picked":"Bouncing Flask","floor":18},{"not_picked":["Sucker Punch","Underhanded Strike","Crippling Poison"],"picked":"SKIP","floor":20},{"not_picked":["hubris:Counter","PiercingWail","Quick Slash+1"],"picked":"SKIP","floor":23}],"player_experience":233313,"relics_obtained":[{"floor":6,"key":"reliquary:Vitrine"},{"floor":9,"key":"InkBottle"}],"event_choices":[{"damage_healed":0,"gold_gain":0,"player_choice":"Grow","damage_taken":0,"max_hp_gain":0,"max_hp_loss":0,"event_name":"Living Wall","floor":3,"gold_loss":0,"cards_upgraded":["Blade Dance"]},{"damage_healed":0,"gold_gain":0,"player_choice":"Lose Max HP","damage_taken":0,"relics_obtained":["Golden Idol"],"max_hp_gain":0,"max_hp_loss":5,"event_name":"Golden Idol","floor":4,"gold_loss":0},{"cards_removed":["Strike_G"],"damage_healed":0,"gold_gain":0,"player_choice":"Card Removal","damage_taken":7,"max_hp_gain":0,"max_hp_loss":0,"event_name":"Golden Wing","floor":12,"gold_loss":0},{"damage_healed":21,"gold_gain":0,"player_choice":"Heal","damage_taken":0,"max_hp_gain":0,"max_hp_loss":0,"event_name":"The Library","floor":19,"gold_loss":0}],"is_beta":false,"boss_relics":[{"not_picked":["Philosopher\u0027s Stone","Tiny House"],"picked":"Astrolabe"}],"items_purged_floors":[5,21],"is_endless":false,"potions_floor_spawned":[1,10,16],"killed_by":"Slavers","ascension_level":0}}