{"host":"xu0zbcebhy6w9mdv","time":1613443756,"event":{"mods":["AchievementEnabler","Act Like it!","Aspiration","BaseMod","Better Match","Better Third Choice","BetterRewards","Colored Powertips","Downfall","Duelist Mod","Friendly Minions","Gensokyo","Hallownest","Hubris","Infinite Spire","Marisa????????","Minty Spire (QoL Compilation)","Potionbrewer","Quick Restart","READ ME - Guardian Mod","READ ME - Snecko Mod","Rare Cards Sparkle","Replay The Spire","Shop Mod","StSLib","The Animator","The Blackbeard","The Bug Knight","The Cursed","The Hierophant","The Necromancer","The Runesmith","The Servant 0.9.4"],"gold_per_floor":[115,115,115,115,40,69,69,80,80,94,94,94,94,113,170,267,267,279,298,298,318,329,329,329,348,423,423,423,36,36,51,51,51,51],"floor_reached":33,"language":"ENG","playtime":1485,"items_purged":["downfall:Haunted"],"score":345,"play_id":"b2dbd3c4-7370-475a-9ef8-236520d9ce16","local_time":"20210215214916","is_ascension_mode":false,"campfire_choices":[{"data":"Zap","floor":7,"key":"SMITH"},{"floor":23,"key":"REST"},{"floor":28,"key":"REST"}],"circlet_count":0,"master_deck":["Strike_B","Strike_B","Strike_B","Defend_B","Defend_B","Defend_B","Defend_B","Zap+1","Dualcast","Gash","BasicCrystalCard+1","Crystallizer","Static Discharge","Loop","Time Bomb","Echo Form","Auto Shields+1","Self Repair","Lockon","Barrage","Defragment","hubris:Ukulele+1","hubris:Gluttony"],"relics":["Cracked Core","BargainBundle","aspiration:EnhancedActuators","ReplayTheSpireMod:TigerMarble","Replay:Multitool","Iron Hammer","aspiration:BursterCore","infinitespire:EmpoweringShard","Du-Vu Doll","infinitespire:Magic Flask"],"acts_visited":["Exordium","TheCity"],"potions_floor_usage":[16,18,19,21,22],"damage_taken":[{"damage":1,"enemies":"2 Louse","floor":1,"turns":3},{"damage":16,"enemies":"Lagavulin","floor":6,"turns":5},{"damage":3,"enemies":"Jaw Worm","floor":8,"turns":3},{"damage":1,"enemies":"Cultist","floor":10,"turns":3},{"damage":10,"enemies":"Looter","floor":14,"turns":3},{"damage":39,"enemies":"The Guardian","floor":16,"turns":8},{"damage":2,"enemies":"Chosen","floor":18,"turns":4},{"damage":20,"enemies":"3 Byrds","floor":19,"turns":3},{"damage":6,"enemies":"Centurion and Healer","floor":21,"turns":8},{"damage":44,"enemies":"3 Cultists","floor":22,"turns":5},{"damage":25,"enemies":"Snecko","floor":25,"turns":3},{"damage":12,"enemies":"Chosen and Byrds","floor":31,"turns":1},{"damage":42,"enemies":"Pondfish","floor":33,"turns":5}],"seed_played":"1076085588829858447","potions_obtained":[{"floor":1,"key":"Weak Potion"},{"floor":6,"key":"Death Potion"},{"floor":15,"key":"Death Potion"},{"floor":16,"key":"potionbrewer:StunPotion"},{"floor":18,"key":"sneckomod:MuddlingPotion"},{"floor":19,"key":"potionbrewer:DiscountPotion"},{"floor":21,"key":"potionbrewer:ToxicPotion"}],"is_trial":false,"path_per_floor":["M","?","?","$","$","E","R","M","T","M","?","$","R","M","R","B",null,"M","M","?","M","M","R","?","M","T","?","R","$","?","M","R","B"],"character_chosen":"DEFECT","items_purchased":["BargainBundle","aspiration:EnhancedActuators","Gash","Crystallizer","infinitespire:Magic Flask"],"campfire_rested":2,"item_purchase_floors":[0,0,0,5,29],"current_hp_per_floor":[74,74,74,74,74,58,58,55,55,54,75,75,75,65,47,8,75,73,53,53,61,24,46,46,31,31,31,53,53,53,41,41,0,0],"gold":51,"neow_bonus":"","is_daily":false,"chose_seed":false,"campfire_upgraded":1,"win_rate":0.0,"timestamp":1613443756,"path_taken":["M","?","?","?","$","E","R","M","T","M","?","$","R","M","R","BOSS","M","M","?","M","M","R","?","M","T","?","R","$","?","?","R","BOSS"],"items_purchased_type":["Relic","Relic","Card","Card","Relic"],"build_version":"2020-12-22","purchased_purges":1,"victory":false,"max_hp_per_floor":[75,75,75,75,75,75,75,75,75,75,75,75,75,75,75,75,75,75,75,75,75,75,75,75,75,75,75,75,75,75,75,75,75,75],"card_choices":[{"not_picked":["Streamline","Leap"],"picked":"BasicCrystalCard","floor":1},{"not_picked":["Sunder","Cold Snap"],"picked":"Static Discharge","floor":6},{"not_picked":["ReplayTheSpireMod:GoodbyeWorld","Auto Shields","Sweeping Beam"],"picked":"SKIP","floor":8},{"not_picked":["BootSequence","Static Discharge","Fusion"],"picked":"SKIP","floor":10},{"not_picked":["Sweeping Beam","ReplayTheSpireMod:GoodbyeWorld","All For One"],"picked":"SKIP","floor":14},{"not_picked":["Beam Cell","Reinforced Body"],"picked":"Time Bomb","floor":15},{"not_picked":["Thunder Strike","Seek"],"picked":"Echo Form","floor":16},{"not_picked":["Stack","Barrage"],"picked":"Auto Shields+1","floor":18},{"not_picked":["Sweeping Beam","ReplaySort"],"picked":"Self Repair","floor":19},{"not_picked":["Go for the Eyes","Conserve Battery"],"picked":"Lockon","floor":21},{"not_picked":["Ball Lightning","Steam"],"picked":"Barrage","floor":22},{"not_picked":["Hologram","Undo+1"],"picked":"Defragment","floor":25},{"not_picked":["Ball Lightning+1","Multi-Cast"],"picked":"hubris:Ukulele+1","floor":31}],"player_experience":672060,"relics_obtained":[{"floor":6,"key":"ReplayTheSpireMod:TigerMarble"},{"floor":9,"key":"Replay:Multitool"},{"floor":15,"key":"Iron Hammer"},{"floor":26,"key":"infinitespire:EmpoweringShard"}],"event_choices":[{"damage_healed":0,"gold_gain":0,"player_choice":"Leave","damage_taken":0,"max_hp_gain":0,"max_hp_loss":0,"event_name":"The Cleric","floor":3,"gold_loss":0},{"damage_healed":25,"gold_gain":0,"player_choice":"Banana","damage_taken":0,"max_hp_gain":0,"max_hp_loss":0,"event_name":"Big Fish","floor":11,"gold_loss":0}],"is_beta":false,"boss_relics":[{"not_picked":["hubris:Stopwatch","Coffee Dripper"],"picked":"aspiration:BursterCore"}],"items_purged_floors":[29],"is_endless":false,"potions_floor_spawned":[1,6,16,18,19,21],"killed_by":"Pondfish","ascension_level":0}}