{"host":"5pruifpvrxoc6ior","time":1613446641,"event":{"mods":["AchievementEnabler","Aspiration","BaseMod","Colored Map","Colored Powertips","Downfall","Googly Eyes","Hermit","Hubris","Jorbs\u0027s Wanderer Trilogy","Marisa????????","Minty Spire (QoL Compilation)","Quick Restart","Remilia??????","Replay The Spire","StSLib","The Bug Knight","The Cursed","The Disciple","The Hierophant","The Jungle","The Necromancer","The Servant 0.9.4"],"gold_per_floor":[117,117,129,147,158,189,40,53,53,64,95,115,135,170,170,273,273,284,284,303,20,20,50,70,99,149,166,8,8,38,51,51,149,149,162,162,162,33,51,80,95,126,149,159,189,205,216,230,230,230],"floor_reached":51,"language":"ENG","playtime":4645,"items_purged":["Violent_Necrosis","Doppelganger"],"score":943,"play_id":"ccf5f279-ad2f-4cff-bd7f-618ed7bf2ec4","local_time":"20210215223721","is_ascension_mode":true,"campfire_choices":[{"data":"Acid_Javelin","floor":15,"key":"SMITH"},{"data":"Summon_Undead_Army","floor":29,"key":"SMITH"},{"data":"Summon_Death_Knight","floor":32,"key":"SMITH"},{"data":"Summon_Vampire_Lady","floor":49,"key":"SMITH"}],"circlet_count":0,"master_deck":["Defend_W","Defend_W","Negative_Energy_Arrows","Bone_Wall","Negative_Energy_Sphere","Flechettes","Neutralize+1","Summon_Undead_Army+1","Strike_from_Beyond","Death_March_Dance","Toxic_Smoke_Screen","Acid_Javelin+1","Bone_Armor","Bone_Armor","Death_Knell","Summon_Death_Knight+1","Bone_Spikes+1","Bones_to_Steel","Negative_Energy_Shield","Slay_Living+1","Bite","Bite","Bite","Bite+1","Bite","Spectral_Walk+1","Summon_Undead+1","Spectral_Walk","Death_March_Dance+1","Toxic_Smoke_Screen","Summon_Undead_Army","Summon_Undead_Army","Negative_Energy_Javelin","Bone_Armor+1","Summon_Vampire_Lady+1","Summon_Lich","Death_March_Dance","Toxic_Smoke_Screen+1","Summon_Undead+1","Summon_Death_Knight","Corrupt+1","Uncharnel","Spectral_Walk","Bone_Prison+1","Negative_Energy_Shield"],"relics":["Vampire_Amulet","NeowsBlessing","Bottled Tornado","PreservedInsect","Lizard Tail","Anchor","hubris:SphereOfDissonance","Astrolabe","ReplayFunnel","HollowMod:LifeEnderRelic","Replay:Rubber Ducky","Blue Doll","Replay:Accelerometer","ChewingGum","Pear","hubris:CrystalStatue","Boot","Whetstone"],"acts_visited":["Exordium","TheCity","TheBeyond"],"potions_floor_usage":[6,6,11,14,18,30,33],"damage_taken":[{"damage":0,"enemies":"Jaw Worm","floor":1,"turns":1},{"damage":0,"enemies":"Cultist","floor":3,"turns":1},{"damage":0,"enemies":"Small Slimes","floor":4,"turns":1},{"damage":4,"enemies":"Gremlin Gang","floor":5,"turns":6},{"damage":23,"enemies":"Lagavulin","floor":6,"turns":10},{"damage":0,"enemies":"Large Slime","floor":8,"turns":5},{"damage":3,"enemies":"Exordium Thugs","floor":10,"turns":4},{"damage":4,"enemies":"Gremlin Nob","floor":11,"turns":3},{"damage":0,"enemies":"Looter","floor":12,"turns":3},{"damage":6,"enemies":"Blue Slaver","floor":13,"turns":3},{"damage":0,"enemies":"Replay:BlueRogue","floor":14,"turns":4},{"damage":29,"enemies":"Fading Forest","floor":16,"turns":11},{"damage":10,"enemies":"3 Byrds","floor":18,"turns":4},{"damage":7,"enemies":"Shell Parasite","floor":20,"turns":5},{"damage":43,"enemies":"Slavers","floor":23,"turns":7},{"damage":18,"enemies":"Centurion and Healer","floor":24,"turns":8},{"damage":16,"enemies":"HollowMod:Nosk","floor":25,"turns":9},{"damage":0,"enemies":"Snecko","floor":27,"turns":5},{"damage":1,"enemies":"Replay:Snechameleon","floor":30,"turns":4},{"damage":0,"enemies":"Chosen and Byrds","floor":31,"turns":4},{"damage":50,"enemies":"Automaton","floor":33,"turns":11},{"damage":4,"enemies":"3 Darklings","floor":35,"turns":5},{"damage":0,"enemies":"Orb Walker","floor":39,"turns":4},{"damage":3,"enemies":"Giant Head","floor":40,"turns":9},{"damage":0,"enemies":"Spire Growth","floor":41,"turns":4},{"damage":14,"enemies":"Nemesis","floor":42,"turns":5},{"damage":0,"enemies":"Transient","floor":44,"turns":5},{"damage":0,"enemies":"Giant Head","floor":45,"turns":6},{"damage":0,"enemies":"Sphere and 2 Shapes","floor":46,"turns":4},{"damage":3,"enemies":"3 Darklings","floor":47,"turns":5},{"damage":5,"enemies":"Jaw Worm Horde","floor":48,"turns":4},{"damage":23,"enemies":"Donu and Deca","floor":50,"turns":9}],"seed_played":"-8996616947240412172","potions_obtained":[{"floor":1,"key":"Adrenaline Potion"},{"floor":4,"key":"Dexterity Potion"},{"floor":8,"key":"AttackPotion"},{"floor":13,"key":"PowerPotion"},{"floor":14,"key":"Explosive Potion"},{"floor":24,"key":"Dexterity Potion"},{"floor":25,"key":"FearPotion"},{"floor":27,"key":"Dexterity Potion"},{"floor":31,"key":"Explosive Potion"},{"floor":33,"key":"Weak Potion"},{"floor":40,"key":"FairyPotion"},{"floor":44,"key":"hexamod:SoulburnPotion"}],"is_trial":false,"path_per_floor":["M","?","M","M","M","E","$","M","T","M","E","M","M","E","R","B",null,"M","?","M","$","?","E","M","E","T","M","$","R","E","M","R","B",null,"M","?","?","$","M","E","M","E","T","M","E","M","M","M","R","B",null],"character_chosen":"NECROMANCER","items_purchased":["PreservedInsect","ReplayFunnel","Slay_Living+1","Toxic_Smoke_Screen","Summon_Undead_Army","Summon_Lich","Death_March_Dance"],"campfire_rested":0,"item_purchase_floors":[7,21,21,28,28,38,38],"current_hp_per_floor":[75,75,75,75,75,54,54,58,58,59,57,59,55,57,57,58,75,71,71,66,66,52,23,23,45,45,52,52,52,52,52,52,12,52,52,52,52,52,52,62,62,62,62,62,62,62,62,62,62,58],"gold":230,"neow_bonus":"THREE_ENEMY_KILL","is_daily":false,"chose_seed":false,"campfire_upgraded":4,"win_rate":0.0,"timestamp":1613446641,"path_taken":["M","?","?","M","M","E","?","M","T","M","E","M","?","E","R","BOSS","M","?","M","?","?","E","M","E","T","M","$","R","E","?","R","BOSS","M","?","?","$","M","E","?","E","T","M","E","M","?","M","R","BOSS"],"items_purchased_type":["Relic","Relic","Card","Card","Card","Card","Card"],"build_version":"2020-12-22","purchased_purges":2,"victory":true,"max_hp_per_floor":[75,75,75,75,75,75,75,75,75,75,75,75,75,75,75,75,75,75,75,75,75,52,52,52,52,52,52,52,52,52,52,52,52,52,52,52,52,52,52,62,62,62,62,62,62,62,62,62,62,62],"card_choices":[{"not_picked":["Whirlwind_of_Bones","Negative_Energy_Mist"],"picked":"Negative_Energy_Sphere","floor":1},{"not_picked":["Strike_from_Beyond","Negative_Energy_Mist"],"picked":"Summon_Undead_Army","floor":3},{"not_picked":["Deaths_Shadow","Violent_Necrosis"],"picked":"Strike_from_Beyond","floor":4},{"not_picked":["Corrupt","Blood_Curse"],"picked":"Death_March_Dance","floor":5},{"not_picked":["Blood_Curse","Stop_Heart"],"picked":"Death_March_Dance","floor":6},{"not_picked":["Scare","Consume_Illness"],"picked":"Toxic_Smoke_Screen","floor":8},{"not_picked":["Deaths_Shadow","Shackles_Of_Pain"],"picked":"Acid_Javelin","floor":10},{"not_picked":["Death_Coil","Thousand_Bone_Knives"],"picked":"Bone_Armor","floor":11},{"not_picked":["Thousand_Bone_Knives","Chill_Blood"],"picked":"Life_Tap","floor":12},{"not_picked":["Blood_Curse","Flesh_Made_Foul"],"picked":"Bone_Armor","floor":13},{"not_picked":["Skeleton_Dragon","Plague_Bolt"],"picked":"Death_Knell","floor":14},{"not_picked":["Requiem","Skeleton_Dragon"],"picked":"Summon_Death_Knight","floor":16},{"not_picked":["Vampiric_Strike","Bone_Shift"],"picked":"Bones_to_Steel","floor":18},{"not_picked":["Pandemic","Negative_Energy_Javelin"],"picked":"Negative_Energy_Shield","floor":20},{"not_picked":["Necrotic_Claws","Death_Coil"],"picked":"Spectral_Walk+1","floor":23},{"not_picked":["Shackles_Of_Pain","Bone_Armor"],"picked":"Summon_Undead+1","floor":24},{"not_picked":["Death_Knell","Blood_Wake"],"picked":"Spectral_Walk","floor":25},{"not_picked":["Bones_to_Steel","Bone_Armor"],"picked":"Death_March_Dance+1","floor":27},{"not_picked":["Vampiric_Strike","Stop_Heart"],"picked":"Negative_Energy_Javelin","floor":30},{"not_picked":["Strike_from_Beyond","Bone_Armory"],"picked":"Bone_Armor+1","floor":31},{"not_picked":["Requiem","Detonate_Bones"],"picked":"Summon_Vampire_Lady","floor":33},{"not_picked":["Blood_Curse","Negative_Energy_Javelin","Chill_Blood"],"picked":"SKIP","floor":35},{"not_picked":["Siphon_Strength+1","Death_Knell"],"picked":"Toxic_Smoke_Screen+1","floor":39},{"not_picked":["Death_March_Dance+1","Violent_Necrosis"],"picked":"Summon_Undead+1","floor":40},{"not_picked":["Bone_Shift","Life_Drain+1"],"picked":"Summon_Death_Knight","floor":41},{"not_picked":["Life_Drain","Exploit"],"picked":"Corrupt+1","floor":42},{"not_picked":["Thousand_Bone_Knives","Bones_to_Steel"],"picked":"Uncharnel","floor":44},{"not_picked":["Life_Drain+1","Thousand_Bone_Knives"],"picked":"Spectral_Walk","floor":45},{"not_picked":["Flesh_Made_Foul+1","Blood_Curse"],"picked":"Bone_Prison+1","floor":46},{"not_picked":["Epidemic+1","Death_Coil"],"picked":"Negative_Energy_Shield","floor":47},{"not_picked":["Vampiric_Strike+1","Bone_Bullets+1","Finger_Of_Death+1"],"picked":"SKIP","floor":48}],"player_experience":21614,"relics_obtained":[{"floor":6,"key":"Bottled Tornado"},{"floor":9,"key":"Lizard Tail"},{"floor":11,"key":"Anchor"},{"floor":14,"key":"hubris:SphereOfDissonance"},{"floor":23,"key":"HollowMod:LifeEnderRelic"},{"floor":25,"key":"Replay:Rubber Ducky"},{"floor":26,"key":"Blue Doll"},{"floor":30,"key":"Replay:Accelerometer"},{"floor":40,"key":"Pear"},{"floor":42,"key":"hubris:CrystalStatue"},{"floor":43,"key":"Boot"},{"floor":45,"key":"Whetstone"}],"event_choices":[{"damage_healed":0,"gold_gain":0,"cards_transformed":["Blood_Magic"],"player_choice":"Transformed","damage_taken":0,"max_hp_gain":0,"max_hp_loss":0,"event_name":"Transmorgrifier","floor":19,"gold_loss":0,"cards_obtained":["Violent_Necrosis"]},{"damage_healed":0,"gold_gain":0,"player_choice":"Became a vampire","damage_taken":0,"max_hp_gain":0,"max_hp_loss":23,"event_name":"Vampires","floor":22,"gold_loss":0,"cards_obtained":["Bite","Bite","Bite","Bite","Bite"]},{"cards_removed":["Death_March_Dance"],"damage_healed":0,"gold_gain":0,"player_choice":"Removed Attack","damage_taken":0,"max_hp_gain":0,"max_hp_loss":0,"event_name":"Falling","floor":36,"gold_loss":0},{"cards_removed":["Detonate_Bones"],"damage_healed":0,"gold_gain":0,"player_choice":"Card Removal","damage_taken":0,"max_hp_gain":0,"max_hp_loss":0,"event_name":"Wheel of Change","floor":37,"gold_loss":0}],"is_beta":false,"boss_relics":[{"not_picked":["ReplayTheSpireMod:DimensionalGlitch","Fusion Hammer"],"picked":"Astrolabe"},{"not_picked":["Replay:Fungal Core","Cursed Key"],"picked":"ChewingGum"}],"items_purged_floors":[21,28],"is_endless":false,"potions_floor_spawned":[1,4,8,13,14,24,25,27,31,33,40,44,46,47,48],"ascension_level":1}}