{"host":"hkn2afmzerj1j6xm","time":1613491495,"event":{"mods":["Act Like it!","AlwaysNeverKeys","BaseMod","Better Altar","Better Third Choice","BetterRewards","Challenge The Spire","Marisa£¨Ùöéë¡¡Øª×âÞÞ£©","Minty Spire (QoL Compilation)","Remove Card Discount Mod","Shop Mod","Spicy Shops","StSLib","The Jungle","?ûýò¦Ñõ"],"gold_per_floor":[139,139,139,139,184,184,227,255,323,395,132,232,290,290,290,454,504,519,597,676,676,732,732,828,893,893,142,216,301,5,5,5,162,162,197,217,217,282,355,166,9,99,99,99,99,177,177,259,259,259],"floor_reached":51,"language":"KOR","playtime":2149,"items_purged":["Strike_MRS","Defend_MRS","Strike_MRS","Defend_MRS","Normality","Regret","Defend_MRS+1","Strike_MRS","Defend_MRS+1"],"score":812,"play_id":"0577319a-c1ca-4094-bc39-2382f53a0049","local_time":"20210217010455","is_ascension_mode":true,"campfire_choices":[{"floor":6.0,"key":"REST"},{"floor":15.0,"key":"REST"},{"floor":23.0,"key":"REST"},{"data":"PropBag","floor":32.0,"key":"SMITH"},{"floor":44,"key":"REST"},{"floor":49,"key":"REST"}],"circlet_count":0,"master_deck":["MasterSpark+1","UpSweep","WitchOfGreed","GalacticHalo+1","GrandCross","Apotheosis","MillisecondPulsars","WitchOfGreed+1","FairyDestructionRay","GrandCross","AsteroidBelt+1","AsteroidBelt+1","AsteroidBelt","GrandCross","PropBag+1","CasketOfStar","CurseOfTheBell","PropBag+1","AlicesGift","Decay","Wraith"],"relics":["MiniHakkero","War Paint","Mummified Hand","Anchor","Frozen Eye","Oddly Smooth Stone","Tiny House","Boot","Bottled Tornado","FossilizedHelix","OrangePellets","Pantograph","Orrery","WingedGreaves","Torii","Calling Bell","Pen Nib","Blue Candle","StoneCalendar","DollysMirror","Lantern","Vajra","Shovel"],"acts_visited":["Exordium","TheCity","TheBeyond"],"potions_floor_usage":[42,48,50,50],"damage_taken":[{"damage":1.0,"enemies":"2 Louse","floor":1.0,"turns":3.0},{"damage":6.0,"enemies":"Cultist","floor":5.0,"turns":3.0},{"damage":0.0,"enemies":"Jaw Worm","floor":7.0,"turns":2.0},{"damage":14.0,"enemies":"Gremlin Nob","floor":8.0,"turns":3.0},{"damage":34.0,"enemies":"3 Sentries","floor":10.0,"turns":9.0},{"damage":3.0,"enemies":"Red Slaver","floor":13.0,"turns":3.0},{"damage":29.0,"enemies":"The Guardian","floor":16.0,"turns":9.0},{"damage":0.0,"enemies":"Spheric Guardian","floor":18.0,"turns":2.0},{"damage":0.0,"enemies":"3 Byrds","floor":19.0,"turns":3.0},{"damage":28.0,"enemies":"Centurion and Healer","floor":20.0,"turns":6.0},{"damage":30.0,"enemies":"Snecko","floor":22.0,"turns":4.0},{"damage":53.0,"enemies":"Slavers","floor":24.0,"turns":6.0},{"damage":21.0,"enemies":"3 Cultists","floor":25.0,"turns":6.0},{"damage":0.0,"enemies":"Sentry and Sphere","floor":28.0,"turns":4.0},{"damage":0.0,"enemies":"Gremlin Leader","floor":29.0,"turns":5.0},{"damage":1.0,"enemies":"Automaton","floor":33.0,"turns":9.0},{"damage":10.0,"enemies":"3 Darklings","floor":35.0,"turns":5.0},{"damage":6.0,"enemies":"3 Shapes","floor":36.0,"turns":5.0},{"damage":0.0,"enemies":"Writhing Mass","floor":38.0,"turns":6.0},{"damage":8.0,"enemies":"3 Darklings","floor":39.0,"turns":5.0},{"damage":57,"enemies":"Reptomancer","floor":42,"turns":6},{"damage":14,"enemies":"Maw","floor":46,"turns":6},{"damage":0,"enemies":"4 Shapes","floor":48,"turns":4},{"damage":103,"enemies":"Awakened One","floor":50,"turns":13}],"seed_played":"7566069012619083369","potions_obtained":[{"floor":1.0,"key":"FairyPotion"},{"floor":4.0,"key":"FairyPotion"},{"floor":4.0,"key":"LiquidMemories"},{"floor":5.0,"key":"FearPotion"},{"floor":5.0,"key":"LiquidMemories"},{"floor":8.0,"key":"Block Potion"},{"floor":10.0,"key":"LiquidMemories"},{"floor":16.0,"key":"FairyPotion"},{"floor":24.0,"key":"Regen Potion"},{"floor":25.0,"key":"Block Potion"},{"floor":38.0,"key":"GamblersBrew"},{"floor":38.0,"key":"DuplicationPotion"},{"floor":42,"key":"PowerPotion"},{"floor":42,"key":"Explosive Potion"},{"floor":48,"key":"Swift Potion"},{"floor":48,"key":"BottledSpark"}],"is_trial":false,"path_per_floor":["M","?","$","?","M","R","M","E","T","E","$","?","M","?","R","B",null,"M","M","M","?","M","R","E","M","T","$","M","E","R","?","R","B",null,"M","M","$","M","M","R","$","E","T","R","?","M","?","M","R","B",null],"character_chosen":"MARISA","items_purchased":["WitchOfGreed","GalacticHalo","GrandCross","PowerPotion","Frozen Eye","Oddly Smooth Stone","WitchOfGreed","FairyDestructionRay","FossilizedHelix","OrangePellets","Pantograph","Orrery","Torii","DollysMirror","AlicesGift","Lantern"],"campfire_rested":5,"item_purchase_floors":[0,0,0,0,11,11,11,11,27,27,27,27,30,40,40,41],"current_hp_per_floor":[66,51,51,51,45,67,67,53,53,19,19,19,16,16,38,9,80,80,80,52,52,22,46,24,18,18,18,18,18,18,80,80,79,80,70,64,64,64,56,56,56,24,24,48,48,34,34,34,58,10],"gold":259,"neow_bonus":"","is_daily":false,"chose_seed":false,"campfire_upgraded":1,"win_rate":0.0,"timestamp":1613491495,"path_taken":["M","?","$","?","?","R","M","E","T","E","$","?","?","?","R","BOSS","M","?","M","?","M","R","E","M","T","$","?","E","R","?","R","BOSS","M","M","$","M","?","R","$","E","T","R","?","?","?","M","R","BOSS"],"items_purchased_type":["Card","Card","Card","Potion","Relic","Relic","Card","Card","Relic","Relic","Relic","Relic","Relic","Relic","Card","Relic"],"build_version":"2020-12-22","purchased_purges":9,"victory":true,"max_hp_per_floor":[75,75,75,75,75,75,75,75,75,75,75,75,75,75,75,75,80,80,80,80,80,80,80,80,80,80,80,80,80,80,80,80,80,80,80,80,80,80,80,80,80,80,80,80,80,80,80,80,80,80],"card_choices":[{"not_picked":["DoubleSpark","MeteoricShower","LuminesStrike"],"picked":"SKIP","floor":1.0},{"not_picked":["DoubleSpark","NonDirectionalLaser","EnergyRecoil"],"picked":"SKIP","floor":5.0},{"not_picked":["MilkyWay","6A","FairyDestructionRay"],"picked":"SKIP","floor":7.0},{"not_picked":["6A","GravityBeat","NonDirectionalLaser"],"picked":"SKIP","floor":8.0},{"not_picked":["MilkyWay","PowerUp"],"picked":"MillisecondPulsars","floor":10.0},{"not_picked":["MysteriousBeam","MagicChant"],"picked":"GrandCross","floor":13.0},{"not_picked":["MachineGunSpark","Orbital","DoubleSpark+1"],"picked":"SKIP","floor":18.0},{"not_picked":["ChargeUpSpray","NonDirectionalLaser+1","DC"],"picked":"SKIP","floor":19.0},{"not_picked":["DoubleSpark","GravityBeat","DragonMeteor+1"],"picked":"SKIP","floor":20.0},{"not_picked":["GravityBeat","SatelliteIllusion","EnergyRecoil"],"picked":"SKIP","floor":22.0},{"not_picked":["PowerUp","DarkMatter","EnergyRecoil+1"],"picked":"SKIP","floor":24.0},{"not_picked":["ShootingEcho","WitchLeyline+1","6A+1"],"picked":"SKIP","floor":25.0},{"not_picked":["LuminesStrike","GravityBeat"],"picked":"AsteroidBelt+1","floor":27.0},{"not_picked":["IllusionStar","DoubleSpark+1"],"picked":"AsteroidBelt+1","floor":27.0},{"not_picked":["BinaryStars","DoubleSpark"],"picked":"AsteroidBelt","floor":27.0},{"not_picked":["DoubleSpark","GasGiant"],"picked":"GrandCross","floor":27.0},{"not_picked":["NonDirectionalLaser","GalacticHalo"],"picked":"PropBag","floor":27.0},{"not_picked":["MilkyWay+1","GravityBeat","DoubleSpark"],"picked":"SKIP","floor":28.0},{"not_picked":["Singularity","MeteoricShower"],"picked":"CasketOfStar","floor":29.0},{"not_picked":["UnstableBomb","GravityBeat","ManaConvection"],"picked":"SKIP","floor":35.0},{"not_picked":["OneTimeOff+1","GalacticHalo","IllusionStar+1"],"picked":"SKIP","floor":36.0},{"not_picked":["6A","PowerUp+1","DragonMeteor+1"],"picked":"SKIP","floor":38.0},{"not_picked":["DC","AsteroidBelt","UnstableBomb"],"picked":"SKIP","floor":39.0},{"not_picked":["6A+1","MillisecondPulsars","EnergyRecoil+1"],"picked":"SKIP","floor":42},{"not_picked":["ShootingEcho","UnstableBomb","Occultation"],"picked":"SKIP","floor":46},{"not_picked":["IllusionStar+1","DragonMeteor","DarkSpark"],"picked":"SKIP","floor":48}],"player_experience":193217,"relics_obtained":[{"floor":8.0,"key":"War Paint"},{"floor":9.0,"key":"Mummified Hand"},{"floor":10.0,"key":"Anchor"},{"floor":24.0,"key":"Boot"},{"floor":26.0,"key":"Bottled Tornado"},{"floor":29.0,"key":"WingedGreaves"},{"floor":34.0,"key":"Pen Nib"},{"floor":34.0,"key":"Blue Candle"},{"floor":34.0,"key":"StoneCalendar"},{"floor":42,"key":"Vajra"},{"floor":43,"key":"Shovel"}],"event_choices":[{"damage_healed":66.0,"max_hp_gain":0.0,"max_hp_loss":75.0,"gold_gain":0.0,"event_name":"betterThird:BetterShining","player_choice":"Upgrade","floor":2.0,"gold_loss":0.0,"damage_taken":15.0,"cards_upgraded":["Defend_MRS","MasterSpark"]},{"damage_healed":0.0,"max_hp_gain":0.0,"max_hp_loss":0.0,"gold_gain":0.0,"event_name":"Lab","player_choice":"Got Potions","floor":4.0,"gold_loss":0.0,"damage_taken":0.0},{"damage_healed":0.0,"max_hp_gain":0.0,"max_hp_loss":0.0,"gold_gain":100.0,"event_name":"Golden Shrine","player_choice":"Pray","floor":12.0,"gold_loss":0.0,"damage_taken":0.0},{"cards_removed":["Strike_MRS"],"damage_healed":0.0,"max_hp_gain":0.0,"max_hp_loss":0.0,"gold_gain":0.0,"event_name":"Purifier","player_choice":"Purged","floor":14.0,"gold_loss":0.0,"damage_taken":0.0},{"damage_healed":0.0,"max_hp_gain":0.0,"max_hp_loss":0.0,"gold_gain":0.0,"event_name":"FaceTrader","player_choice":"Leave","floor":21.0,"gold_loss":0.0,"damage_taken":0.0},{"damage_healed":62.0,"max_hp_gain":0.0,"max_hp_loss":0.0,"gold_gain":0.0,"event_name":"Wheel of Change","player_choice":"Full Heal","floor":31.0,"gold_loss":0.0,"damage_taken":0.0},{"damage_healed":0,"gold_gain":0,"player_choice":"Cursed","damage_taken":0,"max_hp_gain":0,"max_hp_loss":0,"event_name":"Wheel of Change","floor":45,"gold_loss":0,"cards_obtained":["Decay"]},{"damage_healed":0,"gold_gain":0,"player_choice":"Ignored","damage_taken":0,"max_hp_gain":0,"max_hp_loss":0,"event_name":"OrinTheCat","floor":47,"gold_loss":0}],"is_beta":false,"boss_relics":[{"not_picked":["Velvet Choker","Pandora\u0027s Box"],"picked":"Tiny House"},{"not_picked":["SlaversCollar","Coffee Dripper"],"picked":"Calling Bell"}],"items_purged_floors":[0,0,0,0,11,27,27,27,27],"is_endless":false,"potions_floor_spawned":[5,8,10,13,19,24,25,29,33,38,39,42],"ascension_level":1}}