{"host":"2l5k2wp87eek7qja","time":1613493192,"event":{"mods":["BaseMod","Colored Map","Minty Spire (QoL Compilation)","Relic Stats"],"gold_per_floor":[114,114,128,278,292,292,326,336,362,67,32,32,62,79,79,151,151,169,169,187,187,187],"floor_reached":21,"language":"ENG","playtime":739,"items_purged":[],"score":358,"play_id":"7d250aa0-3eb7-405b-8cd7-4716ce4f85d3","local_time":"20210216183312","is_ascension_mode":true,"campfire_choices":[{"data":"Cloak And Dagger","floor":6.0,"key":"SMITH"},{"data":"Catalyst","floor":12.0,"key":"SMITH"},{"data":"Neutralize","floor":15.0,"key":"SMITH"}],"circlet_count":0,"master_deck":["AscendersBane","Strike_G","Strike_G","Strike_G","Strike_G","Strike_G","Defend_G","Defend_G","Defend_G","Defend_G","Defend_G","Survivor","Neutralize+1","Quick Slash","Corpse Explosion","Cloak And Dagger+1","Doubt","Deadly Poison","Deadly Poison","Acrobatics","Catalyst+1","Well Laid Plans","Dodge and Roll","Backstab","Malaise","Noxious Fumes","Leg Sweep"],"relics":["Ring of the Snake","NeowsBlessing","Juzu Bracelet","Bag of Marbles","Bronze Scales","Odd Mushroom","WristBlade"],"acts_visited":["Exordium","TheCity"],"potions_floor_usage":[21],"damage_taken":[{"damage":0.0,"enemies":"2 Louse","floor":1.0,"turns":1.0},{"damage":0.0,"enemies":"Cultist","floor":3.0,"turns":1.0},{"damage":0.0,"enemies":"Small Slimes","floor":5.0,"turns":1.0},{"damage":27.0,"enemies":"3 Sentries","floor":7.0,"turns":5.0},{"damage":10.0,"enemies":"2 Fungi Beasts","floor":8.0,"turns":4.0},{"damage":6.0,"enemies":"The Mushroom Lair","floor":13.0,"turns":2.0},{"damage":7.0,"enemies":"3 Louse","floor":14.0,"turns":2.0},{"damage":7,"enemies":"The Guardian","floor":16,"turns":7},{"damage":20,"enemies":"Spheric Guardian","floor":18,"turns":5},{"damage":19,"enemies":"Shell Parasite","floor":20,"turns":4},{"damage":20,"enemies":"Masked Bandits","floor":21,"turns":2}],"seed_played":"-7401723621614856444","potions_obtained":[{"floor":5.0,"key":"CultistPotion"},{"floor":7.0,"key":"Strength Potion"}],"is_trial":false,"path_per_floor":["M","?","M","?","M","R","E","M","T","$","?","R","?","M","R","B",null,"M","?","M","?"],"character_chosen":"THE_SILENT","items_purchased":["Catalyst","Bronze Scales","Well Laid Plans"],"campfire_rested":0,"item_purchase_floors":[10,10,10],"current_hp_per_floor":[59,59,59,59,59,59,32,22,22,22,38,38,32,25,25,18,54,34,34,15,0,0],"gold":187,"neow_bonus":"THREE_ENEMY_KILL","is_daily":false,"chose_seed":false,"campfire_upgraded":3,"win_rate":0.0,"timestamp":1613493192,"path_taken":["M","?","?","?","M","R","E","M","T","$","?","R","?","M","R","BOSS","M","?","M","?"],"items_purchased_type":["Card","Relic","Card"],"build_version":"2020-12-22","purchased_purges":0,"victory":false,"max_hp_per_floor":[66,66,66,66,66,66,66,66,66,66,66,66,66,66,66,66,66,66,66,66,66,66],"relic_stats":{"counters":[11,34],"Bronze Scales":[48],"Juzu Bracelet":0,"obtain_stats":[{"NeowsBlessing":0,"WristBlade":17,"Bronze Scales":10,"Juzu Bracelet":7,"Bag of Marbles":9,"Odd Mushroom":13,"Ring of the Snake":0},{"NeowsBlessing":0,"WristBlade":8,"Bronze Scales":5,"Juzu Bracelet":4,"Bag of Marbles":5,"Odd Mushroom":6,"Ring of the Snake":0},{"NeowsBlessing":0,"WristBlade":23,"Bronze Scales":12,"Juzu Bracelet":8,"Bag of Marbles":12,"Odd Mushroom":14,"Ring of the Snake":0}],"Ring of the Snake":[22]},"card_choices":[{"not_picked":["Bane","Caltrops"],"picked":"Quick Slash","floor":1.0},{"not_picked":["Expertise","Poisoned Stab"],"picked":"Cloak And Dagger","floor":3.0},{"not_picked":["Slice","Calculated Gamble"],"picked":"Deadly Poison","floor":5.0},{"not_picked":["Dagger Throw","Predator"],"picked":"Deadly Poison","floor":7.0},{"not_picked":["All Out Attack","Finisher"],"picked":"Acrobatics","floor":8.0},{"not_picked":["Dagger Throw","Doppelganger"],"picked":"Dodge and Roll","floor":13.0},{"not_picked":["Flying Knee","Outmaneuver"],"picked":"Backstab","floor":14.0},{"not_picked":["Die Die Die","Phantasmal Killer"],"picked":"Malaise","floor":16},{"not_picked":["Underhanded Strike","Blur"],"picked":"Noxious Fumes","floor":18},{"not_picked":["Dagger Spray","Reflex","Tactician+1"],"picked":"SKIP","floor":20}],"player_experience":789903,"relics_obtained":[{"floor":7.0,"key":"Juzu Bracelet"},{"floor":9.0,"key":"Bag of Marbles"},{"floor":13.0,"key":"Odd Mushroom"}],"event_choices":[{"damage_healed":0.0,"max_hp_gain":0.0,"max_hp_loss":0.0,"gold_gain":0.0,"event_name":"Match and Keep!","player_choice":"1 cards matched","floor":2.0,"gold_loss":0.0,"damage_taken":0.0,"cards_obtained":["Corpse Explosion"]},{"damage_healed":0.0,"max_hp_gain":0.0,"max_hp_loss":0.0,"gold_gain":150.0,"event_name":"Liars Game","player_choice":"AGREE","floor":4.0,"gold_loss":0.0,"damage_taken":0.0,"cards_obtained":["Doubt"]},{"damage_healed":16.0,"max_hp_gain":0.0,"max_hp_loss":0.0,"gold_gain":0.0,"event_name":"The Cleric","player_choice":"Healed","floor":11.0,"gold_loss":35.0,"damage_taken":0.0},{"damage_healed":0.0,"max_hp_gain":0.0,"max_hp_loss":0.0,"gold_gain":0.0,"event_name":"Mushrooms","player_choice":"Fought Mushrooms","floor":13.0,"gold_loss":0.0,"damage_taken":0.0},{"damage_healed":0,"gold_gain":0,"player_choice":"Read","damage_taken":0,"max_hp_gain":0,"max_hp_loss":0,"event_name":"The Library","floor":19,"gold_loss":0,"cards_obtained":["Leg Sweep"]},{"damage_healed":0,"gold_gain":0,"player_choice":"Fought Bandits","damage_taken":0,"max_hp_gain":0,"max_hp_loss":0,"event_name":"Masked Bandits","floor":21,"gold_loss":0}],"is_beta":false,"boss_relics":[{"not_picked":["Astrolabe","Tiny House"],"picked":"WristBlade"}],"items_purged_floors":[],"is_endless":false,"potions_floor_spawned":[5,7,14],"killed_by":"Masked Bandits","ascension_level":20}}