{"host":"r0ye8pdzuq6zwfvs","time":1613467585,"event":{"mods":["AchievementEnabler","Act Like it!","Arknights","BaseMod","BetterRewards","CapriCore","Card Forge","Colored Map","Colored Powertips","Custom Start","DeckTracker","Luminous","Minty Spire (QoL Compilation)","Permanent Neow","Prisma Mod","Quick Restart","Relic Stats","Shop Mod","StSLib","SuperFastMode","Swap Starting Deck Mod","The Alterego","The Immortal","Uncapped","Weighted Paths"],"gold_per_floor":[114,126,126,140,215,246,264,264,316,328,328,342,354,389,389,493,493,493,418,418,418,418,418,22,22,22,22,22,22,22,22,22,22,22,22,22,22,22,22,22,22,22,22,22,22,22,22,22,22,22,22],"floor_reached":50,"language":"ENG","playtime":3761,"items_purged":[],"score":667,"play_id":"75096fec-53d6-4bc7-8499-d73efe09df3f","local_time":"20210216022625","is_ascension_mode":false,"campfire_choices":[{"data":"alterego_mod:DiscoLights","floor":8,"key":"SMITH"},{"data":"alterego_mod:DiscoLights","floor":11,"key":"SMITH"},{"data":"alterego_mod:Belts","floor":15,"key":"SMITH"},{"floor":23,"key":"DIG"},{"floor":25,"key":"RECALL"},{"data":"alterego_mod:TrashNCrash","floor":30,"key":"SMITH"},{"floor":32,"key":"DIG"},{"floor":41,"key":"DIG"},{"floor":49,"key":"DIG"}],"circlet_count":0,"master_deck":["alterego_mod:BigMeatyClaws+1","alterego_mod:Valentines+1","alterego_mod:DiscoLights+1","alterego_mod:DiscoLights+1","alterego_mod:Belts+1","alterego_mod:TrashNCrash+1","alterego_mod:AlterEgo+1","alterego_mod:IndependentAction+1","alterego_mod:Birthday+1","alterego_mod:Birthday+1","alterego_mod:BustOut+1","alterego_mod:RidiculouslyBig+1","alterego_mod:IdEs+1","alterego_mod:PresenceConcealment","alterego_mod:Punishment+1","alterego_mod:Collar+1","alterego_mod:DiscoLights+1","Parasite","alterego_mod:DiscoLights+1"],"relics":["alterego_mod:MasochisticConstitution","Hammer of Thor","Seething Fire","Anvil of the Gods","TungstenRod","Chemical X","Shovel","Blue Candle","Oddly Smooth Stone","Ectoplasm","MealTicket","Blood Vial","alterego_mod:SistersRibbon","Toy Ornithopter","PrismaMod:PrismaTraceOn","Juzu Bracelet","Pantograph","Fusion Hammer","Girya","Ancient Tea Set","Molten Egg 2","Strawberry","Bag of Marbles","Pear"],"acts_visited":["Exordium","TheCity","TheBeyond"],"potions_floor_usage":[],"damage_taken":[{"damage":0,"enemies":"ats:Genji","floor":1,"turns":4},{"damage":0,"enemies":"2 Louse","floor":2,"turns":4},{"damage":1,"enemies":"Small Slimes","floor":4,"turns":5},{"damage":25,"enemies":"Gremlin Nob","floor":6,"turns":6},{"damage":5,"enemies":"Exordium Wildlife","floor":7,"turns":4},{"damage":7,"enemies":"Blue Slaver","floor":10,"turns":6},{"damage":6,"enemies":"Exordium Thugs","floor":12,"turns":7},{"damage":7,"enemies":"Large Slime","floor":13,"turns":9},{"damage":15,"enemies":"3 Sentries","floor":14,"turns":7},{"damage":6,"enemies":"Hexaghost","floor":16,"turns":8},{"damage":0,"enemies":"Shell Parasite","floor":18,"turns":4},{"damage":0,"enemies":"Spheric Guardian","floor":20,"turns":3},{"damage":22,"enemies":"Centurion and Healer","floor":21,"turns":6},{"damage":23,"enemies":"Cultist and Chosen","floor":22,"turns":10},{"damage":41,"enemies":"Slavers","floor":28,"turns":8},{"damage":16,"enemies":"Snake Plant","floor":29,"turns":7},{"damage":15,"enemies":"3 Cultists","floor":31,"turns":6},{"damage":44,"enemies":"Automaton","floor":33,"turns":7},{"damage":7,"enemies":"Orb Walker","floor":35,"turns":3},{"damage":0,"enemies":"Mind Bloom Boss Battle","floor":36,"turns":3},{"damage":0,"enemies":"3 Darklings","floor":37,"turns":4},{"damage":49,"enemies":"Sphere and 2 Shapes","floor":38,"turns":5},{"damage":0,"enemies":"Maw","floor":39,"turns":5},{"damage":0,"enemies":"Nemesis","floor":40,"turns":6},{"damage":22,"enemies":"4 Shapes","floor":42,"turns":7},{"damage":29,"enemies":"Transient","floor":44,"turns":5},{"damage":16,"enemies":"Reptomancer","floor":45,"turns":4},{"damage":5,"enemies":"Maw","floor":46,"turns":7},{"damage":32,"enemies":"Writhing Mass","floor":47,"turns":5},{"damage":24,"enemies":"Awakened One","floor":50,"turns":7}],"seed_played":"6621462656663469168","potions_obtained":[{"floor":2,"key":"FearPotion"},{"floor":4,"key":"Energy Potion"},{"floor":12,"key":"LiquidBronze"},{"floor":13,"key":"EssenceOfSteel"},{"floor":35,"key":"Regen Potion"}],"is_trial":false,"path_per_floor":["M","M","?","M","?","E","M","R","T","M","R","M","M","E","R","B",null,"M","?","M","M","M","R","$","R","T","?","E","M","R","M","R","B",null,"M","?","M","M","M","E","R","M","T","M","E","M","M","?","R","B"],"character_chosen":"The_Alterego","items_purchased":["TungstenRod","Chemical X","alterego_mod:Birthday","Blood Vial","alterego_mod:SistersRibbon","alterego_mod:BustOut"],"campfire_rested":0,"item_purchase_floors":[0,0,24,24,24,24],"current_hp_per_floor":[70,70,70,71,61,37,40,40,40,41,41,43,58,44,44,39,78,78,78,78,57,35,35,50,50,50,50,20,32,32,42,42,31,84,78,85,85,50,86,86,86,71,78,77,96,97,98,98,108,108,108],"gold":22,"neow_bonus":"","is_daily":false,"chose_seed":false,"campfire_upgraded":4,"win_rate":0.0,"timestamp":1613467585,"path_taken":["M","M","?","M","?","E","M","R","T","M","R","M","M","E","R","BOSS","M","?","M","M","M","R","$","R","T","?","E","M","R","M","R","BOSS","M","?","M","M","M","E","R","M","T","M","E","M","M","?","R","BOSS"],"items_purchased_type":["Relic","Relic","Card","Relic","Relic","Card"],"build_version":"2020-12-22","purchased_purges":0,"victory":false,"max_hp_per_floor":[70,70,70,71,71,72,73,73,73,74,74,75,76,77,77,78,78,78,78,78,79,80,80,80,80,80,80,81,82,82,83,83,84,84,85,85,85,86,86,86,86,87,94,95,96,97,98,98,108,108,108],"relic_stats":{"Blood Vial":14,"Shovel":4,"counters":[30,172],"Blue Candle":[1],"Pantograph":32,"MealTicket":15,"Ectoplasm":512,"Juzu Bracelet":0,"Chemical X":[112],"obtain_stats":[{"Girya":36,"alterego_mod:MasochisticConstitution":0,"Pear":49,"Blue Candle":6,"Oddly Smooth Stone":14,"Hammer of Thor":0,"Juzu Bracelet":28,"Seething Fire":0,"Ancient Tea Set":40,"PrismaMod:PrismaTraceOn":27,"Blood Vial":24,"Shovel":0,"Anvil of the Gods":0,"Pantograph":32,"Strawberry":43,"MealTicket":23,"Molten Egg 2":41,"Ectoplasm":17,"Fusion Hammer":34,"Bag of Marbles":45,"Chemical X":0,"alterego_mod:SistersRibbon":24,"TungstenRod":0,"Toy Ornithopter":26},{"Girya":20,"alterego_mod:MasochisticConstitution":0,"Pear":29,"Blue Candle":4,"Oddly Smooth Stone":9,"Hammer of Thor":0,"Juzu Bracelet":15,"Seething Fire":0,"Ancient Tea Set":24,"PrismaMod:PrismaTraceOn":14,"Blood Vial":14,"Shovel":0,"Anvil of the Gods":0,"Pantograph":17,"Strawberry":25,"MealTicket":14,"Molten Egg 2":24,"Ectoplasm":10,"Fusion Hammer":18,"Bag of Marbles":27,"Chemical X":0,"alterego_mod:SistersRibbon":14,"TungstenRod":0,"Toy Ornithopter":14},{"Girya":117,"alterego_mod:MasochisticConstitution":0,"Pear":165,"Blue Candle":19,"Oddly Smooth Stone":52,"Hammer of Thor":0,"Juzu Bracelet":91,"Seething Fire":0,"Ancient Tea Set":137,"PrismaMod:PrismaTraceOn":83,"Blood Vial":83,"Shovel":0,"Anvil of the Gods":0,"Pantograph":104,"Strawberry":144,"MealTicket":83,"Molten Egg 2":137,"Ectoplasm":60,"Fusion Hammer":111,"Bag of Marbles":153,"Chemical X":0,"alterego_mod:SistersRibbon":83,"TungstenRod":0,"Toy Ornithopter":83}],"TungstenRod":61,"Toy Ornithopter":0},"card_choices":[{"not_picked":["alterego_mod:Nekomimi","alterego_mod:PerceptionDisorder"],"picked":"alterego_mod:DiscoLights","floor":1},{"not_picked":["alterego_mod:Pet","alterego_mod:Santa"],"picked":"alterego_mod:DiscoLights","floor":2},{"not_picked":["alterego_mod:BoobPocket","alterego_mod:Bounce","alterego_mod:Punishment"],"picked":"SKIP","floor":4},{"not_picked":["alterego_mod:RingBreak","alterego_mod:DestructionOfProperty"],"picked":"alterego_mod:Belts","floor":6},{"not_picked":["alterego_mod:Undulate","alterego_mod:BusterCard","alterego_mod:BiFurious"],"picked":"SKIP","floor":7},{"not_picked":["alterego_mod:HighServant","alterego_mod:BoobPocket"],"picked":"alterego_mod:TrashNCrash","floor":10},{"not_picked":["alterego_mod:Cycle","alterego_mod:Table","alterego_mod:BiFurious"],"picked":"SKIP","floor":12},{"not_picked":["alterego_mod:BeGentle","alterego_mod:DeftHands","alterego_mod:Smother"],"picked":"SKIP","floor":13},{"not_picked":["alterego_mod:Rip","alterego_mod:BustOut","alterego_mod:1TonWallop"],"picked":"SKIP","floor":14},{"not_picked":["alterego_mod:BrynhildrRomantia","alterego_mod:InsideBaseball"],"picked":"alterego_mod:AlterEgo","floor":16},{"not_picked":["alterego_mod:Complex","alterego_mod:Bounce"],"picked":"alterego_mod:IndependentAction","floor":18},{"not_picked":["alterego_mod:Bunnysuit","alterego_mod:Jiggle+1","alterego_mod:Support"],"picked":"SKIP","floor":20},{"not_picked":["alterego_mod:Maid","alterego_mod:Schoolgirl","alterego_mod:Undulate+1"],"picked":"SKIP","floor":21},{"not_picked":["alterego_mod:TrashNCrash","alterego_mod:Clones+1"],"picked":"alterego_mod:Birthday+1","floor":22},{"not_picked":["alterego_mod:Clones","alterego_mod:Rip"],"picked":"alterego_mod:RidiculouslyBig+1","floor":28},{"not_picked":["alterego_mod:DustData","alterego_mod:Lingerie","alterego_mod:ChallengeComplete"],"picked":"SKIP","floor":29},{"not_picked":["alterego_mod:RingBreak","alterego_mod:HighServant+1","alterego_mod:Rip"],"picked":"SKIP","floor":31},{"not_picked":["alterego_mod:InsideBaseball","alterego_mod:Valkyrie"],"picked":"alterego_mod:IdEs","floor":33},{"not_picked":["alterego_mod:Clones+1","alterego_mod:Undulate","alterego_mod:Complex"],"picked":"SKIP","floor":35},{"not_picked":["alterego_mod:HighServant+1","alterego_mod:Vow"],"picked":"alterego_mod:PresenceConcealment","floor":37},{"not_picked":["alterego_mod:Swimsuit","alterego_mod:Maid","alterego_mod:1TonWallop+1"],"picked":"SKIP","floor":38},{"not_picked":["alterego_mod:SakuraPetals+1","alterego_mod:Undulate"],"picked":"alterego_mod:Punishment+1","floor":39},{"not_picked":["alterego_mod:GachaTicket","alterego_mod:ChallengeComplete"],"picked":"alterego_mod:Collar+1","floor":40},{"not_picked":["alterego_mod:PresenceConcealment","alterego_mod:Pet+1","alterego_mod:ChallengeComplete"],"picked":"SKIP","floor":42},{"not_picked":["alterego_mod:PresenceConcealment","alterego_mod:MagicResistance+1"],"picked":"alterego_mod:DiscoLights+1","floor":44},{"not_picked":["alterego_mod:SakuraPetals+1","alterego_mod:STier","alterego_mod:BiFurious+1"],"picked":"SKIP","floor":45},{"not_picked":["alterego_mod:HighServant+1","alterego_mod:Punishment","alterego_mod:Skirt+1"],"picked":"SKIP","floor":46},{"not_picked":["alterego_mod:Valentines+1","alterego_mod:Bloomers"],"picked":"alterego_mod:DiscoLights+1","floor":47}],"player_experience":234000,"relics_obtained":[{"floor":6,"key":"Blue Candle"},{"floor":14,"key":"Oddly Smooth Stone"},{"floor":23,"key":"MealTicket"},{"floor":26,"key":"Toy Ornithopter"},{"floor":28,"key":"Juzu Bracelet"},{"floor":32,"key":"Pantograph"},{"floor":36,"key":"Girya"},{"floor":40,"key":"Ancient Tea Set"},{"floor":41,"key":"Molten Egg 2"},{"floor":43,"key":"Strawberry"},{"floor":45,"key":"Bag of Marbles"},{"floor":49,"key":"Pear"}],"event_choices":[{"damage_healed":0,"gold_gain":0,"player_choice":"Grow","damage_taken":0,"max_hp_gain":0,"max_hp_loss":0,"event_name":"Living Wall","floor":3,"gold_loss":0,"cards_upgraded":["alterego_mod:BigMeatyClaws"]},{"damage_healed":0,"gold_gain":75,"player_choice":"Gather Gold","damage_taken":11,"max_hp_gain":0,"max_hp_loss":0,"event_name":"World of Goop","floor":5,"gold_loss":0},{"cards_removed":["alterego_mod:Strike"],"damage_healed":0,"gold_gain":0,"player_choice":"Gave Gold","damage_taken":0,"max_hp_gain":0,"max_hp_loss":0,"event_name":"Beggar","floor":19,"gold_loss":75},{"damage_healed":0,"gold_gain":0,"player_choice":"Fight","damage_taken":0,"max_hp_gain":0,"max_hp_loss":0,"event_name":"MindBloom","floor":36,"gold_loss":0},{"damage_healed":0,"gold_gain":0,"player_choice":"Got Potions","damage_taken":0,"max_hp_gain":0,"max_hp_loss":0,"event_name":"Lab","floor":48,"gold_loss":0}],"is_beta":false,"boss_relics":[{"not_picked":["Calling Bell","Cursed Key"],"picked":"Ectoplasm"},{"not_picked":["Tiny House","PrismaMod:PrismaTraceOnUpgrade"],"picked":"Fusion Hammer"}],"items_purged_floors":[],"is_endless":false,"potions_floor_spawned":[2,4,12,13,21,22,28,29,31,35,37,39,44,46],"killed_by":"Awakened One","ascension_level":0}}