{"host":"fuszjwm6fqgjjp4d","time":1613452583,"event":{"mods":["BaseMod","Colored Map","Minty Spire (QoL Compilation)","Permanent Neow","Relic Sorter","Relic Stats","StSLib"],"gold_per_floor":[16,16,16,36,46,46,75,75,99,113,140,140,160,185,197,281,293,317,83,98,110,110,126,126,152,178,207,217,50,50,67,67,143,143,156,156,156,166,166,166,183,199,199,219,219,56,76,95,95,95,95],"floor_reached":50,"language":"ENG","playtime":1222,"items_purged":["Strike_B"],"score":1237,"play_id":"91aeda26-573d-410a-9754-bd8ef6b89f9e","local_time":"20210215231623","is_ascension_mode":true,"campfire_choices":[{"data":"Storm","floor":6.0,"key":"SMITH"},{"data":"Self Repair","floor":12.0,"key":"SMITH"},{"data":"White Noise","floor":15.0,"key":"SMITH"},{"data":"Defragment","floor":24.0,"key":"SMITH"},{"data":"Storm","floor":30.0,"key":"SMITH"},{"floor":32.0,"key":"DIG"},{"floor":40.0,"key":"RECALL"},{"floor":45,"key":"REST"},{"floor":49,"key":"DIG"}],"circlet_count":0,"master_deck":["AscendersBane","Strike_B","Defend_B","Defend_B","Defend_B","Zap","Dualcast","Defragment+1","Self Repair","Storm+1","Machine Learning+1","Self Repair+1","Force Field","White Noise+1","Hello World","Electrodynamics","Capacitor+1","Self Repair+1","Self Repair+1","Cold Snap+1","Defragment+1","Defragment+1","Hello World","Self Repair","Barrage+1","Reboot","Storm+1","Lockon","Coolheaded","Biased Cognition","Barrage","Master of Strategy","Defragment+1","Hologram+1","Cold Snap","Heatsinks+1","Self Repair","Coolheaded"],"relics":["Cracked Core","FossilizedHelix","Bag of Marbles","Pear","Happy Flower","Vajra","MawBank","Astrolabe","DollysMirror","Toy Ornithopter","DataDisk","Shovel","Mercury Hourglass","Inserter","Bottled Flame"],"acts_visited":["Exordium","TheCity","TheBeyond"],"potions_floor_usage":[48,50],"damage_taken":[{"damage":0.0,"enemies":"Cultist","floor":1.0,"turns":4.0},{"damage":0.0,"enemies":"Jaw Worm","floor":4.0,"turns":3.0},{"damage":0.0,"enemies":"2 Louse","floor":5.0,"turns":4.0},{"damage":10.0,"enemies":"Lagavulin","floor":7.0,"turns":6.0},{"damage":32.0,"enemies":"Lots of Slimes","floor":10.0,"turns":3.0},{"damage":25.0,"enemies":"3 Sentries","floor":11.0,"turns":5.0},{"damage":0.0,"enemies":"Looter","floor":13.0,"turns":3.0},{"damage":0.0,"enemies":"Gremlin Nob","floor":14.0,"turns":3.0},{"damage":0.0,"enemies":"Slime Boss","floor":16.0,"turns":6.0},{"damage":0.0,"enemies":"Spheric Guardian","floor":18.0,"turns":4.0},{"damage":23.0,"enemies":"3 Byrds","floor":20.0,"turns":4.0},{"damage":16.0,"enemies":"Snecko","floor":21.0,"turns":5.0},{"damage":11.0,"enemies":"Centurion and Healer","floor":23.0,"turns":5.0},{"damage":32.0,"enemies":"Gremlin Leader","floor":25.0,"turns":5.0},{"damage":42.0,"enemies":"Slavers","floor":27.0,"turns":3.0},{"damage":16.0,"enemies":"Shelled Parasite and Fungi","floor":28.0,"turns":3.0},{"damage":0.0,"enemies":"Snecko","floor":31.0,"turns":3.0},{"damage":8.0,"enemies":"Automaton","floor":33.0,"turns":4.0},{"damage":0.0,"enemies":"Orb Walker","floor":35.0,"turns":2.0},{"damage":56.0,"enemies":"3 Darklings","floor":38.0,"turns":3.0},{"damage":11.0,"enemies":"Sphere and 2 Shapes","floor":41.0,"turns":3.0},{"damage":50.0,"enemies":"4 Shapes","floor":42.0,"turns":3.0},{"damage":18,"enemies":"Writhing Mass","floor":44,"turns":2},{"damage":0,"enemies":"Transient","floor":47,"turns":6},{"damage":17,"enemies":"4 Shapes","floor":48,"turns":3},{"damage":90,"enemies":"Awakened One","floor":50,"turns":3}],"seed_played":"2057021639955653539","potions_obtained":[{"floor":4.0,"key":"Weak Potion"},{"floor":5.0,"key":"GamblersBrew"},{"floor":11.0,"key":"PotionOfCapacity"},{"floor":23.0,"key":"Swift Potion"},{"floor":35.0,"key":"EssenceOfDarkness"},{"floor":42.0,"key":"Fruit Juice"},{"floor":47,"key":"EssenceOfDarkness"}],"is_trial":false,"path_per_floor":["M","?","?","M","M","R","E","?","T","M","E","R","M","E","R","B",null,"M","$","M","M","?","M","R","E","T","E","M","$","R","M","R","B",null,"M","?","?","M","?","R","M","M","T","M","R","$","M","M","R","B"],"character_chosen":"DEFECT","items_purchased":["Defragment","DollysMirror","Storm","Lockon","Self Repair"],"campfire_rested":1,"item_purchase_floors":[19,19,29,29,46],"current_hp_per_floor":[64,64,59,59,66,66,73,73,73,48,37,37,47,64,64,81,81,81,81,78,81,81,81,81,81,81,59,50,50,50,77,77,81,81,81,81,77,48,48,48,57,31,31,23,47,47,82,82,82,0,0],"gold":95,"neow_bonus":"ONE_RARE_RELIC","is_daily":false,"chose_seed":false,"campfire_upgraded":5,"win_rate":0.0,"timestamp":1613452583,"path_taken":["M","?","?","M","M","R","E","?","T","M","E","R","M","E","R","BOSS","M","$","M","?","?","M","R","E","T","E","M","$","R","M","R","BOSS","M","?","?","M","?","R","M","M","T","M","R","$","M","?","R","BOSS"],"items_purchased_type":["Card","Relic","Card","Card","Card"],"build_version":"2020-12-22","purchased_purges":1,"victory":false,"max_hp_per_floor":[71,71,71,71,71,71,81,81,81,81,81,81,81,81,81,81,81,81,81,81,81,81,81,81,81,81,81,81,81,81,81,81,81,81,81,81,77,77,77,77,77,82,82,82,82,82,82,82,82,82,82],"relic_stats":{"Shovel":1,"Inserter":[12],"Happy Flower":[27],"counters":[26,98],"Astrolabe":["Capacitor","Self Repair","Self Repair"],"MawBank":60,"obtain_stats":[{"Pear":7,"Inserter":34,"Happy Flower":9,"Astrolabe":17,"Vajra":11,"MawBank":14,"Mercury Hourglass":32,"DataDisk":26,"Bottled Flame":49,"Shovel":27,"DollysMirror":19,"Bag of Marbles":3,"Cracked Core":0,"FossilizedHelix":0,"Toy Ornithopter":25},{"Pear":4,"Inserter":18,"Happy Flower":4,"Astrolabe":9,"Vajra":6,"MawBank":8,"Mercury Hourglass":17,"DataDisk":14,"Bottled Flame":25,"Shovel":15,"DollysMirror":10,"Bag of Marbles":1,"Cracked Core":0,"FossilizedHelix":0,"Toy Ornithopter":14},{"Pear":17,"Inserter":73,"Happy Flower":17,"Astrolabe":37,"Vajra":25,"MawBank":31,"Mercury Hourglass":69,"DataDisk":60,"Bottled Flame":95,"Shovel":63,"DollysMirror":41,"Bag of Marbles":4,"Cracked Core":0,"FossilizedHelix":0,"Toy Ornithopter":60}],"Toy Ornithopter":14,"Mercury Hourglass":[177]},"card_choices":[{"not_picked":["Coolheaded","Beam Cell"],"picked":"Defragment","floor":1.0},{"not_picked":["Turbo","Sweeping Beam"],"picked":"Self Repair","floor":4.0},{"not_picked":["Rebound","Conserve Battery"],"picked":"Storm","floor":5.0},{"not_picked":["Compile Driver","Tempest"],"picked":"Machine Learning","floor":7.0},{"not_picked":["Ball Lightning","Redo"],"picked":"Self Repair","floor":10.0},{"not_picked":["Ball Lightning","Leap"],"picked":"Force Field","floor":11.0},{"not_picked":["Sunder","Coolheaded"],"picked":"White Noise","floor":13.0},{"not_picked":["Go for the Eyes","Sweeping Beam"],"picked":"Hello World","floor":14.0},{"not_picked":["Echo Form","All For One"],"picked":"Electrodynamics","floor":16.0},{"not_picked":["Go for the Eyes","Compile Driver"],"picked":"Cold Snap+1","floor":18.0},{"not_picked":["Ball Lightning","Conserve Battery+1"],"picked":"Hello World","floor":20.0},{"not_picked":["Cold Snap","Auto Shields"],"picked":"Self Repair","floor":21.0},{"not_picked":["Go for the Eyes","Scrape"],"picked":"Barrage+1","floor":23.0},{"not_picked":["BootSequence+1","Conserve Battery"],"picked":"Reboot","floor":25.0},{"not_picked":["Go for the Eyes","Conserve Battery","Ball Lightning"],"picked":"SKIP","floor":27.0},{"not_picked":["Steam Power","Ball Lightning","Go for the Eyes"],"picked":"SKIP","floor":28.0},{"not_picked":["Leap","Ball Lightning"],"picked":"Coolheaded","floor":31.0},{"not_picked":["Creative AI","Reboot"],"picked":"Biased Cognition","floor":33.0},{"not_picked":["Turbo","Skim"],"picked":"Barrage","floor":35.0},{"not_picked":["Mind Blast","The Bomb"],"picked":"Master of Strategy","floor":36.0},{"not_picked":["Leap","Scrape+1","Skim"],"picked":"SKIP","floor":38.0},{"not_picked":["Go for the Eyes","Gash+1"],"picked":"Hologram+1","floor":41.0},{"not_picked":["Rip and Tear+1","Tempest"],"picked":"Cold Snap","floor":42.0},{"not_picked":["Steam","Stack+1"],"picked":"Heatsinks+1","floor":44},{"not_picked":["Barrage","Redo","Conserve Battery+1"],"picked":"SKIP","floor":47},{"not_picked":["Hologram","Streamline+1"],"picked":"Coolheaded","floor":48}],"player_experience":1488892,"relics_obtained":[{"floor":7.0,"key":"Pear"},{"floor":9.0,"key":"Happy Flower"},{"floor":11.0,"key":"Vajra"},{"floor":14.0,"key":"MawBank"},{"floor":25.0,"key":"Toy Ornithopter"},{"floor":26.0,"key":"DataDisk"},{"floor":27.0,"key":"Shovel"},{"floor":32.0,"key":"Mercury Hourglass"},{"floor":49,"key":"Bottled Flame"}],"event_choices":[{"damage_healed":0.0,"max_hp_gain":0.0,"max_hp_loss":0.0,"gold_gain":0.0,"event_name":"Living Wall","player_choice":"Grow","floor":2.0,"gold_loss":0.0,"damage_taken":0.0,"cards_upgraded":["Defragment"]},{"damage_healed":0.0,"max_hp_gain":0.0,"max_hp_loss":0.0,"gold_gain":0.0,"event_name":"Scrap Ooze","player_choice":"Success","floor":3.0,"gold_loss":0.0,"damage_taken":5.0,"relics_obtained":["Bag of Marbles"]},{"damage_healed":0.0,"max_hp_gain":0.0,"max_hp_loss":0.0,"gold_gain":0.0,"event_name":"Upgrade Shrine","player_choice":"Upgraded","floor":8.0,"gold_loss":0.0,"damage_taken":0.0,"cards_upgraded":["Machine Learning"]},{"damage_healed":0.0,"max_hp_gain":0.0,"max_hp_loss":0.0,"gold_gain":0.0,"event_name":"The Mausoleum","player_choice":"Ignored","floor":22.0,"gold_loss":0.0,"damage_taken":0.0},{"damage_healed":0.0,"max_hp_gain":0.0,"max_hp_loss":0.0,"gold_gain":0.0,"event_name":"SensoryStone","player_choice":"Memory 1","floor":36.0,"gold_loss":0.0,"damage_taken":0.0},{"damage_healed":0.0,"max_hp_gain":0.0,"max_hp_loss":4.0,"gold_gain":0.0,"event_name":"Winding Halls","player_choice":"Max HP","floor":37.0,"gold_loss":0.0,"damage_taken":0.0},{"damage_healed":0.0,"max_hp_gain":0.0,"max_hp_loss":0.0,"gold_gain":0.0,"event_name":"Duplicator","player_choice":"Copied","floor":39.0,"gold_loss":0.0,"damage_taken":0.0,"cards_obtained":["Defragment"]}],"is_beta":false,"boss_relics":[{"not_picked":["Nuclear Battery","Cursed Key"],"picked":"Astrolabe"},{"not_picked":["Tiny House","Busted Crown"],"picked":"Inserter"}],"items_purged_floors":[46],"is_endless":false,"potions_floor_spawned":[4,5,11,13,21,23,27,28,35,42,47],"killed_by":"Awakened One","ascension_level":20}}