{"host":"Ringo","time":1613492918,"event":{"mods":["BaseMod","Colored Map","Conspire","Dota2Spire","Hubris","Minty Spire (QoL Compilation)","Replay The Spire","StSLib","The Construct","[IsaacMod]ÒÔÈö¼âËþ","¡¾ÒÅÎï¿¨ÅÆ¡¿REMEMod"],"gold_per_floor":[118,152,248,160,172,215,262,308,320,367,407,419,462,508,520,603,615,641,76,76,155,188,219,248,278,278,312,383,417,443,472,472,550,550,566,581,581,596,609,637,19,54,54,81,113,142,168,194,194,194,194],"floor_reached":52,"language":"ZHS","playtime":1105,"items_purged":[],"score":4149,"play_id":"a62556f6-b3a4-49d4-9324-3adffe43578e","local_time":"20210217002838","daily_mods":["SealedDeck","Vintage","Red Cards","Green Cards","Colorless Cards","Heirloom","Time Dilation","Flight","DeadlyEvents","Elite Swarm","Lethality","Binary"],"is_ascension_mode":true,"campfire_choices":[{"data":"Ghostly","floor":12.0,"key":"SMITH"},{"data":"Flex","floor":15.0,"key":"SMITH"},{"data":"Armaments","floor":32.0,"key":"SMITH"},{"data":"Secret Technique","floor":49,"key":"SMITH"},{"data":"ReplayTheSpireMod:Private Reserves","floor":49,"key":"SMITH"}],"circlet_count":0,"master_deck":["AscendersBane","Sword Boomerang+3","Quick Slash","Bane","Poisoned Stab","Inflame+1","Flex+1","Anger","Hidden Blade","Footwork+1","Slice","Cleave","Replay:Poison Smokescreen","Ghostly+1","ReplayTheSpireMod:Private Reserves+1","Pummel","Deflect","Secret Technique+1","Armaments+1","Sucker Punch+1","Caltrops","Dagger Throw"],"relics":["Burning Blood","Busted Crown","HushsDoor","replay:Trail_Library","hubris:Potato","Void","Dota2Spire:PhaseBoots","ReplayTheSpireMod:Lightbulb","Another Sword","BelialBook","hubris:MysteriousPyramids","Replay:Mystery Machine","Smiling Mask","Gremlin Horn","GuppysCollar","GuppysTail","Dota2Spire:EchoSabre","hubris:Metronome","SatanicBible","Dota2Spire:HeartOfTarrasque","HornCleat","Dota2Spire:Mjollnir","Turnip","Bottled Flame","hubris:CrystalStatue","HowToJump","Ancient Tea Set","Philosopher\u0027s Stone","GuppysPaw","hubris:BottledRain","Bird Faced Urn","Gremlin Food","Replay:Arrowhead","hubris:MedicalManual","Chaos","TungstenRod","SacredBark","SlaversCollar","Replay:Baseball","Chemical X","PokeGo","Ninja Scroll"],"acts_visited":["Exordium","TheCity","TheBeyond"],"potions_floor_usage":[51],"damage_taken":[{"damage":15.0,"enemies":"Jaw Worm","floor":1.0,"turns":2.0},{"damage":0.0,"enemies":"conspire:MimicChest","floor":2.0,"turns":2.0},{"damage":0.0,"enemies":"Lagavulin","floor":6.0,"turns":2.0},{"damage":0.0,"enemies":"Gremlin Nob","floor":7.0,"turns":2.0},{"damage":0.0,"enemies":"3 Sentries","floor":8.0,"turns":2.0},{"damage":0.0,"enemies":"Gremlin Nob","floor":10.0,"turns":1.0},{"damage":0.0,"enemies":"Lagavulin","floor":11.0,"turns":2.0},{"damage":0.0,"enemies":"3 Sentries","floor":13.0,"turns":2.0},{"damage":0.0,"enemies":"Lagavulin","floor":14.0,"turns":2.0},{"damage":0.0,"enemies":"Hexaghost","floor":16.0,"turns":2.0},{"damage":0.0,"enemies":"Spheric Guardian","floor":18.0,"turns":1.0},{"damage":0.0,"enemies":"Gremlin Leader","floor":22.0,"turns":1.0},{"damage":0.0,"enemies":"Slavers","floor":23.0,"turns":1.0},{"damage":0.0,"enemies":"Book of Stabbing","floor":24.0,"turns":1.0},{"damage":0.0,"enemies":"Gremlin Leader","floor":25.0,"turns":1.0},{"damage":0.0,"enemies":"Book of Stabbing","floor":27.0,"turns":2.0},{"damage":0.0,"enemies":"Slavers","floor":29.0,"turns":1.0},{"damage":0.0,"enemies":"Gremlin Leader","floor":30.0,"turns":1.0},{"damage":0.0,"enemies":"Slavers","floor":31.0,"turns":1.0},{"damage":0.0,"enemies":"Champ","floor":33.0,"turns":1.0},{"damage":0.0,"enemies":"3 Shapes","floor":35.0,"turns":1.0},{"damage":0.0,"enemies":"Orb Walker","floor":36.0,"turns":1.0},{"damage":0.0,"enemies":"Sphere and 2 Shapes","floor":38.0,"turns":1.0},{"damage":0.0,"enemies":"Writhing Mass","floor":39.0,"turns":1.0},{"damage":0.0,"enemies":"Giant Head","floor":40.0,"turns":1.0},{"damage":0.0,"enemies":"R_Hoarder","floor":42.0,"turns":1.0},{"damage":0,"enemies":"Reptomancer","floor":44,"turns":1},{"damage":0,"enemies":"R_Hoarder","floor":45,"turns":1},{"damage":0,"enemies":"Giant Head","floor":46,"turns":1},{"damage":0,"enemies":"R_Hoarder","floor":47,"turns":1},{"damage":0,"enemies":"Nemesis","floor":48,"turns":1},{"damage":0,"enemies":"Time Eater","floor":50,"turns":1},{"damage":0,"enemies":"Awakened One","floor":51,"turns":2}],"seed_played":"8627422226043897404","potions_obtained":[{"floor":2.0,"key":"Regen Potion"},{"floor":6.0,"key":"SmokeBomb"},{"floor":13.0,"key":"Fruit Juice"},{"floor":16.0,"key":"PowerPotion"},{"floor":23.0,"key":"HeartOfIron"},{"floor":25.0,"key":"Milkshake"},{"floor":29.0,"key":"Swift Potion"}],"is_trial":true,"path_per_floor":["M","?","?","?","T","E","E","E","T","E","E","R","E","E","R","B",null,"M","$","?","T","E","E","E","E","T","E","T","E","E","E","R","B",null,"M","M","?","M","M","E","$","E","T","E","E","E","E","E","R","B","B",null],"character_chosen":"IRONCLAD","items_purchased":["GuppysCollar","GuppysTail","Pummel","Guide Book","Dota2Spire:EchoSabre","Deflect","Secret Technique","GuppysPaw","Chaos","TungstenRod","Sucker Punch+1","Caltrops"],"campfire_rested":0,"item_purchase_floors":[17,17,17,19,19,19,19,34,41,41,41,41],"current_hp_per_floor":[59,65,50,50,50,61,67,73,73,75,75,75,80,80,80,80,54,54,54,40,40,46,60,66,67,67,67,67,67,67,67,67,67,30,30,30,30,30,30,30,30,30,30,30,30,30,30,30,30,30,1],"gold":194,"neow_bonus":"","is_daily":false,"chose_seed":false,"campfire_upgraded":5,"win_rate":0.0,"timestamp":1613492918,"path_taken":["M","?","?","?","?","E","E","E","T","E","E","R","E","E","R","BOSS","M","$","?","?","?","E","E","E","T","E","?","E","E","E","R","BOSS","M","?","?","?","?","E","$","E","T","E","E","E","E","?","R","BOSS","BOSS"],"items_purchased_type":["Relic","Relic","Card","Relic","Relic","Card","Card","Relic","Card","Relic","Card","Card"],"build_version":"2020-12-18","purchased_purges":0,"victory":true,"max_hp_per_floor":[75,75,75,75,75,75,75,75,75,75,75,75,80,80,80,80,54,54,54,59,59,59,67,67,67,67,67,67,67,67,67,67,67,30,30,30,30,30,30,30,30,30,30,30,30,30,30,30,30,30,1],"card_choices":[],"player_experience":706913,"relics_obtained":[{"floor":1.0,"key":"Dota2Spire:PhaseBoots"},{"floor":2.0,"key":"MawBank"},{"floor":5.0,"key":"ReplayTheSpireMod:Lightbulb"},{"floor":6.0,"key":"Another Sword"},{"floor":7.0,"key":"Sundial"},{"floor":8.0,"key":"BelialBook"},{"floor":9.0,"key":"hubris:MysteriousPyramids"},{"floor":10.0,"key":"Replay:Mystery Machine"},{"floor":11.0,"key":"Smiling Mask"},{"floor":13.0,"key":"Gremlin Horn"},{"floor":18.0,"key":"MaYiHuaBei"},{"floor":21.0,"key":"hubris:Metronome"},{"floor":22.0,"key":"SatanicBible"},{"floor":23.0,"key":"Dota2Spire:HeartOfTarrasque"},{"floor":24.0,"key":"HornCleat"},{"floor":25.0,"key":"Dota2Spire:Mjollnir"},{"floor":26.0,"key":"Turnip"},{"floor":27.0,"key":"Bottled Flame"},{"floor":28.0,"key":"hubris:CrystalStatue"},{"floor":29.0,"key":"hubris:TenFootPole"},{"floor":30.0,"key":"HowToJump"},{"floor":31.0,"key":"Ancient Tea Set"},{"floor":35.0,"key":"hubris:BottledRain"},{"floor":36.0,"key":"Bird Faced Urn"},{"floor":38.0,"key":"Gremlin Food"},{"floor":39.0,"key":"Replay:Arrowhead"},{"floor":40.0,"key":"hubris:MedicalManual"},{"floor":42.0,"key":"SacredBark"},{"floor":44,"key":"SlaversCollar"},{"floor":45,"key":"Replay:Baseball"},{"floor":46,"key":"Chemical X"},{"floor":47,"key":"PokeGo"},{"floor":48,"key":"Ninja Scroll"}],"event_choices":[{"damage_healed":0.0,"max_hp_gain":0.0,"max_hp_loss":0.0,"gold_gain":0.0,"event_name":"conspire:LoneGhost","player_choice":"Argue","floor":4.0,"gold_loss":0.0,"damage_taken":0.0},{"damage_healed":0.0,"max_hp_gain":5.0,"max_hp_loss":0.0,"gold_gain":0.0,"event_name":"Forgotten Altar","player_choice":"Shed Blood","floor":20.0,"gold_loss":0.0,"damage_taken":19.0},{"damage_healed":0.0,"max_hp_gain":0.0,"max_hp_loss":0.0,"gold_gain":0.0,"event_name":"Tomb of Lord Red Mask","player_choice":"Ignored","floor":37.0,"gold_loss":0.0,"damage_taken":0.0}],"is_beta":true,"boss_relics":[{"not_picked":["conspire:RoyalGoblet","Velvet Choker"],"picked":"Snecko Heart"},{"not_picked":[]},{"not_picked":["REME_ChargedStone","conspire:SeveredTorchhead"],"picked":"Philosopher\u0027s Stone"},{"not_picked":[]}],"items_purged_floors":[],"is_endless":false,"potions_floor_spawned":[2,6,13,16,23,25,29,30,36,40,45,47,48],"ascension_level":20}}