{"host":"d2gh6suihlstufn7","time":1613499844,"event":{"mods":["AchievementEnabler","BaseMod","Colored Map","Colored Powertips","Minty Spire (QoL Compilation)","Permanent Neow","Quick Restart"],"gold_per_floor":[111,63,63,74,89,89,123,123,123,123,137,137,137,137,137,234,234,245,261,276,60,60,60,80,80,80,95,18,18,34,51,51,51,51],"floor_reached":33,"language":"KOR","playtime":1265,"items_purged":["Bash"],"score":247,"play_id":"7a3eaa55-b6de-4be1-b7e9-999471a4774c","local_time":"20210217032404","is_ascension_mode":false,"campfire_choices":[{"floor":6,"key":"RECALL"},{"data":"Evolve","floor":10,"key":"SMITH"},{"data":"Double Tap","floor":13,"key":"SMITH"},{"data":"Bludgeon","floor":15,"key":"SMITH"},{"data":"Fire Breathing","floor":23,"key":"SMITH"},{"floor":25,"key":"REST"},{"floor":32,"key":"REST"}],"circlet_count":0,"master_deck":["Fiend Fire","Evolve+1","Ghostly Armor","Shockwave","Bludgeon+1","Rage","Feel No Pain","Double Tap+1","Immolate","Fire Breathing+1","Flame Barrier"],"relics":["Pandora\u0027s Box","Prayer Wheel","Eternal Feather","Blood Vial","SlaversCollar","Membership Card","Centennial Puzzle","Vajra"],"acts_visited":["Exordium","TheCity"],"potions_floor_usage":[20,21,24,30,33],"damage_taken":[{"damage":0,"enemies":"2 Louse","floor":1,"turns":3},{"damage":0,"enemies":"Cultist","floor":4,"turns":2},{"damage":0,"enemies":"Small Slimes","floor":5,"turns":3},{"damage":28,"enemies":"Lagavulin","floor":7,"turns":9},{"damage":7,"enemies":"Blue Slaver","floor":11,"turns":5},{"damage":20,"enemies":"Slime Boss","floor":16,"turns":5},{"damage":28,"enemies":"2 Thieves","floor":18,"turns":4},{"damage":17,"enemies":"Spheric Guardian","floor":19,"turns":4},{"damage":14,"enemies":"Chosen and Byrds","floor":20,"turns":6},{"damage":33,"enemies":"Centurion and Healer","floor":24,"turns":5},{"damage":0,"enemies":"3 Cultists","floor":27,"turns":2},{"damage":24,"enemies":"Snake Plant","floor":30,"turns":5},{"damage":7,"enemies":"Sentry and Sphere","floor":31,"turns":3},{"damage":40,"enemies":"Champ","floor":33,"turns":9}],"seed_played":"-1159464367579437212","potions_obtained":[{"floor":5,"key":"SpeedPotion"},{"floor":11,"key":"HeartOfIron"},{"floor":19,"key":"ElixirPotion"},{"floor":24,"key":"Weak Potion"},{"floor":31,"key":"EssenceOfSteel"}],"is_trial":false,"path_per_floor":["M","$","?","M","M","R","E","?","T","R","M","T","R","?","R","B",null,"M","M","M","$","?","R","M","R","T","M","$","?","M","M","R","B"],"character_chosen":"IRONCLAD","items_purchased":["Explosive Potion","Membership Card","BloodPotion","Vajra"],"campfire_rested":2,"item_purchase_floors":[2,21,21,28],"current_hp_per_floor":[80,80,90,90,90,90,62,90,90,90,83,83,89,89,90,70,90,62,47,35,53,53,59,28,61,61,63,63,63,41,36,69,31,31],"gold":51,"neow_bonus":"BOSS_RELIC","is_daily":false,"chose_seed":false,"campfire_upgraded":4,"win_rate":0.0,"timestamp":1613499844,"path_taken":["M","$","?","?","M","R","E","?","T","R","M","?","R","?","R","BOSS","M","M","?","$","?","R","M","R","T","M","$","?","M","M","R","BOSS"],"items_purchased_type":["Potion","Relic","Potion","Relic"],"build_version":"2020-12-22","purchased_purges":1,"victory":false,"max_hp_per_floor":[80,80,90,90,90,90,90,90,90,90,90,90,90,90,90,90,90,90,90,90,90,90,90,90,90,90,90,90,90,90,90,90,90,90],"card_choices":[{"not_picked":["Clash","Heavy Blade","Perfected Strike"],"picked":"SKIP","floor":1},{"not_picked":["Twin Strike","Wild Strike","Dual Wield"],"picked":"SKIP","floor":4},{"not_picked":["Havoc","Flex","Wild Strike"],"picked":"SKIP","floor":5},{"not_picked":["Pommel Strike","Carnage"],"picked":"Double Tap","floor":7},{"not_picked":["Whirlwind","Havoc","Intimidate"],"picked":"SKIP","floor":11},{"not_picked":["Shockwave","Spot Weakness","Feel No Pain"],"picked":"SKIP","floor":11},{"not_picked":["Berserk","Impervious"],"picked":"Immolate","floor":16},{"not_picked":["Armaments","Rupture+1"],"picked":"Fire Breathing","floor":18},{"not_picked":["Sword Boomerang","True Grit","Wild Strike"],"picked":"SKIP","floor":18},{"not_picked":["Ghostly Armor+1","Heavy Blade+1","Dropkick"],"picked":"SKIP","floor":19},{"not_picked":["Perfected Strike","Dual Wield","Limit Break"],"picked":"SKIP","floor":19},{"not_picked":["Flex+1","Clash"],"picked":"Flame Barrier","floor":20},{"not_picked":["Iron Wave","Shrug It Off+1","Cleave"],"picked":"SKIP","floor":20},{"not_picked":["Corruption","Clothesline","Armaments+1"],"picked":"SKIP","floor":24},{"not_picked":["Flex+1","Perfected Strike","True Grit"],"picked":"SKIP","floor":24},{"not_picked":["Flex","Infernal Blade+1","Blood for Blood"],"picked":"SKIP","floor":27},{"not_picked":["Second Wind","Dropkick","Cleave"],"picked":"SKIP","floor":27},{"not_picked":["Spot Weakness","Uppercut","Searing Blow"],"picked":"SKIP","floor":30},{"not_picked":["Sword Boomerang+1","Cleave","Sentinel"],"picked":"SKIP","floor":30},{"not_picked":["Havoc+1","Sever Soul+1","Iron Wave"],"picked":"SKIP","floor":31},{"not_picked":["Clash","Rupture","Bludgeon"],"picked":"SKIP","floor":31}],"player_experience":217320,"relics_obtained":[{"floor":7,"key":"Prayer Wheel"},{"floor":12,"key":"Eternal Feather"},{"floor":26,"key":"Centennial Puzzle"}],"event_choices":[{"cards_removed":["Corruption"],"damage_healed":0,"gold_gain":0,"player_choice":"Offered Rare","damage_taken":0,"max_hp_gain":10,"max_hp_loss":0,"event_name":"Bonfire Elementals","floor":3,"gold_loss":0},{"damage_healed":30,"gold_gain":0,"player_choice":"Banana","damage_taken":0,"max_hp_gain":0,"max_hp_loss":0,"event_name":"Big Fish","floor":8,"gold_loss":0},{"damage_healed":0,"gold_gain":0,"player_choice":"Gave Potion","damage_taken":0,"relics_obtained":["Blood Vial"],"max_hp_gain":0,"max_hp_loss":0,"event_name":"WeMeetAgain","floor":14,"gold_loss":0},{"damage_healed":0,"gold_gain":0,"player_choice":"Ignored","damage_taken":0,"max_hp_gain":0,"max_hp_loss":0,"event_name":"Ghosts","floor":22,"gold_loss":0},{"cards_removed":["Second Wind"],"damage_healed":0,"gold_gain":0,"player_choice":"Elegance","damage_taken":0,"max_hp_gain":0,"max_hp_loss":0,"event_name":"Back to Basics","floor":29,"gold_loss":0}],"is_beta":false,"boss_relics":[{"not_picked":["Ectoplasm","Philosopher\u0027s Stone"],"picked":"SlaversCollar"}],"items_purged_floors":[21],"is_endless":false,"potions_floor_spawned":[5,11,19,24,31],"killed_by":"Champ","ascension_level":0}}