{"host":"e1dlxrn9xf91lno8","time":1613496863,"event":{"mods":["AchievementEnabler","Aspiration","Bard","BaseMod","Beaked The Cultist","Bestiary","Better Altar","Better Sensory Stone","Better Third Choice","BetterRewards","Bossed Relics","Colored Map","Colored Powertips","Energized Spire","Filter the Spire","GungeonMod","Hermit","Highlight Path","Hubris","Infinite Spire","Mimic Mod","Minty Spire (QoL Compilation)","Morshu Shopkeeper","Morshu Shopkeeper - ENHANCED","Quick Restart","Rare Cards Sparkle","Reliquary","Replay The Spire","Shop Mod","Smile Girya","Somnambulant","StSLib","The Blue Laboratory","The Cursed","The Disciple","The Runesmith","Together in Spire","Uncapped","everything is the same but u backflip on backflip","slay the spire mod where everything is the same but ironclad has a cowboy hat"],"gold_per_floor":[116,116,40,40,59,70,70,85,167,178,198,198,198,208,208,306,306,324,324,338,352,386,386,386,62,62,75,75,75,85,10,10,113,113,132,132,146,181,13,13,13,13,13,29,29,29,55,67,67,82,82,82],"floor_reached":53,"language":"ENG","playtime":1650,"items_purged":["Amnesia"],"score":674,"play_id":"d199e58d-471f-41dd-a6a0-2b0237a77310","local_time":"20210216123423","is_ascension_mode":false,"campfire_choices":[{"data":"Eruption","floor":7,"key":"SMITH"},{"data":"ForeignInfluence","floor":13,"key":"SMITH"},{"data":"TalkToTheHand","floor":15,"key":"SMITH"},{"floor":23,"key":"REST"},{"data":"Replay:Battleflow","floor":29,"key":"SMITH"},{"data":"Blasphemy","floor":32,"key":"SMITH"},{"data":"DeusExMachina","floor":42,"key":"SMITH"},{"data":"infinitespire:Collect","floor":46,"key":"SMITH"},{"floor":51,"key":"REST"}],"circlet_count":0,"master_deck":["Strike_P","Strike_P","Strike_P","Strike_P","Defend_P","Defend_P","Defend_P","Defend_P","Eruption+1","Vigilance","Brilliance","FlyingSleeves","BowlingBash","ForeignInfluence+1","TalkToTheHand+1","DeusExMachina+1","Replay:BluntJabs+1","Blasphemy+1","Brilliance","Replay:BluntJabs+1","FollowUp+1","PathToVictory+1","Replay:Battleflow+1","Establishment+1","SandsOfTime+1","Evaluate","Consecrate+1","Evaluate+1","infinitespire:Collect+1","Establishment+1","Swivel+1"],"relics":["PureWater","aspiration:Nostalgia","beaked:MendingPlumage","reliquary:PorcupineQuills","infinitespire:Bottled Soul","infinitespire:BottledMercury","aspiration:SecretTechniqueScroll","Red Mask","DemoMod:GundromedaStrain","Kunai","Golden Egg","hubris:ScarierMask","infinitespire:CursedDice","reliquary:CitrusReamer","Du-Vu Doll","infinitespire:Beetle Shell"],"acts_visited":["Exordium","TheCity","TheBeyond"],"potions_floor_usage":[33,52,52],"damage_taken":[{"damage":0,"enemies":"Small Slimes","floor":1,"turns":3},{"damage":0,"enemies":"Cultist","floor":5,"turns":2},{"damage":0,"enemies":"2 Louse","floor":6,"turns":1},{"damage":0,"enemies":"Blue Slaver","floor":8,"turns":1},{"damage":10,"enemies":"Lots of Slimes","floor":10,"turns":4},{"damage":0,"enemies":"Exordium Wildlife","floor":11,"turns":2},{"damage":0,"enemies":"Large Slime","floor":14,"turns":3},{"damage":29,"enemies":"The Guardian","floor":16,"turns":6},{"damage":19,"enemies":"Chosen","floor":18,"turns":2},{"damage":0,"enemies":"Shell Parasite","floor":20,"turns":1},{"damage":4,"enemies":"Centurion and Healer","floor":21,"turns":4},{"damage":37,"enemies":"Masked Bandits","floor":22,"turns":3},{"damage":0,"enemies":"Snecko","floor":27,"turns":4},{"damage":14,"enemies":"Shelled Parasite and Fungi","floor":30,"turns":2},{"damage":38,"enemies":"hubris:MusketHawk","floor":33,"turns":3},{"damage":2,"enemies":"3 Darklings","floor":35,"turns":3},{"damage":9,"enemies":"3 Shapes","floor":37,"turns":2},{"damage":7,"enemies":"Transient","floor":38,"turns":6},{"damage":0,"enemies":"Transient","floor":44,"turns":5},{"damage":1,"enemies":"Sphere and 2 Shapes","floor":48,"turns":2},{"damage":48,"enemies":"Maw","floor":50,"turns":6},{"damage":75,"enemies":"infinitespire:MassOfShapes","floor":52,"turns":7}],"seed_played":"5472984512024488468","potions_obtained":[{"floor":6,"key":"blueLaboratory:HorrorPotion"},{"floor":10,"key":"blueLaboratory:CorrosionFlask"},{"floor":16,"key":"SpeedPotion"},{"floor":27,"key":"PowerPotion"},{"floor":48,"key":"Milkshake"}],"is_trial":false,"path_per_floor":["M","?","$","T","M","M","R","M","T","M","M","?","R","M","R","B",null,"M","?","M","M","?","R","?","$","T","M","?","R","M","$","R","B",null,"M","?","M","MIM","$","PTL","PTL","R","?","M","T","R","T","M","?","M","R","B",null],"character_chosen":"WATCHER","items_purchased":["Brilliance","DemoMod:GundromedaStrain","PathToVictory+1","Evaluate","reliquary:CitrusReamer"],"campfire_rested":2,"item_purchase_floors":[3,25,25,39,39],"current_hp_per_floor":[72,72,72,72,72,72,72,72,72,68,72,72,72,72,72,55,72,54,54,61,72,40,61,61,61,61,72,72,72,60,60,60,38,72,72,68,63,68,68,68,68,68,51,68,68,68,68,67,67,35,55,33],"gold":82,"neow_bonus":"NOSTALGIA","is_daily":false,"chose_seed":false,"campfire_upgraded":7,"win_rate":0.0,"timestamp":1613496863,"path_taken":["M","?","$","?","?","M","R","M","T","M","M","?","R","M","R","BOSS","M","?","?","M","?","R","?","$","T","M","?","R","M","?","R","BOSS","M","?","M","?","?","PTL","PTL","R","?","M","T","R","?","M","?","M","R","BOSS"],"items_purchased_type":["Card","Relic","Card","Card","Relic"],"build_version":"2020-12-22","purchased_purges":1,"victory":true,"max_hp_per_floor":[72,72,72,72,72,72,72,72,72,72,72,72,72,72,72,72,72,72,72,72,72,72,72,72,72,72,72,72,72,72,72,72,72,72,72,68,68,68,68,68,68,68,68,68,68,68,68,68,68,68,68,68],"card_choices":[{"not_picked":["CarveReality","Worship"],"picked":"FlyingSleeves","floor":1},{"not_picked":["ReachHeaven","Sanctity"],"picked":"FlyingSleeves","floor":5},{"not_picked":["Halt","EmptyFist"],"picked":"BowlingBash","floor":6},{"not_picked":["EmptyFist","Halt"],"picked":"ForeignInfluence","floor":8},{"not_picked":["Worship","Crescendo"],"picked":"TalkToTheHand","floor":10},{"not_picked":["ReachHeaven","Meditate","EmptyBody"],"picked":"SKIP","floor":11},{"not_picked":["Meditate","JustLucky","TalkToTheHand"],"picked":"SKIP","floor":14},{"not_picked":["Replay:AllIn","Judgement"],"picked":"DeusExMachina","floor":16},{"not_picked":["Collect+1","Replay:ManipulateFuture"],"picked":"Replay:BluntJabs+1","floor":18},{"not_picked":["JustLucky+1","CarveReality"],"picked":"Brilliance","floor":20},{"not_picked":["Crescendo","ReachHeaven+1"],"picked":"Replay:BluntJabs+1","floor":21},{"not_picked":["Conclude","ReachHeaven"],"picked":"FollowUp+1","floor":22},{"not_picked":["Replay:ManipulateFuture","InnerPeace"],"picked":"Replay:Battleflow","floor":27},{"not_picked":["ThirdEye","JustLucky","Replay:AtTheReady+1"],"picked":"SKIP","floor":30},{"not_picked":["Blasphemy","MasterReality"],"picked":"Establishment","floor":33},{"not_picked":["Replay:DivineShield","Crescendo+1"],"picked":"SandsOfTime+1","floor":35},{"not_picked":["FlurryOfBlows","Replay:ManipulateFuture"],"picked":"Evaluate","floor":37},{"not_picked":["FlurryOfBlows","ClearTheMind+1"],"picked":"Consecrate+1","floor":38},{"not_picked":["ReplayTheSpireMod:Black Plague","ReplayTheSpireMod:Echoes of Time"],"picked":"infinitespire:Collect","floor":43},{"not_picked":["FlyingSleeves+1","Collect+1"],"picked":"Establishment","floor":44},{"not_picked":["Vengeance+1","Brilliance"],"picked":"Swivel+1","floor":48},{"not_picked":["BowlingBash","Collect+1","FlurryOfBlows"],"picked":"SKIP","floor":50}],"player_experience":23656,"relics_obtained":[{"floor":4,"key":"infinitespire:Bottled Soul"},{"floor":9,"key":"infinitespire:BottledMercury"},{"floor":22,"key":"Red Mask"},{"floor":26,"key":"Kunai"},{"floor":38,"key":"infinitespire:CursedDice"},{"floor":45,"key":"Du-Vu Doll"},{"floor":47,"key":"infinitespire:Beetle Shell"}],"event_choices":[{"cards_removed":["FlyingSleeves"],"damage_healed":0,"gold_gain":0,"player_choice":"Gave Card","damage_taken":0,"relics_obtained":["reliquary:PorcupineQuills"],"max_hp_gain":0,"max_hp_loss":0,"event_name":"WeMeetAgain","floor":2,"gold_loss":0},{"damage_healed":0,"gold_gain":0,"player_choice":"1 cards matched","damage_taken":0,"max_hp_gain":0,"max_hp_loss":0,"event_name":"Match and Keep!","floor":19,"gold_loss":0,"cards_obtained":["Blasphemy"]},{"damage_healed":0,"gold_gain":0,"player_choice":"Fought Bandits","damage_taken":0,"max_hp_gain":0,"max_hp_loss":0,"event_name":"Masked Bandits","floor":22,"gold_loss":0},{"damage_healed":0,"gold_gain":0,"player_choice":"Ignored","damage_taken":0,"max_hp_gain":0,"max_hp_loss":0,"event_name":"Ghosts","floor":24,"gold_loss":0},{"damage_healed":0,"gold_gain":0,"player_choice":"Max HP","damage_taken":0,"max_hp_gain":0,"max_hp_loss":4,"event_name":"Winding Halls","floor":36,"gold_loss":0}],"is_beta":false,"boss_relics":[{"not_picked":["Astrolabe","Runic Dome"],"picked":"aspiration:SecretTechniqueScroll"},{"not_picked":["hubris:VirtuousBlindfold","Replay:Drink Me"],"picked":"hubris:ScarierMask"}],"items_purged_floors":[31],"is_endless":false,"potions_floor_spawned":[6,10,16,18,27,48,50],"ascension_level":0}}