{"host":"7z9w9s73v2jobm2z","time":1613513187,"event":{"mods":["AchievementEnabler","BaseMod","Colored Map","Colored Powertips","Custom Start","Minty Spire (QoL Compilation)","Quick Restart","Rare Cards Sparkle","Relic Stats","StSLib"],"gold_per_floor":[111,111,41,60,60,85,96,96,120,120,147,147,147,162,162,267,267,281,291,291,65,77,77,77,77,102,119,119,129,129,143,143,247,247,267,280,280,28,28,28,28,28,28],"floor_reached":42,"language":"ENG","playtime":2404,"items_purged":["Strike_R","Strike_R"],"score":586,"play_id":"b62eb269-117b-4a8f-9020-2adf3205a789","local_time":"20210216170627","is_ascension_mode":true,"campfire_choices":[{"floor":8.0,"key":"REST"},{"data":"Searing Blow","floor":10.0,"key":"SMITH"},{"data":"Searing Blow+1","floor":12.0,"key":"SMITH"},{"floor":15.0,"key":"REST"},{"data":"Searing Blow+2","floor":23.0,"key":"SMITH"},{"floor":28.0,"key":"REST"},{"floor":30.0,"key":"REST"},{"data":"Searing Blow+3","floor":32.0,"key":"SMITH"},{"floor":40.0,"key":"REST"}],"circlet_count":0,"master_deck":["Strike_R","Strike_R","Strike_R","Defend_R","Defend_R","Defend_R","Bash","Shrug It Off","Entrench","Demon Form","Searing Blow+4","Body Slam","Body Slam","Corruption","Bash","Reaper","Body Slam+1","Dual Wield+1","Reaper","CurseOfTheBell","Armaments+1"],"relics":["Burning Blood","Vajra","Lizard Tail","Orichalcum","Bottled Lightning","Sozu","Red Skull","Enchiridion","Oddly Smooth Stone","Calling Bell","Regal Pillow","Sundial","Calipers","Omamori"],"acts_visited":["Exordium","TheCity","TheBeyond"],"potions_floor_usage":[],"damage_taken":[{"damage":13.0,"enemies":"2 Louse","floor":1.0,"turns":3.0},{"damage":10.0,"enemies":"Small Slimes","floor":4.0,"turns":3.0},{"damage":51.0,"enemies":"Lagavulin","floor":6.0,"turns":8.0},{"damage":3.0,"enemies":"Cultist","floor":7.0,"turns":4.0},{"damage":16.0,"enemies":"Gremlin Nob","floor":11.0,"turns":4.0},{"damage":19.0,"enemies":"2 Fungi Beasts","floor":14.0,"turns":4.0},{"damage":43.0,"enemies":"Hexaghost","floor":16.0,"turns":9.0},{"damage":29.0,"enemies":"Spheric Guardian","floor":18.0,"turns":5.0},{"damage":6.0,"enemies":"2 Thieves","floor":19.0,"turns":4.0},{"damage":35.0,"enemies":"Shelled Parasite and Fungi","floor":22.0,"turns":5.0},{"damage":24.0,"enemies":"Chosen and Byrds","floor":27.0,"turns":5.0},{"damage":9.0,"enemies":"Cultist and Chosen","floor":29.0,"turns":5.0},{"damage":12.0,"enemies":"Snecko","floor":31.0,"turns":4.0},{"damage":81.0,"enemies":"Champ","floor":33.0,"turns":8.0},{"damage":65.0,"enemies":"3 Shapes","floor":35.0,"turns":4.0},{"damage":50.0,"enemies":"3 Darklings","floor":36.0,"turns":5.0},{"damage":116,"enemies":"Reptomancer","floor":42,"turns":3}],"seed_played":"-7677371788402910475","potions_obtained":[{"floor":4.0,"key":"DuplicationPotion"},{"floor":6.0,"key":"ColorlessPotion"},{"floor":14.0,"key":"ElixirPotion"},{"floor":16.0,"key":"Block Potion"}],"is_trial":false,"path_per_floor":["M","?","$","M","?","E","M","R","T","R","E","R","?","M","R","B",null,"M","M","?","$","M","R","?","?","T","M","R","M","R","M","R","B",null,"M","M","?","$","?","R","$","E"],"character_chosen":"IRONCLAD","items_purchased":["Entrench","Red Skull","Omamori"],"campfire_rested":5,"item_purchase_floors":[3,21,38],"current_hp_per_floor":[73,73,73,69,62,17,20,46,46,46,36,36,36,23,49,12,69,55,63,63,63,41,41,25,8,8,8,35,32,59,63,63,52,83,54,66,66,66,66,93,93,0,0],"gold":28,"neow_bonus":"TEN_PERCENT_HP_BONUS","is_daily":false,"chose_seed":false,"campfire_upgraded":4,"win_rate":0.0,"timestamp":1613513187,"path_taken":["M","?","$","M","?","E","M","R","T","R","E","R","?","M","R","BOSS","M","M","?","$","M","R","?","?","T","M","R","?","R","M","R","BOSS","M","M","?","$","?","R","$","E"],"items_purchased_type":["Card","Relic","Relic"],"build_version":"2020-12-22","purchased_purges":2,"victory":false,"max_hp_per_floor":[88,88,88,88,88,88,88,88,88,88,88,88,88,88,88,88,88,88,88,88,88,88,88,88,93,93,93,93,93,93,93,93,93,93,93,93,93,93,93,93,93,93,93],"relic_stats":{"Sozu":3,"Lizard Tail":46,"Regal Pillow":0,"counters":[17,83],"Sundial":[0],"Orichalcum":[150],"obtain_stats":[{"Regal Pillow":34,"Calipers":34,"Vajra":5,"Enchiridion":24,"Oddly Smooth Stone":26,"Omamori":38,"Orichalcum":9,"Burning Blood":0,"Sozu":17,"Calling Bell":34,"Lizard Tail":6,"Sundial":34,"Bottled Lightning":11,"Red Skull":21},{"Regal Pillow":14,"Calipers":14,"Vajra":2,"Enchiridion":10,"Oddly Smooth Stone":10,"Omamori":16,"Orichalcum":4,"Burning Blood":0,"Sozu":7,"Calling Bell":14,"Lizard Tail":3,"Sundial":14,"Bottled Lightning":5,"Red Skull":9},{"Regal Pillow":71,"Calipers":71,"Vajra":6,"Enchiridion":49,"Oddly Smooth Stone":49,"Omamori":80,"Orichalcum":18,"Burning Blood":0,"Sozu":35,"Calling Bell":71,"Lizard Tail":14,"Sundial":71,"Bottled Lightning":22,"Red Skull":44}],"Burning Blood":96},"card_choices":[{"not_picked":["Warcry","Dark Embrace"],"picked":"Shrug It Off","floor":1.0},{"not_picked":["Iron Wave","Disarm","Dual Wield"],"picked":"SKIP","floor":4.0},{"not_picked":["Warcry","Headbutt"],"picked":"Demon Form","floor":6.0},{"not_picked":["Pommel Strike","Iron Wave"],"picked":"Searing Blow","floor":7.0},{"not_picked":["Dark Embrace","Havoc"],"picked":"Body Slam","floor":11.0},{"not_picked":["Shockwave","Twin Strike","Rupture"],"picked":"SKIP","floor":14.0},{"not_picked":["Berserk","Impervious"],"picked":"Reaper","floor":16.0},{"not_picked":["Cleave","Armaments+1"],"picked":"Body Slam+1","floor":18.0},{"not_picked":["Whirlwind+1","Carnage","Clothesline+1"],"picked":"SKIP","floor":19.0},{"not_picked":["Burning Pact","Fire Breathing","Wild Strike"],"picked":"SKIP","floor":22.0},{"not_picked":["Feel No Pain","Ghostly Armor","Warcry+1"],"picked":"SKIP","floor":27.0},{"not_picked":["Wild Strike+1","Searing Blow+1","Flex"],"picked":"SKIP","floor":29.0},{"not_picked":["Offering","Flex"],"picked":"Dual Wield+1","floor":31.0},{"not_picked":["Immolate","Fiend Fire"],"picked":"Reaper","floor":33.0},{"not_picked":["Ghostly Armor+1","Pommel Strike+1"],"picked":"Armaments+1","floor":35.0},{"not_picked":["Rupture","Thunderclap+1","Fire Breathing"],"picked":"SKIP","floor":36.0}],"player_experience":441316,"relics_obtained":[{"floor":6.0,"key":"Lizard Tail"},{"floor":9.0,"key":"Orichalcum"},{"floor":11.0,"key":"Bottled Lightning"},{"floor":24.0,"key":"Enchiridion"},{"floor":26.0,"key":"Oddly Smooth Stone"},{"floor":34.0,"key":"Regal Pillow"},{"floor":34.0,"key":"Sundial"},{"floor":34.0,"key":"Calipers"}],"event_choices":[{"cards_removed":["Defend_R"],"damage_healed":0.0,"max_hp_gain":0.0,"max_hp_loss":0.0,"gold_gain":0.0,"event_name":"Living Wall","player_choice":"Forget","floor":2.0,"gold_loss":0.0,"damage_taken":0.0},{"damage_healed":0.0,"max_hp_gain":0.0,"max_hp_loss":0.0,"gold_gain":0.0,"event_name":"Scrap Ooze","player_choice":"Success","floor":5.0,"gold_loss":0.0,"damage_taken":7.0,"relics_obtained":["Vajra"]},{"damage_healed":0.0,"max_hp_gain":0.0,"max_hp_loss":0.0,"gold_gain":0.0,"event_name":"Match and Keep!","player_choice":"3 cards matched","floor":13.0,"gold_loss":0.0,"damage_taken":0.0,"cards_obtained":["Body Slam","Corruption","Bash"]},{"damage_healed":0.0,"max_hp_gain":0.0,"max_hp_loss":0.0,"gold_gain":0.0,"event_name":"Ghosts","player_choice":"Ignored","floor":20.0,"gold_loss":0.0,"damage_taken":0.0},{"damage_healed":0.0,"max_hp_gain":0.0,"max_hp_loss":0.0,"gold_gain":0.0,"event_name":"Cursed Tome","player_choice":"Obtained Book","floor":24.0,"gold_loss":0.0,"damage_taken":16.0},{"damage_healed":0.0,"max_hp_gain":5.0,"max_hp_loss":0.0,"gold_gain":0.0,"event_name":"Forgotten Altar","player_choice":"Shed Blood","floor":25.0,"gold_loss":0.0,"damage_taken":22.0},{"damage_healed":0.0,"max_hp_gain":0.0,"max_hp_loss":0.0,"gold_gain":0.0,"event_name":"SensoryStone","player_choice":"Memory 1","floor":37.0,"gold_loss":0.0,"damage_taken":0.0},{"damage_healed":0.0,"max_hp_gain":0.0,"max_hp_loss":0.0,"gold_gain":0.0,"event_name":"Mysterious Sphere","player_choice":"Ignored","floor":39.0,"gold_loss":0.0,"damage_taken":0.0}],"is_beta":false,"boss_relics":[{"not_picked":["Coffee Dripper","Mark of Pain"],"picked":"Sozu"},{"not_picked":["Busted Crown","Fusion Hammer"],"picked":"Calling Bell"}],"items_purged_floors":[21,38],"is_endless":false,"potions_floor_spawned":[4,6,14,16,18,22,31],"killed_by":"Reptomancer","ascension_level":9}}