{"host":"tw3mxtnj9l5ilrkg","time":1613449642,"event":{"mods":["2.2 Compatiblity","BaseMod","Better Third Choice","Colored Map","Downfall","Hermit","Highlight Path","Jorbs\u0027s Wanderer Trilogy","Minty Spire (QoL Compilation)","Rare Cards Sparkle","StSLib"],"gold_per_floor":[117,117,117,132,60,60,93,0,48,48,82,94,19,19,19,154,154,175,24,37,61,61,77,77,109,134,49,49,68,68,68,68,203,203,221,221,17,50,0,22,22,37,37,56,56,90,90,90,90,216,216,236,40,65,15,15,37,37,110,137,170,170,208,158,183,183,307,307,330,187,206,206,222,222,258,60,100,119,140,140,158,183,183,309,309,322,0,0,15,15,15],"floor_reached":90,"language":"ENG","playtime":4511,"items_purged":["Enlightenment","FlyingSleeves","FollowUp","BattleHymn+1","Weave","EmptyBody","Apotheosis+1"],"score":1806,"play_id":"fe335ee5-b9e5-4959-8f7f-e4297b7e1e4c","local_time":"20210215222721","daily_mods":["Draft"],"is_ascension_mode":false,"campfire_choices":[{"data":"BattleHymn","floor":6,"key":"SMITH"},{"floor":10,"key":"REST"},{"data":"TalkToTheHand","floor":15,"key":"SMITH"},{"floor":24,"key":"REST"},{"floor":32,"key":"REST"},{"floor":41,"key":"REST"},{"data":"Alpha","floor":45,"key":"SMITH"},{"data":"EmptyFist","floor":47,"key":"SMITH"},{"data":"FlurryOfBlows","floor":49,"key":"SMITH"},{"floor":58,"key":"REST"},{"data":"Consecrate","floor":62,"key":"SMITH"},{"data":"TalkToTheHand","floor":66,"key":"SMITH"},{"floor":74,"key":"REST"},{"floor":80,"key":"REST"},{"floor":83,"key":"REST"}],"circlet_count":0,"master_deck":["Tantrum","Consecrate+1","FlurryOfBlows+1","FollowUp","EmptyBody","Protect","FearNoEvil","Conclude","EmptyFist+1","Brilliance","TalkToTheHand+1","Alpha+1","EmptyBody","Judgement+1","ThirdEye+1","Judgement+1","ClearTheMind+1","TalkToTheHand+1","EmptyBody+1"],"relics":["PureWater","Regal Pillow","Shuriken","CeramicFish","Slimebound:PreparedRelic","Golden Idol","sneckomod:SneckoTalon","PreservedInsect","Juzu Bracelet","Smiling Mask","Toxic Egg 2","Empty Cage","hexamod:BolsterEngine","GoldenEye","Strawberry","SacredBark","DollysMirror","Lantern","Fusion Hammer","Anchor","Omamori","expansioncontent:StudyCardRelic","Red Mask"],"acts_visited":["Exordium","TheCity","TheBeyond","Exordium","TheCity","TheBeyond"],"potions_floor_usage":[20,35,42,46,67,73,77,84,84],"damage_taken":[{"damage":0,"enemies":"Cultist","floor":1,"turns":1},{"damage":2,"enemies":"Jaw Worm","floor":4,"turns":3},{"damage":16,"enemies":"Lagavulin","floor":7,"turns":4},{"damage":0,"enemies":"Gremlin Nob","floor":11,"turns":2},{"damage":0,"enemies":"2 Louse","floor":12,"turns":1},{"damage":0,"enemies":"Slime Boss","floor":16,"turns":2},{"damage":0,"enemies":"Spheric Guardian","floor":18,"turns":3},{"damage":8,"enemies":"2 Thieves","floor":20,"turns":2},{"damage":7,"enemies":"Snake Plant","floor":21,"turns":4},{"damage":3,"enemies":"3 Cultists","floor":23,"turns":4},{"damage":0,"enemies":"Centurion and Healer","floor":25,"turns":3},{"damage":8,"enemies":"Snake Plant","floor":29,"turns":2},{"damage":2,"enemies":"Automaton","floor":33,"turns":4},{"damage":7,"enemies":"3 Darklings","floor":35,"turns":3},{"damage":7,"enemies":"3 Shapes","floor":38,"turns":4},{"damage":4,"enemies":"Jaw Worm Horde","floor":40,"turns":3},{"damage":0,"enemies":"Writhing Mass","floor":42,"turns":5},{"damage":0,"enemies":"Maw","floor":44,"turns":6},{"damage":8,"enemies":"Reptomancer","floor":46,"turns":4},{"damage":68,"enemies":"Awakened One","floor":50,"turns":8},{"damage":5,"enemies":"Small Slimes","floor":52,"turns":2},{"damage":0,"enemies":"2 Louse","floor":54,"turns":2},{"damage":22,"enemies":"Jaw Worm","floor":57,"turns":2},{"damage":3,"enemies":"Blue Slaver","floor":61,"turns":2},{"damage":0,"enemies":"3 Sentries","floor":63,"turns":3},{"damage":4,"enemies":"3 Louse","floor":65,"turns":3},{"damage":4,"enemies":"Hexaghost","floor":67,"turns":6},{"damage":0,"enemies":"Chosen","floor":69,"turns":4},{"damage":13,"enemies":"Shell Parasite","floor":71,"turns":4},{"damage":45,"enemies":"Snake Plant","floor":73,"turns":4},{"damage":16,"enemies":"Gremlin Leader","floor":75,"turns":4},{"damage":25,"enemies":"Slavers","floor":77,"turns":4},{"damage":0,"enemies":"Chosen and Byrds","floor":78,"turns":3},{"damage":20,"enemies":"Shelled Parasite and Fungi","floor":79,"turns":5},{"damage":0,"enemies":"3 Cultists","floor":81,"turns":3},{"damage":0,"enemies":"Sentry and Sphere","floor":82,"turns":3},{"damage":27,"enemies":"Champ","floor":84,"turns":8},{"damage":10,"enemies":"Orb Walker","floor":86,"turns":4},{"damage":52,"enemies":"3 Darklings","floor":89,"turns":5},{"damage":24,"enemies":"Sphere and 2 Shapes","floor":90,"turns":2}],"seed_played":"8633738200284618927","potions_obtained":[{"floor":1,"key":"BottledMiracle"},{"floor":12,"key":"DistilledChaos"},{"floor":18,"key":"Energy Potion"},{"floor":20,"key":"Explosive Potion"},{"floor":23,"key":"StancePotion"},{"floor":35,"key":"Dexterity Potion"},{"floor":46,"key":"FairyPotion"},{"floor":52,"key":"StancePotion"},{"floor":54,"key":"Weak Potion"},{"floor":71,"key":"champ:CounterPotion"},{"floor":73,"key":"Fire Potion"},{"floor":79,"key":"Swift Potion"},{"floor":82,"key":"SpeedPotion"},{"floor":89,"key":"sneckomod:MuddlingPotion"}],"is_trial":true,"path_per_floor":["M","?","?","M","$","R","E","?","T","R","E","M","$","?","R","B",null,"M","$","M","M","?","M","R","M","T","?","?","M","T","?","R","B",null,"M","?","$","M","$","M","R","M","T","M","R","E","R","?","R","B",null,"M","$","M","$","?","M","R","?","T","M","R","E","$","M","R","B",null,"M","$","M","?","M","R","E","$","E","M","M","R","M","M","R","B",null,"M","?","?","M","M"],"character_chosen":"WATCHER","items_purchased":["Brilliance","PreservedInsect","Apotheosis+1","DollysMirror","Anchor","Omamori"],"campfire_rested":8,"item_purchase_floors":[5,19,37,53,70,76],"current_hp_per_floor":[72,72,69,67,67,67,51,57,57,78,78,78,78,72,72,72,72,72,72,64,57,57,54,72,72,72,72,72,64,64,64,72,70,72,65,65,65,58,58,54,72,72,72,72,72,71,71,71,71,3,79,74,74,74,74,74,52,79,79,79,76,76,76,76,72,72,68,79,79,79,66,66,21,59,43,43,18,18,47,79,79,79,79,52,79,69,69,69,17,0,0],"gold":15,"neow_bonus":"","is_daily":false,"chose_seed":false,"campfire_upgraded":7,"win_rate":0.0,"timestamp":1613449641,"path_taken":["M","?","?","M","$","R","E","?","T","R","E","M","?","?","R","BOSS","M","$","M","M","?","M","R","?","T","?","?","M","?","?","R","BOSS","M","?","?","M","$","M","R","M","T","M","R","E","R","?","R","BOSS","M","$","M","$","?","M","R","?","T","M","R","E","$","M","R","BOSS","M","$","M","?","M","R","E","$","E","M","M","R","M","M","R","BOSS","M","?","?","M","M"],"items_purchased_type":["Card","Relic","Card","Relic","Relic","Relic"],"build_version":"2020-12-22","purchased_purges":7,"victory":false,"max_hp_per_floor":[72,72,72,72,72,72,72,78,78,78,78,78,78,72,72,72,72,72,72,72,72,72,72,72,72,72,72,72,72,72,72,72,72,72,72,72,72,72,72,72,72,72,72,72,72,79,79,79,79,79,79,79,79,79,79,79,79,79,79,79,79,79,79,79,79,79,79,79,79,79,79,79,79,79,79,79,79,79,79,79,79,79,79,79,79,79,79,75,75,75,75],"card_choices":[{"not_picked":["EmptyMind","JustLucky"],"picked":"Tantrum","floor":0},{"not_picked":["SandsOfTime","Protect"],"picked":"Consecrate","floor":0},{"not_picked":["EmptyBody","FollowUp"],"picked":"FlurryOfBlows","floor":0},{"not_picked":["BowlingBash","Indignation"],"picked":"FollowUp","floor":0},{"not_picked":["Collect","BattleHymn"],"picked":"Weave","floor":0},{"not_picked":["CutThroughFate","Crescendo"],"picked":"EmptyBody","floor":0},{"not_picked":["FlyingSleeves","Prostrate"],"picked":"EmptyBody","floor":0},{"not_picked":["CutThroughFate","CrushJoints"],"picked":"FollowUp","floor":0},{"not_picked":["PathToVictory","LikeWater"],"picked":"BattleHymn","floor":0},{"not_picked":["CrushJoints","FlyingSleeves"],"picked":"Protect","floor":0},{"not_picked":["Tantrum","CrushJoints"],"picked":"FearNoEvil","floor":0},{"not_picked":["Prostrate","Collect"],"picked":"CarveReality","floor":0},{"not_picked":["Vengeance","Prostrate"],"picked":"JustLucky","floor":0},{"not_picked":["Study","SashWhip"],"picked":"Conclude","floor":0},{"not_picked":["WindmillStrike","SashWhip"],"picked":"Halt","floor":0},{"not_picked":["ClearTheMind","ForeignInfluence","CrushJoints"],"picked":"SKIP","floor":1},{"not_picked":["BowlingBash","PathToVictory"],"picked":"EmptyFist","floor":4},{"not_picked":["FlyingSleeves","Pray"],"picked":"TalkToTheHand","floor":7},{"not_picked":["InnerPeace","FlyingSleeves","MentalFortress"],"picked":"SKIP","floor":11},{"not_picked":["ConjureBlade","PathToVictory","CutThroughFate"],"picked":"SKIP","floor":12},{"not_picked":["ConjureBlade","Omniscience"],"picked":"Alpha","floor":16},{"not_picked":["CrushJoints","WheelKick","FlurryOfBlows+1"],"picked":"SKIP","floor":18},{"not_picked":["WreathOfFlame+1","FearNoEvil","Crescendo"],"picked":"SKIP","floor":20},{"not_picked":["ThirdEye","CutThroughFate+1","CarveReality+1"],"picked":"SKIP","floor":21},{"not_picked":["CrushJoints","InnerPeace","Pray"],"picked":"SKIP","floor":23},{"not_picked":["FlurryOfBlows+1","CutThroughFate"],"picked":"EmptyBody","floor":25},{"not_picked":["Study","JustLucky","BowlingBash+1"],"picked":"SKIP","floor":29},{"not_picked":["Devotion","ConjureBlade+1"],"picked":"Judgement+1","floor":33},{"not_picked":["InnerPeace+1","Prostrate+1","Protect+1"],"picked":"SKIP","floor":35},{"not_picked":["FlyingSleeves+1","CrushJoints+1"],"picked":"ThirdEye+1","floor":38},{"not_picked":["ThirdEye+1","DeceiveReality+1"],"picked":"ForeignInfluence+1","floor":40},{"not_picked":["EmptyMind+1","Vengeance+1","BowlingBash+1"],"picked":"SKIP","floor":42},{"not_picked":["Halt+1","Fasting2","Prostrate+1"],"picked":"SKIP","floor":44},{"not_picked":["Meditate+1","WindmillStrike","SashWhip+1"],"picked":"SKIP","floor":46},{"not_picked":["WreathOfFlame+1","CutThroughFate","Study"],"picked":"SKIP","floor":52},{"not_picked":["MentalFortress","SignatureMove"],"picked":"ClearTheMind+1","floor":54},{"not_picked":["SandsOfTime","Collect+1"],"picked":"TalkToTheHand","floor":57},{"not_picked":["Consecrate","Prostrate+1"],"picked":"EmptyBody+1","floor":61},{"not_picked":["WheelKick","Fasting2","BowlingBash"],"picked":"SKIP","floor":63},{"not_picked":["Evaluate+1","Protect+1","BowlingBash"],"picked":"SKIP","floor":65},{"not_picked":["JustLucky","DeceiveReality+1","CrushJoints+1"],"picked":"SKIP","floor":69},{"not_picked":["ClearTheMind+1","EmptyFist","JustLucky+1"],"picked":"SKIP","floor":71},{"not_picked":["FollowUp","BowlingBash","JustLucky+1"],"picked":"SKIP","floor":73},{"not_picked":["CutThroughFate+1","Nirvana+1","Halt+1"],"picked":"SKIP","floor":75},{"not_picked":["Protect+1","FlyingSleeves+1","Alpha+1"],"picked":"SKIP","floor":77},{"not_picked":["SashWhip","CutThroughFate","FollowUp"],"picked":"SKIP","floor":78},{"not_picked":["DeceiveReality+1","Meditate+1","Collect+1"],"picked":"SKIP","floor":79},{"not_picked":["Evaluate+1","EmptyMind+1","CarveReality+1"],"picked":"SKIP","floor":81},{"not_picked":["ClearTheMind+1","SandsOfTime","SashWhip"],"picked":"SKIP","floor":82},{"not_picked":["Evaluate+1","CrushJoints","Adaptation"],"picked":"SKIP","floor":86},{"not_picked":["EmptyBody+1","Wireheading+1","BattleHymn"],"picked":"SKIP","floor":89}],"player_experience":319445,"relics_obtained":[{"floor":7,"key":"Shuriken"},{"floor":9,"key":"CeramicFish"},{"floor":11,"key":"Slimebound:PreparedRelic"},{"floor":26,"key":"Juzu Bracelet"},{"floor":30,"key":"Toxic Egg 2"},{"floor":43,"key":"GoldenEye"},{"floor":46,"key":"Strawberry"},{"floor":60,"key":"Lantern"}],"event_choices":[{"damage_healed":0,"gold_gain":0,"cards_transformed":["Halt"],"player_choice":"Change","damage_taken":0,"max_hp_gain":0,"max_hp_loss":0,"event_name":"Living Wall","floor":2,"gold_loss":0,"cards_obtained":["FlyingSleeves"]},{"damage_healed":0,"gold_gain":1,"player_choice":"Relic ","damage_taken":3,"max_hp_gain":0,"max_hp_loss":0,"event_name":"betterThird:BetterScrap","floor":3,"gold_loss":0,"cards_obtained":["Glacier"]},{"damage_healed":0,"gold_gain":0,"player_choice":"RENOUNCE","damage_taken":93,"max_hp_gain":0,"max_hp_loss":0,"event_name":"betterThird:BetterSerpent","floor":8,"gold_loss":93,"cards_obtained":["Enlightenment"]},{"damage_healed":0,"gold_gain":0,"player_choice":"Lose Max HP","damage_taken":0,"relics_obtained":["Golden Idol"],"max_hp_gain":0,"max_hp_loss":6,"event_name":"Golden Idol","floor":14,"gold_loss":0},{"damage_healed":0,"gold_gain":0,"player_choice":"Ignored","damage_taken":0,"max_hp_gain":0,"max_hp_loss":0,"event_name":"NoteForYourself","floor":22,"gold_loss":0},{"damage_healed":0,"gold_gain":0,"player_choice":"Obtained Relic","damage_taken":0,"relics_obtained":["Smiling Mask"],"max_hp_gain":0,"max_hp_loss":0,"event_name":"Addict","floor":27,"gold_loss":85},{"damage_healed":0,"gold_gain":0,"player_choice":"Ignored","damage_taken":0,"max_hp_gain":0,"max_hp_loss":0,"event_name":"Cursed Tome","floor":28,"gold_loss":0},{"damage_healed":0,"gold_gain":0,"player_choice":"Gave Potion","damage_taken":0,"relics_obtained":["hexamod:BolsterEngine"],"max_hp_gain":0,"max_hp_loss":0,"event_name":"WeMeetAgain","floor":36,"gold_loss":0},{"cards_removed":["ForeignInfluence"],"damage_healed":0,"gold_gain":0,"player_choice":"Purged","damage_taken":0,"max_hp_gain":0,"max_hp_loss":0,"event_name":"Purifier","floor":48,"gold_loss":0},{"damage_healed":0,"gold_gain":0,"player_choice":"Ignored","damage_taken":15,"max_hp_gain":0,"max_hp_loss":0,"event_name":"betterThird:BetterSerpent","floor":56,"gold_loss":0},{"damage_healed":0,"gold_gain":73,"player_choice":"Gained Gold","damage_taken":0,"max_hp_gain":0,"max_hp_loss":0,"event_name":"Golden Wing","floor":59,"gold_loss":0},{"damage_healed":0,"gold_gain":0,"player_choice":"Materialism","damage_taken":0,"max_hp_gain":0,"max_hp_loss":0,"event_name":"betterThird:BetterWriting","floor":72,"gold_loss":0},{"damage_healed":0,"gold_gain":0,"player_choice":"Paid","damage_taken":0,"relics_obtained":["Red Mask"],"max_hp_gain":0,"max_hp_loss":0,"event_name":"Tomb of Lord Red Mask","floor":87,"gold_loss":322},{"damage_healed":0,"gold_gain":0,"player_choice":"Max HP","damage_taken":0,"max_hp_gain":0,"max_hp_loss":4,"event_name":"Winding Halls","floor":88,"gold_loss":0}],"is_beta":false,"boss_relics":[{"not_picked":["Black Star","bronze:MakeshiftBattery"],"picked":"sneckomod:SneckoTalon"},{"not_picked":["Runic Dome","Velvet Choker"],"picked":"Empty Cage"},{"not_picked":["Tiny House","Astrolabe"],"picked":"SacredBark"},{"not_picked":["Coffee Dripper","Velvet Choker"],"picked":"Fusion Hammer"},{"not_picked":["VioletLotus","Runic Dome"],"picked":"expansioncontent:StudyCardRelic"}],"items_purged_floors":[13,37,39,53,55,64,76],"is_endless":true,"potions_floor_spawned":[1,12,18,20,23,35,46,52,54,61,71,73,79,82,89],"killed_by":"Sphere and 2 Shapes","ascension_level":0}}