{"host":"0mk07bycsqo1qk03","time":1613498544,"event":{"mods":["BaseMod","Downfall","Hermit","Hubris","Minty Spire (QoL Compilation)","Reliquary","Replay The Spire","StSLib"],"gold_per_floor":[118,138,138,150,166,166,191,191,191,191,210,210,55,71,71,71,71],"floor_reached":16,"language":"ENG","playtime":455,"items_purged":[],"score":191,"play_id":"d2a7b7bd-f5d7-48c3-bffb-e528d2511208","local_time":"20210216190224","is_ascension_mode":true,"campfire_choices":[{"data":"hermit:Vantage","floor":6,"key":"SMITH"},{"floor":10,"key":"REST"},{"data":"hermit:Maintenance","floor":12,"key":"SMITH"},{"floor":15,"key":"REST"}],"circlet_count":0,"master_deck":["AscendersBane","hermit:Strike_Hermit","hermit:Strike_Hermit","hermit:Strike_Hermit","hermit:Defend_Hermit","hermit:Defend_Hermit","hermit:Defend_Hermit","hermit:Defend_Hermit","hermit:Snapshot","hermit:Covet","hermit:Shortfuse","hermit:WideOpen","hermit:Quickdraw","hermit:Determination","hermit:Vantage+1","hermit:Maintenance+1","hermit:Glare"],"relics":["hermit:Momento","WingedGreaves","hubris:Metronome","Snack Pack","Juzu Bracelet"],"acts_visited":["Exordium"],"potions_floor_usage":[7,16],"damage_taken":[{"damage":0,"enemies":"Cultist","floor":1,"turns":2},{"damage":7,"enemies":"Jaw Worm","floor":2,"turns":3},{"damage":0,"enemies":"2 Louse","floor":4,"turns":2},{"damage":22,"enemies":"Exordium Thugs","floor":5,"turns":6},{"damage":12,"enemies":"Gremlin Nob","floor":7,"turns":2},{"damage":7,"enemies":"Large Slime","floor":11,"turns":5},{"damage":35,"enemies":"Gremlin Gang","floor":14,"turns":6},{"damage":49,"enemies":"Fading Forest","floor":16,"turns":7}],"seed_played":"2799854557464410353","potions_obtained":[{"floor":2,"key":"Death Potion"},{"floor":5,"key":"Strength Potion"},{"floor":7,"key":"SpeedPotion"}],"is_trial":false,"path_per_floor":["M","M","?","M","M","R","E","T","T","R","M","R","$","M","R","B"],"character_chosen":"HERMIT","items_purchased":["Juzu Bracelet"],"campfire_rested":2,"item_purchase_floors":[13],"current_hp_per_floor":[68,61,61,61,39,39,27,27,27,49,48,48,48,15,37,0,0],"gold":71,"neow_bonus":"THREE_CARDS","is_daily":false,"chose_seed":false,"campfire_upgraded":2,"win_rate":0.0,"timestamp":1613498544,"path_taken":["M","?","?","M","?","R","E","?","T","R","M","R","?","M","R","BOSS"],"items_purchased_type":["Relic"],"build_version":"2020-12-22","purchased_purges":0,"victory":false,"max_hp_per_floor":[75,75,75,75,75,75,75,75,75,75,75,75,75,75,75,75,75],"card_choices":[{"not_picked":["hermit:ItchyTrigger","hermit:TrackingShot"],"picked":"hermit:Shortfuse","floor":0},{"not_picked":["hermit:TrackingShot","hermit:Manifest"],"picked":"hermit:WideOpen","floor":1},{"not_picked":["hermit:TrackingShot","hermit:Misfire"],"picked":"hermit:Quickdraw","floor":2},{"not_picked":["hermit:ItchyTrigger","hermit:Ricochet","hermit:CalledShot"],"picked":"SKIP","floor":4},{"not_picked":["hermit:EyeOfTheStorm","hermit:Glare"],"picked":"hermit:Vantage","floor":5},{"not_picked":["hermit:Headshot","hermit:Desperado"],"picked":"hermit:Maintenance","floor":7},{"not_picked":["hermit:Midnight","hermit:BigShot"],"picked":"hermit:Glare","floor":11},{"not_picked":["hermit:DeadMansHand","hermit:Dissolve","hermit:Quickdraw"],"picked":"SKIP","floor":14}],"player_experience":1044551,"relics_obtained":[{"floor":7,"key":"WingedGreaves"},{"floor":8,"key":"hubris:Metronome"},{"floor":9,"key":"Snack Pack"}],"event_choices":[{"damage_healed":0,"gold_gain":0,"cards_transformed":["hermit:Strike_Hermit"],"player_choice":"Transformed","damage_taken":0,"max_hp_gain":0,"max_hp_loss":0,"event_name":"Transmorgrifier","floor":3,"gold_loss":0,"cards_obtained":["hermit:Determination"]}],"is_beta":false,"boss_relics":[],"items_purged_floors":[],"is_endless":false,"potions_floor_spawned":[2,5,7],"killed_by":"Fading Forest","ascension_level":10}}