{"host":"juqmwis5balotvcq","time":1613442450,"event":{"mods":["AchievementEnabler","Aspiration","BaseMod","Better Altar","Better Match","Better Note","Better Sensory Stone","Better Skull","Better Third Choice","BetterRewards","CCEM2","Colored Map","Conspire","Downfall","GifTheSpireLib","Googly Eyes","Highlight Path","Minty Spire (QoL Compilation)","Permanent Neow","Replay The Spire","Spicy Shops","StSLib","The IronCluck","Unceasing Turn Reminder","everything is the same but u backflip on backflip"],"gold_per_floor":[99,114,114,124,24,110,110,152,179,222,222,252,317,353,385,506,506,506,535,591,606,15,15,42,42,73,73,85,122,170,221,263,300,300,300],"floor_reached":33,"language":"ENG","playtime":3497,"items_purged":[],"score":363,"play_id":"0f0378ad-4045-4327-b25d-0a7f113fc44f","local_time":"20210215182730","is_ascension_mode":false,"campfire_choices":[{"data":"bronze:Goto","floor":1,"key":"SMITH"},{"floor":11,"key":"REST"},{"data":"bronze:FollowUp","floor":18,"key":"SMITH"},{"floor":23,"key":"REST"},{"floor":27,"key":"REST"}],"circlet_count":0,"master_deck":["conspire:GhostlyStrike","conspire:GhostlyStrike","conspire:GhostlyStrike","conspire:GhostlyStrike","conspire:GhostlyDefend","conspire:GhostlyDefend","conspire:GhostlyDefend","conspire:GhostlyDefend","bronze:Replicate","bronze:Goto+1","bronze:FollowUp+1","bronze:OilSpill","conspire:SpireCoStock","conspire:SpireCoStock","bronze:Return","bronze:CleanCode","bronze:BuggyMess","bronze:GetLatest","bronze:WhirlingStrike","bronze:Repair","bronze:BronzeOrb","bronze:Format","bronze:Philosophize","bronze:BugBarrage","bronze:AlphaBuild","Mayhem","bronze:Frontload+1","bronze:Philosophize","bronze:FineTuning","bronze:Optimize","bronze:Mutator","bronze:MaxOutput","bronze:ClassDefault"],"relics":["bronze:PlatinumCore","Dream Catcher","Potion Belt","Shovel","PreservedInsect","Medical Kit","Chemical X","Nloth\u0027s Gift","Replay:Bottled Snecko","Replay:Bandana"],"acts_visited":["Exordium","TheCity"],"potions_floor_usage":[6,9,16,16,20,26,28,28,30,33],"damage_taken":[{"damage":1,"enemies":"Small Slimes","floor":2,"turns":3},{"damage":0,"enemies":"2 Louse","floor":4,"turns":3},{"damage":20,"enemies":"Gremlin Nob","floor":6,"turns":4},{"damage":10,"enemies":"Lagavulin","floor":8,"turns":4},{"damage":1,"enemies":"Cultist","floor":9,"turns":3},{"damage":8,"enemies":"Exordium Wildlife","floor":10,"turns":5},{"damage":24,"enemies":"Gremlin Nob","floor":12,"turns":4},{"damage":2,"enemies":"Gremlin Gang","floor":13,"turns":4},{"damage":8,"enemies":"Lots of Slimes","floor":14,"turns":4},{"damage":12,"enemies":"3 Louse","floor":15,"turns":5},{"damage":18,"enemies":"IC_STATUS_ARCHETYPE","floor":16,"turns":7},{"damage":20,"enemies":"Shell Parasite","floor":19,"turns":8},{"damage":1,"enemies":"Chosen","floor":20,"turns":4},{"damage":30,"enemies":"Snecko","floor":21,"turns":6},{"damage":0,"enemies":"downfall:FleeingMerchant","floor":22,"turns":4},{"damage":22,"enemies":"Book of Stabbing","floor":26,"turns":6},{"damage":0,"enemies":"3 Cultists","floor":28,"turns":4},{"damage":20,"enemies":"Snake Plant","floor":29,"turns":6},{"damage":12,"enemies":"Replay:Snechameleon","floor":30,"turns":7},{"damage":12,"enemies":"conspire:HollyBat","floor":31,"turns":8},{"damage":15,"enemies":"Sentry and Sphere","floor":32,"turns":6},{"damage":53,"enemies":"DF_ARCHETYPE_CLAW","floor":33,"turns":5}],"seed_played":"-6092070671519969162","potions_obtained":[{"floor":2,"key":"ColorlessPotion"},{"floor":6,"key":"Elixir"},{"floor":8,"key":"Milkshake"},{"floor":9,"key":"Fruit Juice"},{"floor":13,"key":"FearPotion"},{"floor":16,"key":"SkillPotion"},{"floor":21,"key":"Energy Potion"},{"floor":26,"key":"sneckomod:MuddlingPotion"},{"floor":29,"key":"Dexterity Potion"},{"floor":30,"key":"bronze:FreeFunctionsPotion"}],"is_trial":false,"path_per_floor":["R","M","?","M","?","E","T","E","M","M","R","E","M","M","M","B",null,"R","M","M","M","$","R","T","?","E","R","M","M","E","M","M","B"],"character_chosen":"THE_AUTOMATON","items_purchased":["Medical Kit","Chemical X","Mayhem"],"campfire_rested":3,"item_purchase_floors":[22,22,22],"current_hp_per_floor":[70,69,69,69,69,49,49,39,43,35,57,33,31,30,25,14,75,75,55,54,24,31,53,53,53,38,60,67,55,50,38,33,0,0,0],"gold":300,"neow_bonus":"RANDOM_COMMON_RELIC","is_daily":false,"chose_seed":false,"campfire_upgraded":2,"win_rate":0.0,"timestamp":1613442450,"path_taken":["R","M","?","M","?","E","T","E","M","M","R","E","M","M","M","BOSS","R","M","M","M","$","R","T","?","E","R","M","M","E","M","M","BOSS"],"items_purchased_type":["Relic","Relic","Card"],"build_version":"2020-12-22","purchased_purges":0,"victory":false,"max_hp_per_floor":[70,70,70,70,70,70,70,70,75,75,75,75,75,75,75,75,75,75,75,75,75,75,75,75,75,75,75,75,75,75,75,75,75,75,75],"card_choices":[{"not_picked":["bronze:BuggyMess","bronze:Frontload"],"picked":"bronze:FollowUp","floor":2},{"not_picked":["bronze:Philosophize","bronze:Backtrace"],"picked":"bronze:OilSpill","floor":4},{"not_picked":["bronze:WhirlingStrike","bronze:Repulsor"],"picked":"bronze:Return","floor":6},{"not_picked":["bronze:BuggyMess","bronze:DigitalCarnage"],"picked":"bronze:CleanCode","floor":8},{"not_picked":["bronze:GetLatest","bronze:Turbo"],"picked":"bronze:BuggyMess","floor":9},{"not_picked":["bronze:WildBeam","bronze:OilSpill","bronze:BronzeArmor"],"picked":"SKIP","floor":10},{"not_picked":["bronze:WildBeam","bronze:DigitalCarnage"],"picked":"bronze:GetLatest","floor":11},{"not_picked":["bronze:Invalidate","bronze:Shield","bronze:WhirlingStrike"],"picked":"SKIP","floor":12},{"not_picked":["bronze:Invalidate","bronze:Shield"],"picked":"bronze:WhirlingStrike","floor":12},{"not_picked":["bronze:DelayedSlice","bronze:ChosenStrike"],"picked":"bronze:Repair","floor":13},{"not_picked":["bronze:Deprecate","bronze:Frontload","bronze:WildBeam"],"picked":"SKIP","floor":14},{"not_picked":["bronze:BurnOut","bronze:BronzeArmor"],"picked":"bronze:BronzeOrb","floor":15},{"not_picked":["bronze:HyperBeam","bronze:CleanCode"],"picked":"bronze:Format","floor":16},{"not_picked":["bronze:ClassDefault","bronze:Overheat"],"picked":"bronze:Philosophize","floor":19},{"not_picked":["bronze:Frontload","bronze:Fortify"],"picked":"bronze:BugBarrage","floor":20},{"not_picked":["bronze:Overheat","bronze:BuggyMess","bronze:DelayedSlice+1"],"picked":"SKIP","floor":21},{"not_picked":["bronze:ShipIt","bronze:DelayedGuard+1"],"picked":"bronze:AlphaBuild","floor":22},{"not_picked":["bronze:Backtrace+1","bronze:WhirlingStrike+1"],"picked":"bronze:Frontload+1","floor":23},{"not_picked":["bronze:DelayedGuard","bronze:HyperBeam"],"picked":"bronze:Philosophize","floor":26},{"not_picked":["bronze:OilSpill","bronze:Boost"],"picked":"bronze:FineTuning","floor":28},{"not_picked":["bronze:FineTuning+1","bronze:CutThrough"],"picked":"bronze:Optimize","floor":29},{"not_picked":["bronze:AlphaBuild","bronze:GetLatest+1"],"picked":"bronze:Mutator","floor":30},{"not_picked":["bronze:DelayedSlice+1","bronze:Branch"],"picked":"bronze:MaxOutput","floor":31},{"not_picked":["bronze:FollowUp","bronze:WildBeam"],"picked":"bronze:ClassDefault","floor":32}],"player_experience":331188,"relics_obtained":[{"floor":6,"key":"Potion Belt"},{"floor":7,"key":"Shovel"},{"floor":8,"key":"Simple Rune"},{"floor":12,"key":"PreservedInsect"},{"floor":26,"key":"Replay:Bottled Snecko"},{"floor":30,"key":"Replay:Bandana"}],"event_choices":[{"damage_healed":0,"gold_gain":0,"player_choice":"Agree","damage_taken":0,"max_hp_gain":0,"max_hp_loss":0,"event_name":"conspire:LoneGhost","floor":3,"gold_loss":0},{"damage_healed":0,"gold_gain":0,"player_choice":"Invest 2","damage_taken":0,"max_hp_gain":0,"max_hp_loss":0,"event_name":"conspire:Investor","floor":5,"gold_loss":0}],"is_beta":false,"boss_relics":[{"not_picked":["Fusion Hammer","CCEMRelics:ReaperScythe"],"picked":"bronze:PlatinumCore"}],"items_purged_floors":[],"is_endless":false,"potions_floor_spawned":[2,6,8,9,13,16,21,26,29,30],"killed_by":"DF_ARCHETYPE_CLAW","ascension_level":0}}