{"host":"aapp7ew3jk5k1bvd","time":1613442316,"event":{"mods":["AchievementEnabler","BaseMod","Colored Map","Custom Start","Keyboard Shortcuts","Minty Spire (QoL Compilation)","Permanent Neow","Quick Restart","StSLib","SuperFastMode"],"gold_per_floor":[118,43,54,67,67,92,92,107,134,34,34,45,45,120,120,120,120],"floor_reached":16,"language":"KOR","playtime":455,"items_purged":["Regret","Strike_G"],"score":105,"play_id":"50878c0a-c2cd-4801-bd36-d5cf2ded3a0c","local_time":"20210216112516","is_ascension_mode":true,"campfire_choices":[{"data":"Backstab","floor":11,"key":"SMITH"},{"data":"Backstab","floor":15,"key":"SMITH"}],"circlet_count":0,"master_deck":["Strike_G","Strike_G","Strike_G","Strike_G","Defend_G","Defend_G","Defend_G","Defend_G","Defend_G","Survivor","Neutralize","After Image","Dagger Spray","Backstab+1","Backstab+1"],"relics":["Ring of the Snake","Toy Ornithopter","Omamori","Tiny Chest"],"acts_visited":["Exordium"],"potions_floor_usage":[],"damage_taken":[{"damage":2.0,"enemies":"Cultist","floor":1.0,"turns":5.0},{"damage":0.0,"enemies":"Small Slimes","floor":3.0,"turns":4.0},{"damage":1,"enemies":"Jaw Worm","floor":4,"turns":5},{"damage":9,"enemies":"3 Sentries","floor":6,"turns":9},{"damage":0,"enemies":"Large Slime","floor":8,"turns":6},{"damage":2,"enemies":"Blue Slaver","floor":12,"turns":4},{"damage":42,"enemies":"The Guardian","floor":16,"turns":17}],"seed_played":"1274517908653036014","potions_obtained":[{"floor":4,"key":"BlessingOfTheForge"},{"floor":8,"key":"Ancient Potion"}],"is_trial":false,"path_per_floor":["M","$","M","M","$","E","?","M","T","$","R","M","$","?","R","B"],"character_chosen":"THE_SILENT","items_purchased":[],"campfire_rested":0,"item_purchase_floors":[],"current_hp_per_floor":[68,68,68,67,67,58,58,58,58,58,58,56,56,45,45,3,3],"gold":120,"neow_bonus":"THREE_RARE_CARDS","is_daily":false,"chose_seed":false,"campfire_upgraded":2,"win_rate":0.0,"timestamp":1613442316,"path_taken":["M","$","M","M","$","E","?","M","T","$","R","M","?","?","R","BOSS"],"items_purchased_type":[],"build_version":"2020-12-22","purchased_purges":2,"victory":false,"max_hp_per_floor":[70,70,70,70,70,70,70,70,70,70,70,70,70,70,70,70,70],"card_choices":[{"not_picked":["Burst","Wraith Form v2"],"picked":"After Image","floor":0.0},{"not_picked":["PiercingWail","Choke"],"picked":"Dagger Spray","floor":1.0},{"not_picked":["Dodge and Roll","Deflect"],"picked":"Backstab","floor":3.0},{"not_picked":["Bane","All Out Attack","Outmaneuver"],"picked":"SKIP","floor":4},{"not_picked":["All Out Attack","Sucker Punch","Unload"],"picked":"SKIP","floor":6},{"not_picked":["All Out Attack","Choke"],"picked":"Backstab","floor":8},{"not_picked":["Terror","Slice","Eviscerate"],"picked":"SKIP","floor":12}],"player_experience":1002445,"relics_obtained":[{"floor":6,"key":"Toy Ornithopter"},{"floor":9,"key":"Tiny Chest"}],"event_choices":[{"damage_healed":0,"gold_gain":0,"player_choice":"Gave Potion","damage_taken":0,"relics_obtained":["Omamori"],"max_hp_gain":0,"max_hp_loss":0,"event_name":"WeMeetAgain","floor":7,"gold_loss":0},{"damage_healed":0,"gold_gain":75,"player_choice":"Gather Gold","damage_taken":11,"max_hp_gain":0,"max_hp_loss":0,"event_name":"World of Goop","floor":14,"gold_loss":0}],"is_beta":false,"boss_relics":[],"items_purged_floors":[2,10],"is_endless":false,"potions_floor_spawned":[4,8],"killed_by":"The Guardian","ascension_level":1}}