{"host":"d2gh6suihlstufn7","time":1613453658,"event":{"mods":["AchievementEnabler","BaseMod","Colored Map","Colored Powertips","Minty Spire (QoL Compilation)","Permanent Neow","Quick Restart"],"gold_per_floor":[118,118,13,27,42,42,56,56,56,71,91,150,13,33,33,133,133,143,143,143,162,180,180,194,212,239,239,270,279,279,279],"floor_reached":30,"language":"KOR","playtime":1018,"items_purged":[],"score":269,"play_id":"beda00d8-7b17-4004-baab-71b11afff0f4","local_time":"20210216143418","is_ascension_mode":false,"campfire_choices":[{"floor":6,"key":"RECALL"},{"data":"Evolve","floor":8,"key":"SMITH"},{"floor":15,"key":"REST"},{"data":"Immolate","floor":23,"key":"SMITH"}],"circlet_count":0,"master_deck":["Strike_R","Strike_R","Strike_R","Strike_R","Defend_R","Defend_R","Defend_R","Bash","Wild Strike","Evolve+1","Shrug It Off","Spot Weakness","Heavy Blade","Reckless Charge","Immolate+1","Uppercut","Fiend Fire","Flame Barrier","Shame"],"relics":["Mark of Pain","MawBank","MealTicket","SlaversCollar","MutagenicStrength","CeramicFish","Bottled Flame","Pen Nib"],"acts_visited":["Exordium","TheCity"],"potions_floor_usage":[16,21,28,28,28],"damage_taken":[{"damage":2,"enemies":"2 Louse","floor":1,"turns":2},{"damage":1,"enemies":"Cultist","floor":4,"turns":3},{"damage":7,"enemies":"Small Slimes","floor":5,"turns":3},{"damage":12,"enemies":"3 Louse","floor":7,"turns":3},{"damage":3,"enemies":"2 Fungi Beasts","floor":10,"turns":3},{"damage":2,"enemies":"Blue Slaver","floor":11,"turns":3},{"damage":21,"enemies":"3 Sentries","floor":12,"turns":6},{"damage":11,"enemies":"Large Slime","floor":14,"turns":2},{"damage":29,"enemies":"Slime Boss","floor":16,"turns":6},{"damage":10,"enemies":"Chosen","floor":18,"turns":3},{"damage":30,"enemies":"Spheric Guardian","floor":21,"turns":4},{"damage":15,"enemies":"Snecko","floor":22,"turns":3},{"damage":13,"enemies":"Snake Plant","floor":24,"turns":3},{"damage":13,"enemies":"3 Cultists","floor":25,"turns":4},{"damage":0,"enemies":"Book of Stabbing","floor":28,"turns":5},{"damage":18,"enemies":"Shelled Parasite and Fungi","floor":30,"turns":1}],"seed_played":"8676168658994355362","potions_obtained":[{"floor":1,"key":"Energy Potion"},{"floor":7,"key":"SkillPotion"},{"floor":10,"key":"Block Potion"},{"floor":16,"key":"BloodPotion"},{"floor":22,"key":"Swift Potion"},{"floor":25,"key":"EssenceOfSteel"},{"floor":28,"key":"FearPotion"}],"is_trial":false,"path_per_floor":["M","?","$","M","M","R","M","R","T","M","M","?","$","M","R","B",null,"M","?","?","M","M","R","M","M","T","?","E","?","M"],"character_chosen":"IRONCLAD","items_purchased":["Evolve","Shrug It Off","MealTicket"],"campfire_rested":1,"item_purchase_floors":[3,3,13],"current_hp_per_floor":[78,78,78,77,70,70,58,58,58,55,53,32,32,21,45,16,80,70,70,70,56,41,41,28,15,15,15,15,15,0,0],"gold":279,"neow_bonus":"BOSS_RELIC","is_daily":false,"chose_seed":false,"campfire_upgraded":2,"win_rate":0.0,"timestamp":1613453658,"path_taken":["M","?","$","M","M","R","M","R","T","M","?","?","$","M","R","BOSS","M","?","?","M","M","R","M","M","T","?","E","?","?"],"items_purchased_type":["Card","Card","Relic"],"build_version":"2020-12-22","purchased_purges":0,"victory":false,"max_hp_per_floor":[80,80,80,80,80,80,80,80,80,80,80,80,80,80,80,80,80,80,80,80,80,80,80,80,80,80,80,80,80,80,80],"card_choices":[{"not_picked":["Thunderclap","Clothesline"],"picked":"Wild Strike","floor":1},{"not_picked":["Iron Wave","Twin Strike"],"picked":"Spot Weakness","floor":4},{"not_picked":["Rupture","Brutality","Clothesline"],"picked":"SKIP","floor":5},{"not_picked":["Warcry","Flex"],"picked":"Heavy Blade","floor":7},{"not_picked":["Cleave","Anger"],"picked":"Reckless Charge","floor":10},{"not_picked":["Clash","Metallicize","Shrug It Off"],"picked":"SKIP","floor":11},{"not_picked":["Uppercut","Shrug It Off"],"picked":"Immolate","floor":12},{"not_picked":["Feel No Pain","Dropkick"],"picked":"Uppercut","floor":14},{"not_picked":["Brutality","Demon Form"],"picked":"Fiend Fire","floor":16},{"not_picked":["Bloodletting","Clothesline","Warcry"],"picked":"SKIP","floor":18},{"not_picked":["Sentinel","Twin Strike","Pommel Strike"],"picked":"SKIP","floor":21},{"not_picked":["Disarm","Wild Strike","Thunderclap"],"picked":"SKIP","floor":22},{"not_picked":["Infernal Blade","Headbutt"],"picked":"Flame Barrier","floor":24},{"not_picked":["Hemokinesis","Iron Wave","Rampage"],"picked":"SKIP","floor":25},{"not_picked":["Havoc","Clothesline","Pummel"],"picked":"SKIP","floor":28}],"player_experience":206079,"relics_obtained":[{"floor":26,"key":"CeramicFish"},{"floor":28,"key":"Bottled Flame"}],"event_choices":[{"cards_removed":["Defend_R"],"damage_healed":0,"gold_gain":0,"player_choice":"Purged","damage_taken":0,"max_hp_gain":0,"max_hp_loss":0,"event_name":"Purifier","floor":2,"gold_loss":0},{"damage_healed":0,"gold_gain":0,"player_choice":"Searched \u00272\u0027 times","damage_taken":0,"relics_obtained":["MawBank"],"max_hp_gain":0,"max_hp_loss":0,"event_name":"Dead Adventurer","floor":12,"gold_loss":0},{"damage_healed":0,"gold_gain":0,"player_choice":"Inject Mutagens","damage_taken":0,"relics_obtained":["MutagenicStrength"],"max_hp_gain":0,"max_hp_loss":0,"event_name":"Drug Dealer","floor":19,"gold_loss":0},{"cards_removed":["Strike_R"],"damage_healed":0,"gold_gain":0,"player_choice":"Elegance","damage_taken":0,"max_hp_gain":0,"max_hp_loss":0,"event_name":"Back to Basics","floor":20,"gold_loss":0},{"damage_healed":0,"gold_gain":0,"player_choice":"Ignored","damage_taken":0,"max_hp_gain":0,"max_hp_loss":0,"event_name":"Ghosts","floor":27,"gold_loss":0},{"damage_healed":0,"gold_gain":0,"player_choice":"Stole Relic","damage_taken":0,"relics_obtained":["Pen Nib"],"max_hp_gain":0,"max_hp_loss":0,"event_name":"Addict","floor":29,"gold_loss":0,"cards_obtained":["Shame"]}],"is_beta":false,"boss_relics":[{"not_picked":["Empty Cage","Coffee Dripper"],"picked":"SlaversCollar"}],"items_purged_floors":[],"is_endless":false,"potions_floor_spawned":[1,7,10,16,22,25,28],"killed_by":"Shelled Parasite and Fungi","ascension_level":0}}