{"host":"67z713vnjolu4670","time":1613452241,"event":{"mods":["Act Like it!","BaseMod","BetterRewards","Colored Map","Colored Powertips","Downfall","Gensokyo","Lobotomy","Minty Spire (QoL Compilation)","Quick Restart","Rare Cards Sparkle","Replay The Spire","StSLib","The Jungle","The Servant 0.9.4","[IsaacMod]ÒÔÈö¼âËþ"],"gold_per_floor":[115,141,242,259,119,119,145,152,152,152,163,182,18,52,52,87,87],"floor_reached":16,"language":"ZHS","playtime":1859,"items_purged":[],"score":94,"play_id":"c47d5fca-f2e8-4145-9e7c-a610e89d7f6f","local_time":"20210216131041","is_ascension_mode":false,"campfire_choices":[{"data":"KidneyShot","floor":6,"key":"SMITH"},{"data":"Snipe","floor":15,"key":"SMITH"}],"circlet_count":0,"master_deck":["Strike_S","Strike_S","Strike_S","Strike_S","Defend_S","Defend_S","Defend_S","Defend_S","KidneyShot+1","Exchange","VoidDream","Bloodbath","Ricochet","Sabotage","OSAHOGD","FastForward","BottledTime","ShatteredReality","Panache","Snipe+1"],"relics":["Uniform","HushsDoor","CogitoBucket","SalivaCoin","GuppysTail","Simple Rune","GuppysHead","ReplayTheSpireMod:Shallot"],"acts_visited":["Gensokyo:Gensokyo"],"potions_floor_usage":[16,16],"damage_taken":[{"damage":0,"enemies":"Gensokyo:3_Fairies","floor":1,"turns":5},{"damage":4,"enemies":"Gensokyo:Python","floor":2,"turns":4},{"damage":5,"enemies":"Gensokyo:Gryphon","floor":4,"turns":4},{"damage":2,"enemies":"Gensokyo:5_Fairies","floor":7,"turns":5},{"damage":0,"enemies":"Gensokyo:VengefulSpirit","floor":11,"turns":4},{"damage":1,"enemies":"Gensokyo:2_Rabbits","floor":12,"turns":5},{"damage":4,"enemies":"Gensokyo:5_Fairies","floor":14,"turns":4},{"damage":66,"enemies":"Gensokyo:Kokoro","floor":16,"turns":13}],"seed_played":"1827070290512396555","potions_obtained":[{"floor":1,"key":"DuplicationPotion"},{"floor":14,"key":"Ancient Potion"}],"is_trial":false,"path_per_floor":["M","M","?","M","?","R","M","?","T","T","M","M","$","M","R","B"],"character_chosen":"THE_SERVANT","items_purchased":["Panache"],"campfire_rested":0,"item_purchase_floors":[13],"current_hp_per_floor":[65,61,46,42,42,42,42,27,27,27,28,28,28,25,25,0,0],"gold":87,"neow_bonus":"","is_daily":false,"chose_seed":false,"campfire_upgraded":2,"win_rate":0.0,"timestamp":1613452241,"path_taken":["M","M","?","?","?","R","?","?","T","?","M","?","?","M","R","BOSS"],"items_purchased_type":["Card"],"build_version":"2020-12-22","purchased_purges":0,"victory":false,"max_hp_per_floor":[65,65,65,65,65,65,65,65,65,65,65,65,65,65,65,65,65],"card_choices":[{"not_picked":["MeatLantern","ShyLook"],"picked":"VoidDream","floor":1},{"not_picked":["DoubleEdge","Rearm","Spin"],"picked":"SKIP","floor":1},{"not_picked":["DoubleEdge","Rearm","Spin"],"picked":"SKIP","floor":1},{"not_picked":["Yin","Variant"],"picked":"Bloodbath","floor":2},{"not_picked":["Dilation","Spin"],"picked":"Ricochet","floor":2},{"not_picked":["Spin","Collapse"],"picked":"Sabotage","floor":4},{"not_picked":["Mercenary","SpiderBud"],"picked":"OSAHOGD","floor":7},{"not_picked":["Defy","Starlight"],"picked":"FastForward","floor":7},{"not_picked":["Ricochet","ShiftingGears"],"picked":"BottledTime","floor":11},{"not_picked":["Revamp","Replace"],"picked":"ShatteredReality","floor":12},{"not_picked":["HellTrainRelic","BackwardClockRelic","ChangeAnythingRelic"],"picked":"Singing Bowl","floor":12},{"not_picked":["Potential","Revamp"],"picked":"Snipe","floor":14}],"player_experience":13196,"relics_obtained":[{"floor":9,"key":"GuppysHead"},{"floor":10,"key":"ReplayTheSpireMod:Shallot"}],"event_choices":[],"is_beta":false,"boss_relics":[],"items_purged_floors":[],"is_endless":false,"potions_floor_spawned":[1,14],"killed_by":"Gensokyo:Kokoro","ascension_level":0}}