{"host":"ufl0k2so27eic2iy","time":1613507563,"event":{"mods":["BaseMod","Downfall","Minty Spire (QoL Compilation)","StSLib","The Animator"],"gold_per_floor":[99,111,122,137,47,63,63,89,89,74,74,74,93,109,124,124,124,124],"floor_reached":16,"language":"ENG","playtime":570,"items_purged":["champ:Strike"],"score":130,"play_id":"68d73926-05b8-4b17-afe4-4f0d15223f93","local_time":"20210216203243","is_ascension_mode":true,"campfire_choices":[{"data":"champ:Taunt","floor":1.0,"key":"SMITH"},{"data":"champ:SwordThrow","floor":9.0,"key":"SMITH"},{"floor":12.0,"key":"REST"}],"circlet_count":0,"master_deck":["champ:Strike","champ:Strike","champ:Defend","champ:Defend","champ:Defend","champ:Defend","champ:Execute","champ:Taunt+1","champ:FanOfKnives","champ:DeathBlow","champ:BerserkersShout","champ:SwordThrow+1","champ:Shatter","champ:GladiatorForm","champ:Lariat","champ:Encircle"],"relics":["champ:ChampionCrown","Vajra","Gambling Chip"],"acts_visited":["Exordium"],"potions_floor_usage":[],"damage_taken":[{"damage":13.0,"enemies":"Small Slimes","floor":2.0,"turns":3.0},{"damage":13.0,"enemies":"2 Louse","floor":3.0,"turns":3.0},{"damage":11.0,"enemies":"Cultist","floor":4.0,"turns":4.0},{"damage":55.0,"enemies":"downfall:FleeingMerchant","floor":5.0,"turns":4.0},{"damage":19.0,"enemies":"Blue Slaver","floor":6.0,"turns":4.0},{"damage":61.0,"enemies":"Gremlin Nob","floor":8.0,"turns":4.0},{"damage":25.0,"enemies":"downfall:FleeingMerchant","floor":10.0,"turns":4.0},{"damage":17,"enemies":"Gremlin Gang","floor":13,"turns":2},{"damage":31,"enemies":"Exordium Wildlife","floor":14,"turns":5},{"damage":20,"enemies":"Red Slaver","floor":15,"turns":4},{"damage":10,"enemies":"SI_SHIV_ARCHETYPE","floor":16,"turns":3}],"seed_played":"3860746264825326695","potions_obtained":[{"floor":4.0,"key":"Swift Potion"},{"floor":6.0,"key":"Swift Potion"},{"floor":14,"key":"SkillPotion"}],"is_trial":false,"path_per_floor":["R","M","M","M","$","M","T","E","R","$","?","R","M","M","M","B"],"character_chosen":"THE_CHAMP","items_purchased":[],"campfire_rested":1,"item_purchase_floors":[],"current_hp_per_floor":[90,87,84,83,73,69,69,33,33,23,23,50,38,27,27,17,17,17],"gold":124,"neow_bonus":"RANDOM_COMMON_RELIC","is_daily":false,"chose_seed":false,"campfire_upgraded":2,"win_rate":0.0,"timestamp":1613507563,"path_taken":["R","M","M","M","$","M","T","E","R","$","?","R","M","M","M","BOSS"],"items_purchased_type":[],"build_version":"2020-12-22","purchased_purges":1,"victory":false,"max_hp_per_floor":[90,90,90,90,90,90,90,90,90,90,90,90,90,90,90,90,90,90],"card_choices":[{"not_picked":["champ:GutPunch","champ:DefensiveShout"],"picked":"champ:FanOfKnives","floor":2.0},{"not_picked":["champ:FalseCounter","champ:FocusedDefense"],"picked":"champ:DeathBlow","floor":3.0},{"not_picked":["champ:FancyFootwork","champ:TornadoPunch"],"picked":"champ:BerserkersShout","floor":4.0},{"not_picked":["champ:Parry","champ:BerserkersShout"],"picked":"champ:SwordThrow","floor":5.0},{"not_picked":["champ:Haymaker","champ:CrownThrow"],"picked":"champ:Shatter","floor":6.0},{"not_picked":["champ:BladeFlurry","champ:ShieldSlam","champ:CrownThrow"],"picked":"SKIP","floor":8.0},{"not_picked":["champ:HeartStrike","champ:Shatter"],"picked":"champ:GladiatorForm","floor":10.0},{"not_picked":["champ:CrownThrow","champ:BerserkersShout"],"picked":"champ:Lariat","floor":13},{"not_picked":["champ:Haymaker","champ:GutPunch"],"picked":"champ:Encircle","floor":14},{"not_picked":["champ:EnragedBash","champ:GutPunch","champ:SwordThrow"],"picked":"SKIP","floor":15}],"player_experience":2815286,"relics_obtained":[{"floor":8.0,"key":"Gambling Chip"}],"event_choices":[{"cards_removed":["champ:Strike"],"damage_healed":0.0,"max_hp_gain":0.0,"max_hp_loss":0.0,"gold_gain":0.0,"event_name":"Living Wall","player_choice":"Forget","floor":11.0,"gold_loss":0.0,"damage_taken":0.0}],"is_beta":false,"boss_relics":[],"items_purged_floors":[5],"is_endless":false,"potions_floor_spawned":[4,6,14],"killed_by":"SI_SHIV_ARCHETYPE","ascension_level":5}}