{"host":"mwb0clku6crgv6yl","time":1613477578,"event":{"mods":["AchievementEnabler","BaseMod","Highlight Path","Minty Spire (QoL Compilation)","StSLib","The Cursed"],"gold_per_floor":[114,134,134,134,153,181,181,207,207,221,235,235,235,248,248,248,248],"floor_reached":16,"language":"ZHS","playtime":399,"items_purged":[],"score":224,"play_id":"12058976-f9b5-4eda-867e-791385cc9a8c","local_time":"20210216201258","is_ascension_mode":true,"campfire_choices":[{"floor":7.0,"key":"REST"},{"floor":12.0,"key":"REST"},{"data":"Flex","floor":15.0,"key":"SMITH"}],"circlet_count":0,"master_deck":["AscendersBane","Strike_R","Strike_R","Strike_R","Strike_R","Defend_R","Defend_R","Defend_R","Defend_R","Bash","Whirlwind","Disarm","Immolate","Offering","Flex+1","Uppercut","Armaments"],"relics":["Burning Blood","NeowsBlessing","Letter Opener","CaptainsWheel","Turnip","Golden Idol"],"acts_visited":["Exordium"],"potions_floor_usage":[],"damage_taken":[{"damage":0.0,"enemies":"Cultist","floor":1.0,"turns":1.0},{"damage":0.0,"enemies":"Small Slimes","floor":2.0,"turns":1.0},{"damage":0.0,"enemies":"2 Louse","floor":5.0,"turns":1.0},{"damage":56.0,"enemies":"Gremlin Nob","floor":6.0,"turns":5.0},{"damage":40.0,"enemies":"Lagavulin","floor":8.0,"turns":8.0},{"damage":7.0,"enemies":"Looter","floor":10.0,"turns":4.0},{"damage":0.0,"enemies":"2 Fungi Beasts","floor":11.0,"turns":2.0},{"damage":0.0,"enemies":"Exordium Wildlife","floor":14.0,"turns":1.0},{"damage":49,"enemies":"Slime Boss","floor":16,"turns":6}],"seed_played":"4480289577850030317","potions_obtained":[{"floor":5.0,"key":"AttackPotion"},{"floor":11.0,"key":"LiquidMemories"},{"floor":14.0,"key":"SkillPotion"}],"is_trial":false,"path_per_floor":["M","M","?","?","M","E","R","E","T","M","M","R","?","M","R","B"],"character_chosen":"IRONCLAD","items_purchased":[],"campfire_rested":2,"item_purchase_floors":[],"current_hp_per_floor":[74,75,68,68,74,24,46,12,12,11,17,39,39,45,45,0,0],"gold":248,"neow_bonus":"THREE_ENEMY_KILL","is_daily":false,"chose_seed":false,"campfire_upgraded":1,"win_rate":0.0,"timestamp":1613477578,"path_taken":["M","M","?","?","M","E","R","E","T","M","M","R","?","M","R","BOSS"],"items_purchased_type":[],"build_version":"2020-12-22","purchased_purges":0,"victory":false,"max_hp_per_floor":[75,75,75,75,75,75,75,75,75,75,75,75,68,68,68,68,68],"card_choices":[{"not_picked":["Pommel Strike","Blood for Blood"],"picked":"Whirlwind","floor":1.0},{"not_picked":["Cleave","Intimidate"],"picked":"Disarm","floor":2.0},{"not_picked":["Clothesline","Dual Wield","Iron Wave"],"picked":"SKIP","floor":5.0},{"not_picked":["Clash","Disarm"],"picked":"Immolate","floor":6.0},{"not_picked":["Disarm","Armaments"],"picked":"Offering","floor":8.0},{"not_picked":["Blood for Blood","Clothesline"],"picked":"Flex","floor":10.0},{"not_picked":["Anger","Pommel Strike"],"picked":"Uppercut","floor":11.0},{"not_picked":["Infernal Blade","Flex"],"picked":"Armaments","floor":14.0}],"player_experience":337247,"relics_obtained":[{"floor":6.0,"key":"Letter Opener"},{"floor":8.0,"key":"CaptainsWheel"},{"floor":9.0,"key":"Turnip"}],"event_choices":[{"cards_removed":["Strike_R"],"damage_healed":0.0,"max_hp_gain":0.0,"max_hp_loss":0.0,"gold_gain":0.0,"event_name":"Golden Wing","player_choice":"Card Removal","floor":3.0,"gold_loss":0.0,"damage_taken":7.0},{"damage_healed":0.0,"max_hp_gain":0.0,"max_hp_loss":0.0,"gold_gain":0.0,"event_name":"Liars Game","player_choice":"Ignored","floor":4.0,"gold_loss":0.0,"damage_taken":0.0},{"damage_healed":0.0,"max_hp_gain":0.0,"max_hp_loss":7.0,"gold_gain":0.0,"event_name":"Golden Idol","player_choice":"Lose Max HP","floor":13.0,"gold_loss":0.0,"damage_taken":0.0,"relics_obtained":["Golden Idol"]}],"is_beta":false,"boss_relics":[],"items_purged_floors":[],"is_endless":false,"potions_floor_spawned":[5,11,14],"killed_by":"Slime Boss","ascension_level":20}}