{"host":"2c84cb4cp1emursg","time":1613498828,"event":{"mods":["Act Like it!","BaseMod","Better Third Choice","Bossed Relics","Hermit","Mimic Mod","Minty Spire (QoL Compilation)","Permanent Neow","StSLib","The Bug Knight"],"gold_per_floor":[219,219,231,247,20,52,52,110,146,164,202,213,246,261,261,261,261],"floor_reached":16,"language":"ENG","playtime":1372,"items_purged":["HollowMod:QuickDashStart"],"score":123,"play_id":"6209421c-6c2e-4543-8d1b-711d607a27e2","local_time":"20210216110708","is_ascension_mode":true,"campfire_choices":[{"data":"HollowMod:ChannelNail","floor":7.0,"key":"SMITH"},{"data":"HollowMod:DesolateDive","floor":15,"key":"SMITH"}],"circlet_count":0,"master_deck":["HollowMod:NailStrikeStart","HollowMod:NailStrikeStart","HollowMod:NailStrikeStart","HollowMod:NailStrikeStart","HollowMod:QuickDashStart","HollowMod:QuickDashStart","HollowMod:QuickDashStart","HollowMod:FocusHealStart+1","HollowMod:PogoStrike","HollowMod:MonomonsArchive","HollowMod:ChannelNail+1","HollowMod:DashSlash","HollowMod:NewLittleFool","HollowMod:FastStrike","HollowMod:SoulSplash","HollowMod:PureNailStrike","HollowMod:DesolateDive+1","HollowMod:CornifersMapStart","HollowMod:VengefulSpirit"],"relics":["HollowMod:VesselMask","HollowMod:MillibellesNoteRelic","Question Card","Pantograph","HollowMod:KingsBrand","Boot"],"acts_visited":["Exordium"],"potions_floor_usage":[16],"damage_taken":[{"damage":6.0,"enemies":"Cultist","floor":1.0,"turns":3.0},{"damage":4.0,"enemies":"Small Slimes","floor":3.0,"turns":3.0},{"damage":2.0,"enemies":"Jaw Worm","floor":4.0,"turns":3.0},{"damage":27.0,"enemies":"Lagavulin","floor":6.0,"turns":7.0},{"damage":44.0,"enemies":"3 Sentries","floor":8.0,"turns":9.0},{"damage":1.0,"enemies":"Blue Slaver","floor":9.0,"turns":5.0},{"damage":17.0,"enemies":"Blue Slaver","floor":10.0,"turns":3.0},{"damage":9.0,"enemies":"3 Louse","floor":11.0,"turns":6.0},{"damage":4.0,"enemies":"3 Louse","floor":12.0,"turns":4.0},{"damage":32.0,"enemies":"3 Sentries","floor":13.0,"turns":6.0},{"damage":6.0,"enemies":"Exordium Thugs","floor":14.0,"turns":4.0},{"damage":42,"enemies":"Slime Boss","floor":16,"turns":8}],"seed_played":"6408310529703929482","potions_obtained":[{"floor":4.0,"key":"SpeedPotion"},{"floor":6.0,"key":"Ancient Potion"},{"floor":8.0,"key":"AttackPotion"},{"floor":10.0,"key":"SneckoOil"},{"floor":14.0,"key":"Swift Potion"}],"is_trial":false,"path_per_floor":["M","?","M","M","$","E","R","?","MIM","M","MIM","M","E","M","R","B"],"character_chosen":"THE_BUGKNIGHT","items_purchased":["HollowMod:MillibellesNoteRelic"],"campfire_rested":0,"item_purchase_floors":[5],"current_hp_per_floor":[75,75,75,75,75,58,58,26,31,24,27,29,3,3,3,0,0],"gold":261,"neow_bonus":"HUNDRED_GOLD","is_daily":false,"chose_seed":false,"campfire_upgraded":2,"win_rate":0.0,"timestamp":1613498828,"path_taken":["M","?","M","M","$","E","R","?","MIM","M","?","?","E","M","R","BOSS"],"items_purchased_type":["Relic"],"build_version":"2020-12-22","purchased_purges":1,"victory":false,"max_hp_per_floor":[75,75,75,75,75,75,75,75,75,75,75,75,75,75,75,75,75],"card_choices":[{"not_picked":["HollowMod:NewJinnsSoul","HollowMod:NewGlowingWomb"],"picked":"HollowMod:MonomonsArchive","floor":1.0},{"not_picked":["HollowMod:SoulStrike","HollowMod:InfectedAttack"],"picked":"HollowMod:ChannelNail","floor":3.0},{"not_picked":["HollowMod:SiblingsShadow","HollowMod:GrimmsGift"],"picked":"HollowMod:DashSlash","floor":4.0},{"not_picked":["HollowMod:DescendingDark","HollowMod:SoulEater"],"picked":"HollowMod:NewLittleFool","floor":6.0},{"not_picked":["HollowMod:HeavyBlow","HollowMod:RecoilStrike","HollowMod:TaintedHusks"],"picked":"HollowMod:FastStrike","floor":9.0},{"not_picked":["HollowMod:MantisMark","HollowMod:MonarchWings","HollowMod:WraithStrike"],"picked":"HollowMod:SoulSplash","floor":10.0},{"not_picked":["HollowMod:MonarchWings","HollowMod:BrokenVessel","HollowMod:LuriensSpire"],"picked":"HollowMod:PureNailStrike","floor":11.0},{"not_picked":["HollowMod:SoulSplash","HollowMod:ShadowDash","HollowMod:InfectedCysts"],"picked":"HollowMod:DesolateDive","floor":12.0},{"not_picked":["HollowMod:VoidDash","HollowMod:ShadowDash","HollowMod:SoulSplash"],"picked":"HollowMod:CornifersMapStart","floor":13.0},{"not_picked":["HollowMod:VengefulVoid","HollowMod:CornifersMapStart","HollowMod:PureNailStrike"],"picked":"HollowMod:VengefulSpirit","floor":14.0}],"player_experience":520272,"relics_obtained":[{"floor":6.0,"key":"Question Card"},{"floor":11.0,"key":"HollowMod:KingsBrand"},{"floor":13.0,"key":"Boot"}],"event_choices":[{"damage_healed":0.0,"max_hp_gain":0.0,"max_hp_loss":0.0,"gold_gain":0.0,"event_name":"Living Wall","player_choice":"Grow","floor":2.0,"gold_loss":0.0,"damage_taken":0.0,"cards_upgraded":["HollowMod:FocusHealStart"]},{"damage_healed":0.0,"max_hp_gain":0.0,"max_hp_loss":0.0,"gold_gain":0.0,"event_name":"Dead Adventurer","player_choice":"Searched \u00272\u0027 times","floor":8.0,"gold_loss":0.0,"damage_taken":0.0,"relics_obtained":["Pantograph"]}],"is_beta":false,"boss_relics":[],"items_purged_floors":[5],"is_endless":false,"potions_floor_spawned":[4,6,8,10,14],"killed_by":"Slime Boss","ascension_level":2}}