{"host":"m6rwrrl4vtok99e8","time":1613449016,"event":{"mods":["Act Like it!","Arknights","BaseMod","Colored Powertips","Downfall","KomeijiMod","Lobotomy","Marisa????????","Minty Spire (QoL Compilation)","Remilia??????","Replay The Spire","StSLib","The Bug Knight","The Hierophant","The Servant 0.9.4","WarShipGirlsR/????R mod","Yuri Mod"],"gold_per_floor":[119,119,119,119,130,130,159,159,214,214,214,224,250,264,264,364,364,374,408,157,157,57,57,57,57,83,23,23,23,40,57,57,72,72,177,177,197,207,207,207,207,207,61,61,73,73,153,163,177,52,12,12,12,12],"floor_reached":55,"language":"ZHS","playtime":2337,"items_purged":["Sickly","Lust_TH","Parasite"],"score":721,"play_id":"62cf1bf1-d958-4949-b8fc-975a378818a3","local_time":"20210216121656","is_ascension_mode":false,"campfire_choices":[{"data":"rmod:robin","floor":6,"key":"SMITH"},{"floor":8,"key":"REST"},{"data":"rmod:maingunfire","floor":10,"key":"SMITH"},{"data":"rmod:unsinkable","floor":25,"key":"SMITH"},{"data":"rmod:strick","floor":29,"key":"SMITH"},{"data":"rmod:defend","floor":32,"key":"SMITH"},{"floor":34,"key":"REST"},{"floor":44,"key":"REST"},{"data":"rmod:strick","floor":46,"key":"SMITH"}],"circlet_count":0,"master_deck":["rmod:strick","rmod:strick+1","rmod:strick+1","rmod:strick+1","rmod:defend+1","rmod:defend","rmod:defend","rmod:basicallowance+1","rmod:maingunfire+1","rmod:robin+1","CurseOfTheBell","CurseOfTheBell","rmod:firesupport+1","rmod:unsinkable+1","rmod:expeditionaryescort+1","CurseOfTheBell","rmod:aviationdawn+1","ReplayTheSpireMod:Necrogeddon+1","rmod:aluminumsupply+1","rmod:fuelsupply+1","rmod:highspeedmaneuver","rmod:firesupport+1","rmod:aluminumsupply+1","rmod:ammunitionsupply+1","rmod:fuelsupply+1"],"relics":["rmod:firstchargereward","downfall:ExtraCursedBell","Blue Doll","Mercury Hourglass","Incense Burner","Ring of Fury","Ring of Panic","Blood Vial","Lantern","HornCleat","Darkstone Periapt","Replay:Ancient Bell","ReplayFunnel","Pear","Ginger","Red Mask","Replay:Wax Seal","Durian","Runic Pyramid","Strawberry","Mirror"],"acts_visited":["Exordium","TheCity","TheBeyond"],"potions_floor_usage":[],"damage_taken":[{"damage":4,"enemies":"Jaw Worm","floor":1,"turns":4},{"damage":5,"enemies":"Small Slimes","floor":5,"turns":2},{"damage":24,"enemies":"Lagavulin","floor":7,"turns":5},{"damage":1,"enemies":"2 Louse","floor":12,"turns":2},{"damage":1,"enemies":"Gremlin Nob","floor":13,"turns":4},{"damage":0,"enemies":"Looter","floor":14,"turns":1},{"damage":19,"enemies":"Slime Boss","floor":16,"turns":7},{"damage":6,"enemies":"3 Byrds","floor":18,"turns":6},{"damage":28,"enemies":"Masked Bandits","floor":19,"turns":6},{"damage":0,"enemies":"Shell Parasite","floor":30,"turns":4},{"damage":1,"enemies":"Sentry and Sphere","floor":31,"turns":6},{"damage":4,"enemies":"Snake Plant","floor":33,"turns":4},{"damage":28,"enemies":"Pondfish","floor":35,"turns":7},{"damage":7,"enemies":"Orb Walker","floor":37,"turns":4},{"damage":6,"enemies":"3 Shapes","floor":38,"turns":3},{"damage":30,"enemies":"Spire Growth","floor":45,"turns":4},{"damage":0,"enemies":"Writhing Mass","floor":48,"turns":5},{"damage":2,"enemies":"Spire Growth","floor":49,"turns":5},{"damage":47,"enemies":"Replay:Hell Engine","floor":54,"turns":9}],"seed_played":"-4029405142299818668","potions_obtained":[{"floor":7,"key":"Strength Potion"},{"floor":13,"key":"CalmPotion"},{"floor":18,"key":"BlessingOfTheForge"}],"is_trial":false,"path_per_floor":["M","?","?","?","M","R","E","R","T","R","T","M","E","M","R","B",null,"M","?","$","?","$","PTL","PTL","R","T","?","T","R","M","M","R","M","R","B",null,"M","M","?","PTL","PTL","?","$","R","M","R","T","M","M","$","?","?","R","B",null],"character_chosen":"PRAEFECT","items_purchased":["ReplayTheSpireMod:Necrogeddon","Strawberry"],"campfire_rested":3,"item_purchase_floors":[20,43],"current_hp_per_floor":[71,71,71,71,66,66,42,64,64,64,64,65,66,68,75,56,103,97,71,71,77,77,77,77,77,77,77,82,82,84,85,85,83,114,86,114,107,103,103,103,103,103,110,121,91,91,91,99,99,99,99,99,124,77],"gold":12,"neow_bonus":"UPGRADE_CARD","is_daily":false,"chose_seed":false,"campfire_upgraded":6,"win_rate":0.0,"timestamp":1613449016,"path_taken":["M","?","?","?","M","R","E","R","T","R","?","M","E","M","R","BOSS","M","?","$","?","$","PTL","PTL","R","?","?","T","R","?","M","R","M","R","BOSS","M","M","?","PTL","PTL","?","$","R","M","R","T","?","M","$","?","?","R","BOSS"],"items_purchased_type":["Card","Relic"],"build_version":"2020-12-22","purchased_purges":3,"victory":true,"max_hp_per_floor":[75,75,75,75,75,75,75,75,75,75,75,75,75,75,75,75,103,103,103,103,109,109,109,109,109,109,109,114,114,114,114,114,114,114,114,114,114,114,114,114,114,114,121,121,121,121,121,127,127,124,124,124,124,124],"card_choices":[{"not_picked":["rmod:victimresponsibility","rmod:mineteam"],"picked":"rmod:robin","floor":1},{"not_picked":["rmod:fletcherpendant","rmod:luckystar","rmod:generalist"],"picked":"SKIP","floor":5},{"not_picked":["rmod:unsinkable","rmod:salvage"],"picked":"rmod:firesupport","floor":7},{"not_picked":["rmod:diamondstrike","rmod:circuitoustactics"],"picked":"rmod:unsinkable","floor":12},{"not_picked":["rmod:tearstotiara","rmod:u235","rmod:diamondstrike"],"picked":"SKIP","floor":13},{"not_picked":["rmod:victimresponsibility","rmod:spoils","rmod:punchline"],"picked":"SKIP","floor":14},{"not_picked":["rmod:secretscript","rmod:desperatesituation"],"picked":"rmod:expeditionaryescort","floor":16},{"not_picked":["Delirium","downfall:Malfunctioning"],"picked":"Doubt","floor":17},{"not_picked":["downfall:Bewildered","Sloth_TH"],"picked":"CurseOfTheBell","floor":17},{"not_picked":["Parasite","Decay"],"picked":"Sickly","floor":17},{"not_picked":["rmod:fletcherpendant+1","rmod:intelligenceanalysis"],"picked":"rmod:aviationdawn+1","floor":18},{"not_picked":["rmod:punchline+1","rmod:generalist","rmod:intelligenceanalysis+1"],"picked":"SKIP","floor":30},{"not_picked":["rmod:spoils","rmod:rockthrower"],"picked":"rmod:aluminumsupply+1","floor":31},{"not_picked":["rmod:punchline","rmod:ring"],"picked":"rmod:fuelsupply+1","floor":33},{"not_picked":["rmod:stealaluminum","rmod:acesubmarine"],"picked":"rmod:highspeedmaneuver","floor":35},{"not_picked":["rmod:bulid","rmod:punchline+1"],"picked":"rmod:firesupport+1","floor":37},{"not_picked":["rmod:maintain+1","rmod:diamondstrike","rmod:aluminumsupply"],"picked":"SKIP","floor":38},{"not_picked":["rmod:ring+1","rmod:unsinkable+1"],"picked":"rmod:aluminumsupply+1","floor":45},{"not_picked":["rmod:fuelsupply","rmod:guardianhero"],"picked":"rmod:ammunitionsupply+1","floor":48},{"not_picked":["rmod:unsinkable","rmod:openingtorpedo"],"picked":"rmod:fuelsupply","floor":49}],"player_experience":12211,"relics_obtained":[{"floor":2,"key":"Blue Doll"},{"floor":2,"key":"Mercury Hourglass"},{"floor":2,"key":"Incense Burner"},{"floor":3,"key":"Ring of Fury"},{"floor":3,"key":"Ring of Panic"},{"floor":7,"key":"Blood Vial"},{"floor":9,"key":"Lantern"},{"floor":11,"key":"HornCleat"},{"floor":13,"key":"Darkstone Periapt"},{"floor":19,"key":"Red Mask"},{"floor":26,"key":"Replay:Wax Seal"},{"floor":28,"key":"Durian"},{"floor":47,"key":"Mirror"}],"event_choices":[{"damage_healed":0,"gold_gain":0,"player_choice":"Fought Bandits","damage_taken":0,"max_hp_gain":0,"max_hp_loss":0,"event_name":"Masked Bandits","floor":19,"gold_loss":0},{"cards_removed":["Doubt"],"damage_healed":0,"gold_gain":0,"player_choice":"Single Remove","damage_taken":0,"max_hp_gain":0,"max_hp_loss":0,"event_name":"Designer","floor":27,"gold_loss":60},{"cards_removed":["rmod:defend"],"damage_healed":0,"gold_gain":0,"player_choice":"Removed Skill","damage_taken":0,"max_hp_gain":0,"max_hp_loss":0,"event_name":"Falling","floor":39,"gold_loss":0},{"damage_healed":0,"gold_gain":0,"player_choice":"Forge","damage_taken":0,"max_hp_gain":0,"max_hp_loss":0,"event_name":"Accursed Blacksmith","floor":42,"gold_loss":0,"cards_upgraded":["rmod:strick"]}],"is_beta":false,"boss_relics":[{"not_picked":["Empty Cage","Tiny House"],"picked":"Replay:Ancient Bell"},{"not_picked":["Anchor","Bag of Preparation"],"picked":"ReplayFunnel"},{"not_picked":["Replay:Bottled Steam","Chameleon Ring"],"picked":"Pear"},{"not_picked":["Girya","Pocketwatch"],"picked":"Ginger"},{"not_picked":["bronze:MakeshiftBattery","Honey Jar"],"picked":"Runic Pyramid"}],"items_purged_floors":[20,22,50],"is_endless":false,"potions_floor_spawned":[7,13,18,35,45,48],"ascension_level":0}}