{"host":"t9h87jftyp6v51pz","time":1613469441,"event":{"mods":["Ascension Reborn","BaseMod","Minty Spire (QoL Compilation)","MostiFishMod","Remilia（蕾米莉亚）","RumiaBox-露米娅的神秘盒子","StSLib","Waifu the Spire"],"gold_per_floor":[418,418,25,44,59,59,59,91,115,137,168,180,117,135,135,238,238,256,267,284,300,315,315,329,329,329,1,6,6,6,23,23,126,126,146,163,163,163,176,176,229,261,261,52,52,70,85,105,105,105],"floor_reached":51,"language":"ZHS","playtime":4654,"items_purged":["Strike_RM"],"score":785,"play_id":"f4a9e9f1-dc25-4f61-ad05-79dbaba694fb","local_time":"20210216175721","is_ascension_mode":true,"campfire_choices":[{"data":"RedNightlessCastle","floor":6.0,"key":"SMITH"},{"data":"BloodyHallows","floor":12.0,"key":"SMITH"},{"data":"EternalNight","floor":15.0,"key":"SMITH"},{"floor":23.0,"key":"REST"},{"floor":25.0,"key":"REST"},{"data":"BloodHunter","floor":29.0,"key":"SMITH"},{"floor":32.0,"key":"REST"},{"data":"DemonKingCradle","floor":40.0,"key":"SMITH"},{"data":"BloodHunter","floor":49.0,"key":"SMITH"}],"circlet_count":0,"master_deck":["Strike_RM","Strike_RM+1","RedMoon","ScarletShoot","EndlessAdversity","BombardNight","RedMagic","RedNightlessCastle+1","RedRainbow","BloodyHallows+1","EternalNight+1","BloodHunter+1","HunterOfTheNight","DemonKingCradle+1","MastersStateliness","BloodHunter+1","ScarletDevilSign","EternalNight","FitfulNightmare","RedRainbow+1","ScarletSymphony","EternalNight","GlobalNightmare","VampireSweep","QueenOfMidnight","TransientEternity","ScarletGensokyo+1","DiffusionOfMisfortune+1","Enlightenment","ScarletCoffin","Blind","RedRainbow+1","BloodHunter","BloodHunter","BloodyCatastrophe","BloodHunter","BloodAndWine","ScarletMeister","BlasphemousPunishment+1"],"relics":["ScarletHat","DaveBox","SynthV:TestCard","Ginger","DianPoetry","GodSword3","Ornamental Fan","MawBank","ChiXiaoBlade","Baka2","Pear","GodSword7","Pen Nib","RhineSuit","Ornamental Fan","MoreBug","Happy Flower","Unceasing Top","Bronze Scales","ZombieArmy"],"acts_visited":["Exordium","TheCity","TheBeyond"],"potions_floor_usage":[50,50,50,50],"damage_taken":[{"damage":1.0,"enemies":"2 Louse","floor":1.0,"turns":3.0},{"damage":0.0,"enemies":"Cultist","floor":4.0,"turns":2.0},{"damage":1.0,"enemies":"Jaw Worm","floor":5.0,"turns":3.0},{"damage":19.0,"enemies":"Lagavulin","floor":8.0,"turns":5.0},{"damage":19.0,"enemies":"Large Slime","floor":10.0,"turns":2.0},{"damage":0.0,"enemies":"Lots of Slimes","floor":11.0,"turns":1.0},{"damage":0.0,"enemies":"Looter","floor":14.0,"turns":2.0},{"damage":64.0,"enemies":"Hexaghost","floor":16.0,"turns":3.0},{"damage":0.0,"enemies":"3 Byrds","floor":18.0,"turns":3.0},{"damage":13.0,"enemies":"Chosen","floor":19.0,"turns":3.0},{"damage":0.0,"enemies":"3 Cultists","floor":20.0,"turns":3.0},{"damage":24.0,"enemies":"Snake Plant","floor":21.0,"turns":1.0},{"damage":12.0,"enemies":"Snecko","floor":22.0,"turns":2.0},{"damage":32.0,"enemies":"Centurion and Healer","floor":24.0,"turns":3.0},{"damage":0.0,"enemies":"Shelled Parasite and Fungi","floor":28.0,"turns":2.0},{"damage":21.0,"enemies":"Snecko","floor":31.0,"turns":3.0},{"damage":15.0,"enemies":"Champ","floor":33.0,"turns":6.0},{"damage":13.0,"enemies":"Orb Walker","floor":35.0,"turns":2.0},{"damage":8.0,"enemies":"3 Shapes","floor":36.0,"turns":2.0},{"damage":3.0,"enemies":"3 Darklings","floor":39.0,"turns":2.0},{"damage":24.0,"enemies":"2 Orb Walkers","floor":41.0,"turns":2.0},{"damage":8.0,"enemies":"Nemesis","floor":42.0,"turns":3.0},{"damage":32.0,"enemies":"4 Shapes","floor":46.0,"turns":3.0},{"damage":30.0,"enemies":"Writhing Mass","floor":47.0,"turns":3.0},{"damage":17.0,"enemies":"Maw","floor":48.0,"turns":4.0},{"damage":139,"enemies":"Awakened One","floor":50,"turns":3}],"seed_played":"3413583170289083960","potions_obtained":[{"floor":1.0,"key":"SpeedPotion"},{"floor":5.0,"key":"ColorlessPotion"},{"floor":11.0,"key":"ColorlessPotion"},{"floor":19.0,"key":"DestinyDice"},{"floor":20.0,"key":"Ancient Potion"},{"floor":35.0,"key":"LiquidBronze"},{"floor":41.0,"key":"Regen Potion"},{"floor":46.0,"key":"Block Potion"}],"is_trial":false,"path_per_floor":["M","?","$","M","M","R","T","E","T","M","M","R","$","M","R","B",null,"M","M","M","M","M","R","M","R","T","$","M","R","?","M","R","B",null,"M","M","?","?","M","R","?","E","T","$","?","M","M","M","R","B",null],"character_chosen":"REMILIA","items_purchased":["Ginger","BombardNight","RedMagic","GodSword7","ScarletSymphony","BloodHunter","ZombieArmy"],"campfire_rested":3,"item_purchase_floors":[3,3,3,27,27,44,44],"current_hp_per_floor":[134,134,134,134,133,133,133,114,114,114,114,114,114,114,114,50,136,136,123,123,99,69,114,91,136,146,146,151,151,151,137,160,160,160,159,168,168,168,167,167,144,143,143,143,143,130,121,138,138,80],"gold":105,"neow_bonus":"REMOVE_TWO","is_daily":false,"chose_seed":false,"campfire_upgraded":6,"win_rate":0.0,"timestamp":1613469441,"path_taken":["M","?","?","M","?","R","?","E","T","M","?","R","$","M","R","BOSS","M","?","M","?","M","R","M","R","T","$","M","R","?","M","R","BOSS","M","M","?","?","?","R","?","E","T","$","?","M","M","M","R","BOSS"],"items_purchased_type":["Relic","Card","Card","Relic","Card","Card","Relic"],"build_version":"2020-12-22","purchased_purges":1,"victory":true,"max_hp_per_floor":[136,136,136,136,136,136,136,136,136,136,136,136,136,136,136,136,136,136,136,136,136,150,150,150,150,160,160,160,160,160,160,160,160,160,160,169,169,169,169,169,169,169,169,169,161,161,161,161,161,161],"card_choices":[{"not_picked":["EmergencyRegeneration","UnderTheZenith"],"picked":"EndlessAdversity","floor":1.0},{"not_picked":["StarOfDavid","UnderTheZenith","EndlessAdversity","DiffusionOfMisfortune"],"picked":"RedNightlessCastle","floor":4.0},{"not_picked":["Ultimatum","FavorOfDestiny","ScarletImprint","MastersStateliness"],"picked":"RedRainbow","floor":5.0},{"not_picked":["DiffusionOfMisfortune","TwelveNightmare","ScarletDevilSign","EmergencyRegeneration"],"picked":"BloodyHallows","floor":8.0},{"not_picked":["EndlessAdversity","ScarletImprint","CharismaGuard","EmergencyRegeneration"],"picked":"EternalNight","floor":10.0},{"not_picked":["DevilSight","EndlessAdversity","BombardNight","ScarletDream"],"picked":"BloodHunter","floor":11.0},{"not_picked":["ForbiddenFruit","GlobalNightmare","TricksterDevil","ScarletDevil"],"picked":"HunterOfTheNight","floor":14.0},{"not_picked":["TricksterDevil","CurseOfVladTepes","ChaoticDestiny","ScarletCoffin"],"picked":"DemonKingCradle","floor":16.0},{"not_picked":["RedNightlessCastle","VampireClaw","EndlessAdversity+1","StarOfDavid"],"picked":"MastersStateliness","floor":18.0},{"not_picked":["DiffusionOfMisfortune","NightDance","BloodyTrap","FavorOfDestiny"],"picked":"BloodHunter","floor":19.0},{"not_picked":["EmergencyRegeneration","StarOfDavid","FavorOfDestiny","Stigmanizer+1"],"picked":"ScarletDevilSign","floor":20.0},{"not_picked":["EndlessAdversity","BlasphemousPunishment","CharismaGuard","FavorOfDestiny"],"picked":"EternalNight","floor":21.0},{"not_picked":["VampireSweep","UnstableMagic","ChainGang","ReincarnationDial"],"picked":"FitfulNightmare","floor":22.0},{"not_picked":["FitfulNightmare","ScarletSymphony","CharismaGuard+1","UnstableMagic+1"],"picked":"RedRainbow+1","floor":24.0},{"not_picked":["ScarletDevil","FitfulNightmare","BadLadyScramble+1","Maim"],"picked":"EternalNight","floor":28.0},{"not_picked":["ChainGang+1","MastersStateliness","NightDance","RedNightlessCastle"],"picked":"QueenOfMidnight","floor":31.0},{"not_picked":["QueenOfMidnight","ForecastOfChange","CurseOfVladTepes","BloodyCatastrophe"],"picked":"TransientEternity","floor":33.0},{"not_picked":["NightDance","DevilSight+1","MastersStateliness+1","ScarletImprint+1"],"picked":"ScarletGensokyo+1","floor":35.0},{"not_picked":["RedRainbow","DevilSight+1","ScarletDream","VampireFantasy"],"picked":"DiffusionOfMisfortune+1","floor":36.0},{"not_picked":["MostiFishMod:SupremeArchaeology","Panacea","Thinking Ahead","Jack Of All Trades"],"picked":"Enlightenment","floor":37.0},{"not_picked":["UnderTheZenith","EndlessAdversity+1","ScarletNetherworld","SuperhumanBloodyKnife"],"picked":"BloodHunter","floor":39.0},{"not_picked":["DevilSight+1","FavorOfDestiny","ScarletNetherworld+1","ScarletDevil"],"picked":"BloodHunter","floor":41.0},{"not_picked":["ForbiddenFruit","ReincarnationDial+1","ChainGang","EndlessAdversity"],"picked":"BloodyCatastrophe","floor":42.0},{"not_picked":["RedRainbow","BombardNight","FitfulNightmare","RedMagic"],"picked":"BloodAndWine","floor":46.0},{"not_picked":["UnstableMagic+1","FavorOfDestiny+1","EndlessAdversity","BlasphemousPunishment"],"picked":"ScarletMeister","floor":47.0},{"not_picked":["AfternoonTea","VampireKiss+1","NightDance+1","ScarletImprint+1"],"picked":"BlasphemousPunishment+1","floor":48.0}],"player_experience":2242,"relics_obtained":[{"floor":1.0,"key":"Baka"},{"floor":1.0,"key":"SynthV:TestCard"},{"floor":7.0,"key":"GodSword3"},{"floor":8.0,"key":"Ornamental Fan"},{"floor":9.0,"key":"MawBank"},{"floor":20.0,"key":"Baka2"},{"floor":26.0,"key":"Pear"},{"floor":31.0,"key":"Pen Nib"},{"floor":39.0,"key":"Ornamental Fan"},{"floor":41.0,"key":"MoreBug"},{"floor":41.0,"key":"Happy Flower"},{"floor":42.0,"key":"Unceasing Top"},{"floor":43.0,"key":"Bronze Scales"}],"event_choices":[{"cards_removed":["Defend_RM"],"damage_healed":0.0,"max_hp_gain":0.0,"max_hp_loss":0.0,"gold_gain":0.0,"event_name":"Purifier","player_choice":"Purged","floor":2.0,"gold_loss":0.0,"damage_taken":0.0},{"damage_healed":0.0,"max_hp_gain":0.0,"max_hp_loss":0.0,"gold_gain":0.0,"cards_transformed":["Defend_RM","Defend_RM"],"event_name":"Drug Dealer","player_choice":"Became Test Subject","floor":30.0,"gold_loss":0.0,"damage_taken":0.0,"cards_obtained":["GlobalNightmare","VampireSweep"]},{"damage_healed":0.0,"max_hp_gain":0.0,"max_hp_loss":0.0,"gold_gain":0.0,"event_name":"SensoryStone","player_choice":"Memory 1","floor":37.0,"gold_loss":0.0,"damage_taken":0.0},{"damage_healed":0.0,"max_hp_gain":0.0,"max_hp_loss":0.0,"gold_gain":0.0,"event_name":"Match and Keep!","player_choice":"2 cards matched","floor":38.0,"gold_loss":0.0,"damage_taken":0.0,"cards_obtained":["ScarletCoffin","Blind"]},{"damage_healed":0.0,"max_hp_gain":0.0,"max_hp_loss":0.0,"gold_gain":0.0,"event_name":"Mysterious Sphere","player_choice":"Fight","floor":41.0,"gold_loss":0.0,"damage_taken":0.0},{"damage_healed":0.0,"max_hp_gain":0.0,"max_hp_loss":8.0,"gold_gain":0.0,"event_name":"Winding Halls","player_choice":"Max HP","floor":45.0,"gold_loss":0.0,"damage_taken":0.0}],"is_beta":false,"boss_relics":[{"not_picked":["Fusion Hammer","Snecko Eye"],"picked":"ChiXiaoBlade"},{"not_picked":["JellyFishMachine","FixedStarFall"],"picked":"RhineSuit"}],"items_purged_floors":[13],"is_endless":false,"potions_floor_spawned":[1,5,11,19,20,21,24,31,35,41,46,47],"ascension_level":0}}