{"host":"5p9hybygolzp0efr","time":1613462593,"event":{"mods":["AchievementEnabler","BaseMod","Bestiary","Colored Map","Minty Spire (QoL Compilation)","Permanent Neow","Relic Stats","StSLib"],"gold_per_floor":[366,243,243,255,275,304,320,320,401,412,445,445,445,457,457,555,555,568,667,494,494,494,494,511,543,566,579,26,26,26,45,45,145,145,161,175,18,18,29,29,45,73,99,99,113,113,141,159,159,159],"floor_reached":51,"language":"ENG","playtime":3738,"items_purged":["Strike_B","Zap"],"score":796,"play_id":"7bb46c1e-abfd-4b25-aea3-fd88a9a7942d","local_time":"20210216160313","is_ascension_mode":true,"campfire_choices":[{"data":"Ball Lightning","floor":8,"key":"SMITH"},{"floor":15,"key":"REST"},{"data":"Dualcast","floor":23,"key":"SMITH"},{"floor":29,"key":"DIG"},{"data":"Hologram","floor":32,"key":"SMITH"},{"floor":40,"key":"DIG"},{"floor":44,"key":"REST"},{"floor":49,"key":"REST"}],"circlet_count":0,"master_deck":["Dualcast+1","Go for the Eyes","Leap","Conserve Battery","Gash+1","Ball Lightning+1","Gash+1","Sweeping Beam","Hologram+1","Rebound","Hologram+1","Cold Snap+1","Barrage+1"],"relics":["Cracked Core","Centennial Puzzle","Mercury Hourglass","Bronze Scales","Pocketwatch","Pandora\u0027s Box","Akabeko","MutagenicStrength","Sundial","Gambling Chip","Bag of Marbles","Shovel","Whetstone","Blood Vial","Busted Crown","Nunchaku","Girya","Prayer Wheel","Regal Pillow","Omamori"],"acts_visited":["Exordium","TheCity","TheBeyond"],"potions_floor_usage":[41,47,47,50],"damage_taken":[{"damage":1,"enemies":"Cultist","floor":1,"turns":3},{"damage":0,"enemies":"2 Louse","floor":4,"turns":3},{"damage":0,"enemies":"Jaw Worm","floor":5,"turns":3},{"damage":10,"enemies":"Gremlin Nob","floor":6,"turns":4},{"damage":8,"enemies":"Large Slime","floor":7,"turns":4},{"damage":9,"enemies":"2 Fungi Beasts","floor":10,"turns":3},{"damage":10,"enemies":"Lagavulin","floor":11,"turns":5},{"damage":2,"enemies":"Blue Slaver","floor":14,"turns":2},{"damage":25,"enemies":"The Guardian","floor":16,"turns":8},{"damage":5,"enemies":"2 Thieves","floor":18,"turns":3},{"damage":0,"enemies":"Shell Parasite","floor":24,"turns":3},{"damage":9,"enemies":"Book of Stabbing","floor":25,"turns":4},{"damage":5,"enemies":"Snake Plant","floor":27,"turns":1},{"damage":0,"enemies":"Sentry and Sphere","floor":31,"turns":3},{"damage":33,"enemies":"Champ","floor":33,"turns":8},{"damage":1,"enemies":"Orb Walker","floor":35,"turns":2},{"damage":3,"enemies":"3 Darklings","floor":36,"turns":3},{"damage":0,"enemies":"4 Shapes","floor":39,"turns":1},{"damage":18,"enemies":"Writhing Mass","floor":41,"turns":3},{"damage":25,"enemies":"Reptomancer","floor":42,"turns":5},{"damage":6,"enemies":"Transient","floor":45,"turns":5},{"damage":32,"enemies":"Nemesis","floor":47,"turns":7},{"damage":1,"enemies":"Sphere and 2 Shapes","floor":48,"turns":4},{"damage":51,"enemies":"Awakened One","floor":50,"turns":12}],"seed_played":"-4725097026192473539","potions_obtained":[{"floor":1,"key":"Weak Potion"},{"floor":6,"key":"LiquidMemories"},{"floor":7,"key":"PowerPotion"},{"floor":14,"key":"Explosive Potion"},{"floor":18,"key":"Fire Potion"},{"floor":41,"key":"Block Potion"}],"is_trial":false,"path_per_floor":["M","$","?","M","M","E","M","R","T","M","E","?","T","M","R","B",null,"M","?","$","?","T","R","M","E","T","M","$","R","?","M","R","B",null,"M","M","$","?","M","R","M","E","T","R","M","?","E","M","R","B",null],"character_chosen":"DEFECT","items_purchased":["Leap","Hologram","Akabeko","Shovel","Whetstone","Nunchaku"],"campfire_rested":3,"item_purchase_floors":[2,20,20,28,28,37],"current_hp_per_floor":[67,67,67,67,67,57,49,49,49,40,30,30,30,28,48,23,68,63,63,63,63,63,63,63,54,54,49,49,49,49,51,51,20,68,67,65,65,65,67,67,50,27,27,62,58,58,28,29,64,15],"gold":159,"neow_bonus":"TWO_FIFTY_GOLD","is_daily":false,"chose_seed":false,"campfire_upgraded":3,"win_rate":0.0,"timestamp":1613462593,"path_taken":["M","$","?","M","M","E","M","R","T","?","E","?","?","M","R","BOSS","M","?","$","?","?","R","M","E","T","M","$","R","?","?","R","BOSS","M","?","$","?","M","R","M","E","T","R","M","?","E","M","R","BOSS"],"items_purchased_type":["Card","Card","Relic","Relic","Relic","Relic"],"build_version":"2020-12-22","purchased_purges":2,"victory":true,"max_hp_per_floor":[68,68,68,68,68,68,68,68,68,68,68,68,68,68,68,68,68,68,68,68,68,68,68,68,68,68,68,68,68,68,68,68,68,68,68,68,68,68,68,68,68,68,68,68,68,68,68,68,68,68],"relic_stats":{"Regal Pillow":30,"counters":[24,96],"Whetstone":["Gash","Gash"],"Mercury Hourglass":[266],"Blood Vial":18,"Centennial Puzzle":[51],"Nunchaku":[13],"Shovel":2,"Busted Crown":22,"Sundial":[16],"Bronze Scales":[218],"Gambling Chip":[22],"Pandora\u0027s Box":["Auto Shields","Coolheaded","Lockon","Streamline","Ball Lightning","Reinforced Body","BootSequence"],"Prayer Wheel":2,"obtain_stats":[{"Girya":40,"Regal Pillow":43,"Dead Branch":3,"Omamori":47,"Whetstone":28,"Akabeko":20,"Mercury Hourglass":9,"Blood Vial":29,"Centennial Puzzle":6,"Nunchaku":37,"Shovel":28,"Busted Crown":34,"Sundial":22,"Bronze Scales":11,"MutagenicStrength":21,"Gambling Chip":25,"Pandora\u0027s Box":17,"Prayer Wheel":42,"Bag of Marbles":26,"Cracked Core":0,"Pocketwatch":13},{"Girya":18,"Regal Pillow":20,"Dead Branch":1,"Omamori":22,"Whetstone":13,"Akabeko":10,"Mercury Hourglass":5,"Blood Vial":13,"Centennial Puzzle":4,"Nunchaku":17,"Shovel":13,"Busted Crown":15,"Sundial":10,"Bronze Scales":7,"MutagenicStrength":10,"Gambling Chip":12,"Pandora\u0027s Box":9,"Prayer Wheel":20,"Bag of Marbles":12,"Cracked Core":0,"Pocketwatch":7},{"Girya":60,"Regal Pillow":68,"Dead Branch":3,"Omamori":80,"Whetstone":44,"Akabeko":36,"Mercury Hourglass":17,"Blood Vial":44,"Centennial Puzzle":13,"Nunchaku":59,"Shovel":44,"Busted Crown":55,"Sundial":36,"Bronze Scales":23,"MutagenicStrength":36,"Gambling Chip":43,"Pandora\u0027s Box":33,"Prayer Wheel":68,"Bag of Marbles":43,"Cracked Core":0,"Pocketwatch":23}],"Pocketwatch":[11]},"card_choices":[{"not_picked":["Skim","Lockon"],"picked":"Go for the Eyes","floor":1},{"not_picked":["Stack","Leap"],"picked":"Conserve Battery","floor":4},{"not_picked":["Sweeping Beam","Reprogram"],"picked":"Gash","floor":5},{"not_picked":["Defragment","Machine Learning"],"picked":"Ball Lightning","floor":6},{"not_picked":["Turbo","Scrape"],"picked":"Gash","floor":7},{"not_picked":["Undo","White Noise"],"picked":"Sweeping Beam","floor":10},{"not_picked":["Rebound","Leap","Stack"],"picked":"SKIP","floor":11},{"not_picked":["Auto Shields","Conserve Battery"],"picked":"Hologram","floor":14},{"not_picked":["Darkness+1","Go for the Eyes","Aggregate"],"picked":"SKIP","floor":18},{"not_picked":["Recycle+1","Steam Power","Go for the Eyes"],"picked":"SKIP","floor":24},{"not_picked":["Redo","Lockon"],"picked":"Rebound","floor":25},{"not_picked":["White Noise","Recycle"],"picked":"Hologram+1","floor":27},{"not_picked":["Multi-Cast","BootSequence","Steam"],"picked":"SKIP","floor":31},{"not_picked":[],"picked":"Cold Snap+1","floor":35},{"not_picked":["Hologram"],"picked":"SKIP","floor":36},{"not_picked":["Hologram"],"picked":"SKIP","floor":36},{"not_picked":["Chaos+1"],"picked":"SKIP","floor":39},{"not_picked":["Redo+1"],"picked":"SKIP","floor":41},{"not_picked":["Barrage+1"],"picked":"SKIP","floor":42},{"not_picked":[],"picked":"Barrage+1","floor":42},{"not_picked":["Storm+1"],"picked":"SKIP","floor":45},{"not_picked":["Fusion"],"picked":"SKIP","floor":45},{"not_picked":["Fusion"],"picked":"SKIP","floor":47},{"not_picked":["Rebound"],"picked":"SKIP","floor":48},{"not_picked":["Chaos"],"picked":"SKIP","floor":48}],"player_experience":613967,"relics_obtained":[{"floor":6,"key":"Centennial Puzzle"},{"floor":9,"key":"Mercury Hourglass"},{"floor":11,"key":"Bronze Scales"},{"floor":13,"key":"Pocketwatch"},{"floor":22,"key":"Sundial"},{"floor":25,"key":"Gambling Chip"},{"floor":26,"key":"Bag of Marbles"},{"floor":29,"key":"Blood Vial"},{"floor":40,"key":"Girya"},{"floor":42,"key":"Prayer Wheel"},{"floor":43,"key":"Regal Pillow"},{"floor":47,"key":"Omamori"}],"event_choices":[{"damage_healed":0,"gold_gain":0,"player_choice":"Gave Potion","damage_taken":0,"relics_obtained":["Dead Branch"],"max_hp_gain":0,"max_hp_loss":0,"event_name":"WeMeetAgain","floor":3,"gold_loss":0},{"damage_healed":0,"gold_gain":0,"player_choice":"Ignored","damage_taken":0,"max_hp_gain":0,"max_hp_loss":0,"event_name":"Liars Game","floor":12,"gold_loss":0},{"damage_healed":0,"gold_gain":99,"player_choice":"Stole From Cult","damage_taken":0,"max_hp_gain":0,"max_hp_loss":0,"event_name":"Nest","floor":19,"gold_loss":0},{"damage_healed":0,"gold_gain":0,"player_choice":"Inject Mutagens","damage_taken":0,"relics_obtained":["MutagenicStrength"],"max_hp_gain":0,"max_hp_loss":0,"event_name":"Drug Dealer","floor":21,"gold_loss":0},{"damage_healed":0,"gold_gain":0,"player_choice":"Ignored","damage_taken":0,"max_hp_gain":0,"max_hp_loss":0,"event_name":"Ghosts","floor":30,"gold_loss":0},{"cards_removed":["Hologram"],"damage_healed":0,"gold_gain":0,"player_choice":"Removed Skill","damage_taken":0,"max_hp_gain":0,"max_hp_loss":0,"event_name":"Falling","floor":38,"gold_loss":0},{"damage_healed":0,"gold_gain":0,"player_choice":"Memory 1","damage_taken":0,"max_hp_gain":0,"max_hp_loss":0,"event_name":"SensoryStone","floor":46,"gold_loss":0}],"is_beta":false,"boss_relics":[{"not_picked":["Empty Cage","Inserter"],"picked":"Pandora\u0027s Box"},{"not_picked":["SacredBark","Fusion Hammer"],"picked":"Busted Crown"}],"items_purged_floors":[2,28],"is_endless":false,"potions_floor_spawned":[1,6,7,14,18,25,31,36,41,45],"ascension_level":1}}