{"host":"qp7xs8nuzfsyommi","time":1613441448,"event":{"mods":["2.2 Compatiblity","BaseMod","Colored Powertips","DeckTracker","Highlight Path","Minty Spire (QoL Compilation)","Permanent Neow","Quick Restart","StSLib"],"gold_per_floor":[112,127,140,140,65,65,76,76,152,182,202,231,250,270,270,346,346,359,359,409,409,426,426,426,426],"floor_reached":24,"language":"ENG","playtime":803,"items_purged":["Pain"],"score":416,"play_id":"bc3440c4-1d4e-4a34-829d-c03096db7537","local_time":"20210215211048","is_ascension_mode":true,"campfire_choices":[{"data":"Leap","floor":6.0,"key":"SMITH"},{"data":"Loop","floor":8.0,"key":"SMITH"},{"floor":15,"key":"REST"},{"floor":23,"key":"REST"}],"circlet_count":0,"master_deck":["AscendersBane","Strike_B","Defend_B","Defend_B","Defend_B","Defend_B","Zap","Dualcast","CurseOfTheBell","Doom and Gloom","White Noise","Leap+1","Loop+1","Chill","Melter","Gash","Heatsinks","Creative AI","Rebound+1","Static Discharge+1","Capacitor+1","Compile Driver+1","Necronomicurse","Redo+1"],"relics":["Calling Bell","Happy Flower","Mercury Hourglass","Turnip","WarpedTongs","White Beast Statue","Vajra","InkBottle","Astrolabe","Necronomicon"],"acts_visited":["Exordium","TheCity"],"potions_floor_usage":[12,12,14,16,18,24],"damage_taken":[{"damage":0.0,"enemies":"Small Slimes","floor":1.0,"turns":2.0},{"damage":1.0,"enemies":"Cultist","floor":2.0,"turns":4.0},{"damage":3.0,"enemies":"2 Louse","floor":3.0,"turns":2.0},{"damage":0.0,"enemies":"2 Fungi Beasts","floor":7.0,"turns":2.0},{"damage":7.0,"enemies":"3 Sentries","floor":10.0,"turns":4.0},{"damage":9.0,"enemies":"Looter","floor":11.0,"turns":3.0},{"damage":39,"enemies":"Gremlin Nob","floor":12,"turns":4},{"damage":6,"enemies":"Lots of Slimes","floor":13,"turns":3},{"damage":8,"enemies":"Large Slime","floor":14,"turns":4},{"damage":5,"enemies":"Hexaghost","floor":16,"turns":7},{"damage":0,"enemies":"Chosen","floor":18,"turns":5},{"damage":12,"enemies":"Spheric Guardian","floor":22,"turns":4},{"damage":54,"enemies":"Gremlin Leader","floor":24,"turns":4}],"seed_played":"-6195542654191054465","potions_obtained":[{"floor":7.0,"key":"Fire Potion"},{"floor":10.0,"key":"BlessingOfTheForge"},{"floor":11.0,"key":"Regen Potion"},{"floor":12,"key":"SkillPotion"},{"floor":13,"key":"AttackPotion"},{"floor":14,"key":"PowerPotion"},{"floor":16,"key":"SteroidPotion"},{"floor":18,"key":"Dexterity Potion"}],"is_trial":false,"path_per_floor":["M","M","M","?","$","R","M","R","T","E","M","E","M","M","R","B",null,"M","?","?","?","M","R","E"],"character_chosen":"DEFECT","items_purchased":[],"campfire_rested":2,"item_purchase_floors":[],"current_hp_per_floor":[64,63,60,60,60,60,60,60,60,53,44,17,11,3,24,19,58,58,58,58,37,25,46,0,0],"gold":426,"neow_bonus":"BOSS_RELIC","is_daily":false,"chose_seed":false,"campfire_upgraded":2,"win_rate":0.0,"timestamp":1613441448,"path_taken":["M","M","M","?","$","R","M","R","T","E","?","E","M","M","R","BOSS","M","?","?","?","M","R","E"],"items_purchased_type":[],"build_version":"2020-12-22","purchased_purges":1,"victory":false,"max_hp_per_floor":[71,71,71,71,71,71,71,71,71,71,71,71,71,71,71,71,71,71,71,71,71,71,71,71,71],"card_choices":[{"not_picked":["Rebound","Conserve Battery"],"picked":"Doom and Gloom","floor":1.0},{"not_picked":["Turbo","Sunder"],"picked":"White Noise","floor":2.0},{"not_picked":["Capacitor","Storm"],"picked":"Leap","floor":3.0},{"not_picked":["Cold Snap","Ball Lightning"],"picked":"Loop","floor":7.0},{"not_picked":["Steam Power","Rainbow"],"picked":"Chill","floor":10.0},{"not_picked":["FTL","Chill"],"picked":"Melter","floor":11.0},{"not_picked":["Ball Lightning","Chaos"],"picked":"Gash","floor":12},{"not_picked":["Force Field","Static Discharge","Cold Snap"],"picked":"SKIP","floor":13},{"not_picked":["Ball Lightning","Beam Cell"],"picked":"Heatsinks","floor":14},{"not_picked":["Machine Learning","Buffer"],"picked":"Creative AI","floor":16},{"not_picked":["Rebound+1","Leap+1"],"picked":"Compile Driver+1","floor":18},{"not_picked":["Go for the Eyes","Capacitor"],"picked":"Redo+1","floor":22}],"player_experience":1928779,"relics_obtained":[{"floor":0.0,"key":"Happy Flower"},{"floor":0.0,"key":"Mercury Hourglass"},{"floor":0.0,"key":"Turnip"},{"floor":9.0,"key":"White Beast Statue"},{"floor":10.0,"key":"Vajra"},{"floor":12,"key":"InkBottle"},{"floor":21,"key":"Necronomicon"}],"event_choices":[{"damage_healed":0.0,"max_hp_gain":0.0,"max_hp_loss":0.0,"gold_gain":0.0,"event_name":"Accursed Blacksmith","player_choice":"Rummage","floor":4.0,"gold_loss":0.0,"damage_taken":0.0,"relics_obtained":["WarpedTongs"],"cards_obtained":["Pain"]},{"damage_healed":0,"gold_gain":0,"player_choice":"Ignored","damage_taken":0,"max_hp_gain":0,"max_hp_loss":0,"event_name":"Ghosts","floor":19,"gold_loss":0},{"damage_healed":0,"gold_gain":50,"player_choice":"Stole From Cult","damage_taken":0,"max_hp_gain":0,"max_hp_loss":0,"event_name":"Nest","floor":20,"gold_loss":0},{"damage_healed":0,"gold_gain":0,"player_choice":"Obtained Book","damage_taken":21,"max_hp_gain":0,"max_hp_loss":0,"event_name":"Cursed Tome","floor":21,"gold_loss":0}],"is_beta":false,"boss_relics":[{"not_picked":["Fusion Hammer","Cursed Key"],"picked":"Astrolabe"}],"items_purged_floors":[5],"is_endless":false,"potions_floor_spawned":[7,10,11,12,13,14,16,18,22],"killed_by":"Gremlin Leader","ascension_level":20}}