{"host":"j49z5jz0n7e8vjox","time":1613499528,"event":{"mods":["AchievementEnabler","BaseMod","Bestiary","Colored Map","Colored Powertips","DeckTracker","Minty Spire (QoL Compilation)","Permanent Neow","UnlockEverythingMod"],"gold_per_floor":[110,124,137,147,30,30,65,65,91,124,152,181,12,25,25,96,96,115,29,79,93,105,105,105],"floor_reached":23,"language":"ENG","playtime":4296,"items_purged":["Strike_R","Strike_R"],"score":410,"play_id":"438321b0-bbe5-48dc-84e6-ed8ba1e2d7be","local_time":"20210216121848","is_ascension_mode":true,"campfire_choices":[{"data":"Whirlwind","floor":6,"key":"SMITH"},{"floor":8,"key":"REST"},{"data":"Seeing Red","floor":15,"key":"SMITH"}],"circlet_count":0,"master_deck":["AscendersBane","Strike_R","Strike_R","Strike_R","Defend_R","Defend_R","Defend_R","Defend_R","Bash","Impervious","Pommel Strike","Whirlwind+1","Flame Barrier","Pommel Strike","Uppercut","Seeing Red+1","Flame Barrier","Flex","Corruption","Flex+1","Double Tap","Exhume"],"relics":["Black Blood","Akabeko","Centennial Puzzle","MawBank"],"acts_visited":["Exordium","TheCity"],"potions_floor_usage":[7,7,14,16,23],"damage_taken":[{"damage":8,"enemies":"Cultist","floor":1,"turns":6},{"damage":8,"enemies":"2 Louse","floor":2,"turns":3},{"damage":0,"enemies":"Small Slimes","floor":3,"turns":2},{"damage":22,"enemies":"Blue Slaver","floor":4,"turns":5},{"damage":20,"enemies":"Lagavulin","floor":7,"turns":6},{"damage":28,"enemies":"3 Sentries","floor":10,"turns":10},{"damage":3,"enemies":"Looter","floor":11,"turns":3},{"damage":0,"enemies":"Large Slime","floor":12,"turns":2},{"damage":0,"enemies":"2 Fungi Beasts","floor":14,"turns":2},{"damage":44,"enemies":"Slime Boss","floor":16,"turns":9},{"damage":22,"enemies":"Chosen","floor":18,"turns":6},{"damage":19,"enemies":"Shell Parasite","floor":21,"turns":5},{"damage":29,"enemies":"Snecko","floor":22,"turns":5},{"damage":54,"enemies":"Gremlin Leader","floor":23,"turns":4}],"seed_played":"5711461965138975824","potions_obtained":[{"floor":1,"key":"FearPotion"},{"floor":3,"key":"Strength Potion"},{"floor":7,"key":"BloodPotion"},{"floor":14,"key":"FairyPotion"},{"floor":16,"key":"PowerPotion"}],"is_trial":false,"path_per_floor":["M","M","M","M","$","R","E","R","T","E","M","M","$","M","R","B",null,"M","$","?","M","M","E"],"character_chosen":"IRONCLAD","items_purchased":["Uppercut","DuplicationPotion","Double Tap"],"campfire_rested":1,"item_purchase_floors":[5,13,19],"current_hp_per_floor":[66,64,70,54,54,54,40,62,62,40,43,49,49,70,70,32,64,54,54,54,47,30,0,0],"gold":105,"neow_bonus":"ONE_RANDOM_RARE_CARD","is_daily":false,"chose_seed":false,"campfire_upgraded":2,"win_rate":0.0,"timestamp":1613499528,"path_taken":["M","M","M","M","$","R","E","R","T","E","M","M","?","M","R","BOSS","M","$","?","M","?","E"],"items_purchased_type":["Card","Potion","Card"],"build_version":"2020-12-22","purchased_purges":2,"victory":false,"max_hp_per_floor":[75,75,75,75,75,75,75,75,75,75,75,75,75,75,75,75,75,75,75,75,75,75,75,75],"card_choices":[{"not_picked":["Perfected Strike","Power Through"],"picked":"Pommel Strike","floor":1},{"not_picked":["True Grit","Metallicize"],"picked":"Whirlwind","floor":2},{"not_picked":["Pummel","Armaments"],"picked":"Flame Barrier","floor":3},{"not_picked":["Infernal Blade","Havoc"],"picked":"Pommel Strike","floor":4},{"not_picked":["Rupture","Anger","Sentinel"],"picked":"SKIP","floor":7},{"not_picked":["Inflame","Heavy Blade"],"picked":"Seeing Red","floor":10},{"not_picked":["Warcry","Infernal Blade","Heavy Blade"],"picked":"SKIP","floor":11},{"not_picked":["Burning Pact","Headbutt"],"picked":"Flame Barrier","floor":12},{"not_picked":["Thunderclap","True Grit"],"picked":"Flex","floor":14},{"not_picked":["Limit Break","Impervious"],"picked":"Corruption","floor":16},{"not_picked":["Clash","Ghostly Armor"],"picked":"Flex+1","floor":18},{"not_picked":["Cleave","Pommel Strike","Body Slam"],"picked":"SKIP","floor":21},{"not_picked":["Pommel Strike","Twin Strike"],"picked":"Exhume","floor":22}],"player_experience":843076,"relics_obtained":[{"floor":7,"key":"Akabeko"},{"floor":9,"key":"Centennial Puzzle"},{"floor":10,"key":"MawBank"}],"event_choices":[{"damage_healed":0,"gold_gain":50,"player_choice":"Pray","damage_taken":0,"max_hp_gain":0,"max_hp_loss":0,"event_name":"Golden Shrine","floor":20,"gold_loss":0}],"is_beta":false,"boss_relics":[{"not_picked":["Ectoplasm","Runic Cube"],"picked":"Black Blood"}],"items_purged_floors":[5,13],"is_endless":false,"potions_floor_spawned":[1,3,7,14,16,18,21],"killed_by":"Gremlin Leader","ascension_level":20}}