{"host":"sc0o2qwpf9j16a4i","time":1613491175,"event":{"mods":["AchievementEnabler","BaseMod","BetterRewards","Block Reminder","Colored Map","Colored Powertips","Custom Start","Highlight Path","Minty Spire (QoL Compilation)","Relic Stats"],"gold_per_floor":[109,122,141,141,156,156,181,53,53,84,8,8,28,41,41,115,115,132,144,144,5,5,5,5,5],"floor_reached":24,"language":"ENG","playtime":642,"items_purged":["Strike_R","Strike_R"],"score":412,"play_id":"023567c8-8ea0-4a98-abb8-afe2ba347aaa","local_time":"20210216175935","is_ascension_mode":true,"campfire_choices":[{"data":"Inflame","floor":6,"key":"SMITH"},{"floor":12,"key":"REST"},{"floor":15,"key":"REST"},{"data":"Armaments","floor":23,"key":"SMITH"}],"circlet_count":0,"master_deck":["AscendersBane","Strike_R","Strike_R","Strike_R","Defend_R+1","Defend_R","Defend_R+1","Defend_R","Bash","Cleave","Fire Breathing","Inflame+1","Sword Boomerang","Clothesline","Shockwave","Reaper","Pummel","Feed","Feel No Pain","Armaments+1","Battle Trance","Ghostly","Ghostly","Ghostly"],"relics":["SacredBark","InkBottle","War Paint","White Beast Statue","Art of War","Runic Pyramid"],"acts_visited":["Exordium","TheCity"],"potions_floor_usage":[10,13,16,18,24,24],"damage_taken":[{"damage":2,"enemies":"Cultist","floor":1,"turns":4},{"damage":8,"enemies":"Small Slimes","floor":2,"turns":4},{"damage":4,"enemies":"2 Louse","floor":3,"turns":3},{"damage":12,"enemies":"2 Fungi Beasts","floor":5,"turns":4},{"damage":30,"enemies":"Lagavulin","floor":7,"turns":6},{"damage":7,"enemies":"3 Sentries","floor":10,"turns":4},{"damage":1,"enemies":"Large Slime","floor":13,"turns":4},{"damage":14,"enemies":"Red Slaver","floor":14,"turns":2},{"damage":27,"enemies":"Slime Boss","floor":16,"turns":8},{"damage":8,"enemies":"3 Byrds","floor":18,"turns":2},{"damage":11,"enemies":"Chosen","floor":19,"turns":6},{"damage":42,"enemies":"Book of Stabbing","floor":24,"turns":8}],"seed_played":"1075748128124373306","potions_obtained":[{"floor":1,"key":"DistilledChaos"},{"floor":3,"key":"Swift Potion"},{"floor":10,"key":"SmokeBomb"},{"floor":13,"key":"LiquidMemories"},{"floor":14,"key":"Dexterity Potion"},{"floor":16,"key":"LiquidBronze"},{"floor":18,"key":"ColorlessPotion"}],"is_trial":false,"path_per_floor":["M","M","M","T","M","R","E","$","T","E","$","R","M","M","R","B",null,"M","M","?","$","?","R","E"],"character_chosen":"IRONCLAD","items_purchased":["Block Potion","Reaper","Battle Trance"],"campfire_rested":2,"item_purchase_floors":[8,11,21],"current_hp_per_floor":[66,58,54,54,42,42,12,12,12,5,5,27,40,26,48,27,63,55,50,28,28,28,28,0,0],"gold":5,"neow_bonus":"BOSS_RELIC","is_daily":false,"chose_seed":false,"campfire_upgraded":2,"win_rate":0.0,"timestamp":1613491175,"path_taken":["M","M","M","?","?","R","E","?","T","E","$","R","M","M","R","BOSS","M","M","?","$","?","R","E"],"items_purchased_type":["Potion","Card","Card"],"build_version":"2020-12-22","purchased_purges":2,"victory":false,"max_hp_per_floor":[75,75,75,75,75,75,75,75,75,75,75,75,75,75,75,75,75,75,78,83,83,41,41,41,41],"relic_stats":{"counters":[12,55],"Art of War":[4],"War Paint":["Defend_R","Defend_R"],"obtain_stats":[{"SacredBark":0,"Art of War":10,"War Paint":7,"Burning Blood":0,"InkBottle":4,"White Beast Statue":9,"Runic Pyramid":17},{"SacredBark":0,"Art of War":6,"War Paint":5,"Burning Blood":0,"InkBottle":3,"White Beast Statue":5,"Runic Pyramid":9},{"SacredBark":0,"Art of War":25,"War Paint":21,"Burning Blood":0,"InkBottle":11,"White Beast Statue":21,"Runic Pyramid":39}],"InkBottle":[10]},"card_choices":[{"not_picked":["Sever Soul","Infernal Blade"],"picked":"Cleave","floor":1},{"not_picked":["Perfected Strike","Pummel"],"picked":"Fire Breathing","floor":2},{"not_picked":["Perfected Strike","Disarm"],"picked":"Inflame","floor":3},{"not_picked":["Shrug It Off","Rampage"],"picked":"Sword Boomerang","floor":5},{"not_picked":["Blood for Blood","Havoc"],"picked":"Clothesline","floor":7},{"not_picked":["Anger","Dark Embrace"],"picked":"Shockwave","floor":10},{"not_picked":["Clothesline","Infernal Blade","Perfected Strike"],"picked":"SKIP","floor":13},{"not_picked":["Clash","True Grit"],"picked":"Pummel","floor":14},{"not_picked":["Juggernaut","Berserk"],"picked":"Feed","floor":16},{"not_picked":["Havoc","Blood for Blood"],"picked":"Feel No Pain","floor":18},{"not_picked":["Twin Strike","Intimidate"],"picked":"Armaments","floor":19}],"player_experience":1450038,"relics_obtained":[{"floor":4,"key":"InkBottle"},{"floor":7,"key":"War Paint"},{"floor":9,"key":"White Beast Statue"},{"floor":10,"key":"Art of War"}],"event_choices":[{"damage_healed":0,"gold_gain":0,"player_choice":"Shed Blood","damage_taken":27,"max_hp_gain":5,"max_hp_loss":0,"event_name":"Forgotten Altar","floor":20,"gold_loss":0},{"damage_healed":0,"gold_gain":0,"player_choice":"Became a Ghost","damage_taken":0,"max_hp_gain":0,"max_hp_loss":42,"event_name":"Ghosts","floor":22,"gold_loss":0,"cards_obtained":["Ghostly","Ghostly","Ghostly"]}],"is_beta":false,"boss_relics":[{"not_picked":["Calling Bell","Fusion Hammer"],"picked":"Runic Pyramid"}],"items_purged_floors":[8,21],"is_endless":false,"potions_floor_spawned":[1,3,10,13,14,16,18,19],"killed_by":"Book of Stabbing","ascension_level":20}}