{"host":"z439itq93uucuvou","time":1613449750,"event":{"mods":["BaseMod","Colored Powertips","Jorbs\u0027s Wanderer Trilogy","Minty Spire (QoL Compilation)","StSLib"],"gold_per_floor":[118,135,1,1,1,36,57,57,57,72,87,87,97,111,111,188,188,223,242,279,320,362,362,362,387,387],"floor_reached":25,"language":"ENG","playtime":1213,"items_purged":["Doubt"],"score":383,"play_id":"fa1dc457-9ee5-4a2e-9ee6-7f9e439c8536","local_time":"20210215202910","is_ascension_mode":true,"campfire_choices":[{"floor":8.0,"key":"REST"},{"data":"Eruption","floor":15,"key":"SMITH"},{"floor":23,"key":"REST"},{"floor":24,"key":"REST"}],"circlet_count":0,"master_deck":["AscendersBane","Strike_P","Strike_P","Strike_P","Strike_P","Defend_P","Defend_P","Defend_P","Defend_P","Eruption+1","Vigilance","Wallop","TalkToTheHand+1","FlurryOfBlows","EmptyFist","MentalFortress","ClearTheMind","Vault","Crescendo","Wallop","Wish","FlurryOfBlows","Fasting2","Adaptation","Meditate"],"relics":["PureWater","WingedGreaves","Smiling Mask","Ornamental Fan","Odd Mushroom","Sundial","Fusion Hammer"],"acts_visited":["Exordium","TheCity"],"potions_floor_usage":[19,21,25],"damage_taken":[{"damage":0.0,"enemies":"Small Slimes","floor":1.0,"turns":2.0},{"damage":0.0,"enemies":"Jaw Worm","floor":2.0,"turns":3.0},{"damage":16.0,"enemies":"Gremlin Nob","floor":6.0,"turns":4.0},{"damage":30.0,"enemies":"The Mushroom Lair","floor":7.0,"turns":5.0},{"damage":0.0,"enemies":"2 Louse","floor":10.0,"turns":2.0},{"damage":5.0,"enemies":"Gremlin Gang","floor":11.0,"turns":3.0},{"damage":0,"enemies":"Exordium Wildlife","floor":13,"turns":3},{"damage":0,"enemies":"Blue Slaver","floor":14,"turns":2},{"damage":14,"enemies":"Slime Boss","floor":16,"turns":9},{"damage":11,"enemies":"2 Thieves","floor":18,"turns":5},{"damage":5,"enemies":"3 Byrds","floor":19,"turns":5},{"damage":0,"enemies":"Centurion and Healer","floor":20,"turns":7},{"damage":3,"enemies":"Snake Plant","floor":21,"turns":5},{"damage":12,"enemies":"Cultist and Chosen","floor":22,"turns":8},{"damage":88,"enemies":"Book of Stabbing","floor":25,"turns":8}],"seed_played":"-7286076974998352157","potions_obtained":[{"floor":1.0,"key":"Weak Potion"},{"floor":10.0,"key":"Weak Potion"},{"floor":11.0,"key":"LiquidBronze"},{"floor":20,"key":"Dexterity Potion"},{"floor":21,"key":"PowerPotion"},{"floor":22,"key":"Regen Potion"}],"is_trial":false,"path_per_floor":["M","M","$","?","?","E","?","R","T","M","M","?","M","M","R","B",null,"M","M","M","M","M","R","R","E"],"character_chosen":"WATCHER","items_purchased":["FlurryOfBlows"],"campfire_rested":3,"item_purchase_floors":[3],"current_hp_per_floor":[61,61,61,56,61,45,15,36,36,36,31,31,31,31,31,17,59,48,43,43,40,28,49,70,0,0],"gold":387,"neow_bonus":"ONE_RARE_RELIC","is_daily":false,"chose_seed":false,"campfire_upgraded":1,"win_rate":0.0,"timestamp":1613449750,"path_taken":["M","M","$","?","?","E","?","R","T","M","?","?","M","M","R","BOSS","M","M","M","?","?","R","R","E"],"items_purchased_type":["Card"],"build_version":"2020-12-22","purchased_purges":1,"victory":false,"max_hp_per_floor":[68,68,68,68,73,73,73,73,73,73,73,73,73,73,73,73,73,73,73,73,73,73,73,73,73,73],"card_choices":[{"not_picked":["Nirvana","Prostrate"],"picked":"Wallop","floor":1.0},{"not_picked":["EmptyFist","FlyingSleeves"],"picked":"TalkToTheHand","floor":2.0},{"not_picked":["Adaptation","Swivel"],"picked":"EmptyFist","floor":6.0},{"not_picked":["ForeignInfluence","FlurryOfBlows"],"picked":"MentalFortress","floor":7.0},{"not_picked":["Prostrate","PathToVictory"],"picked":"ClearTheMind","floor":10.0},{"not_picked":["SandsOfTime","BattleHymn"],"picked":"Vault","floor":11.0},{"not_picked":["EmptyFist","Halt"],"picked":"Crescendo","floor":13},{"not_picked":["ForeignInfluence","CrushJoints"],"picked":"Wallop","floor":14},{"not_picked":["ConjureBlade","Omniscience"],"picked":"Wish","floor":16},{"not_picked":["FollowUp","PathToVictory","EmptyFist"],"picked":"SKIP","floor":18},{"not_picked":["Halt","Protect"],"picked":"FlurryOfBlows","floor":19},{"not_picked":["JustLucky","EmptyFist"],"picked":"Fasting2","floor":20},{"not_picked":["EmptyBody","SashWhip"],"picked":"Adaptation","floor":21},{"not_picked":["FlurryOfBlows","Evaluate"],"picked":"Meditate","floor":22}],"player_experience":1493278,"relics_obtained":[{"floor":6.0,"key":"Ornamental Fan"},{"floor":7.0,"key":"Odd Mushroom"},{"floor":9.0,"key":"Sundial"}],"event_choices":[{"damage_healed":0.0,"max_hp_gain":0.0,"max_hp_loss":0.0,"gold_gain":0.0,"event_name":"Scrap Ooze","player_choice":"Success","floor":4.0,"gold_loss":0.0,"damage_taken":5.0,"relics_obtained":["Smiling Mask"]},{"damage_healed":0.0,"max_hp_gain":5.0,"max_hp_loss":0.0,"gold_gain":0.0,"event_name":"Big Fish","player_choice":"Donut","floor":5.0,"gold_loss":0.0,"damage_taken":0.0},{"damage_healed":0.0,"max_hp_gain":0.0,"max_hp_loss":0.0,"gold_gain":0.0,"event_name":"Mushrooms","player_choice":"Fought Mushrooms","floor":7.0,"gold_loss":0.0,"damage_taken":0.0},{"damage_healed":0.0,"max_hp_gain":0.0,"max_hp_loss":0.0,"gold_gain":0.0,"event_name":"Upgrade Shrine","player_choice":"Upgraded","floor":12.0,"gold_loss":0.0,"damage_taken":0.0,"cards_upgraded":["TalkToTheHand"]}],"is_beta":false,"boss_relics":[{"not_picked":["Ectoplasm","Calling Bell"],"picked":"Fusion Hammer"}],"items_purged_floors":[3],"is_endless":false,"potions_floor_spawned":[1,10,11,16,20,21,22],"killed_by":"Book of Stabbing","ascension_level":17}}