{"host":"lwpvkgc6ydwupigp","time":1613511011,"event":{"mods":["AchievementEnabler","BaseMod","Bestiary","Minty Spire (QoL Compilation)","Quick Restart","Relic Stats"],"gold_per_floor":[119,131,131,142,142,176,196,226,306,306,316,330,364,374,374,472,472,482,498,498,515,440,466,381,381,407,407,38,49,49,149,149,244,244,258,56,106,126,180,194,194,37,62,87,104,104,54,66,66,66],"floor_reached":51,"language":"ENG","playtime":4641,"items_purged":["Decay","Decay"],"score":757,"play_id":"07cf9836-359d-4770-8922-3ab3168e9cdd","local_time":"20210216223011","is_ascension_mode":false,"campfire_choices":[{"data":"Blade Dance","floor":10.0,"key":"SMITH"},{"floor":15.0,"key":"REST"},{"floor":25.0,"key":"REST"},{"data":"Caltrops","floor":32.0,"key":"SMITH"},{"floor":41.0,"key":"REST"},{"floor":46.0,"key":"REST"},{"floor":49,"key":"REST"}],"circlet_count":0,"master_deck":["Strike_G","Strike_G","Strike_G","Defend_G","Defend_G","Defend_G","Defend_G","Defend_G","Survivor","Neutralize","Blur","Quick Slash","Dagger Spray","Leg Sweep","Riddle With Holes","Blade Dance+1","Bouncing Flask","Finisher+1","Backstab+1","Flying Knee","Corpse Explosion","Caltrops+1","Outmaneuver","Blade Dance","Dagger Throw+1","Poisoned Stab","All Out Attack","Choke+1","Burst","Accuracy","Quick Slash","Slice","Terror","Noxious Fumes","PiercingWail","Deflect+1"],"relics":["Ring of the Snake","Anchor","CaptainsWheel","Strawberry","Shuriken","Orichalcum","SacredBark","Whetstone","Thread and Needle","Bag of Marbles","Dream Catcher","Toy Ornithopter","Lizard Tail","Pear","HoveringKite","Ice Cream","Tingsha","Nunchaku","Potion Belt","Bottled Lightning"],"acts_visited":["Exordium","TheCity","TheBeyond"],"potions_floor_usage":[50,50,50,50],"damage_taken":[{"damage":0.0,"enemies":"Cultist","floor":1.0,"turns":4.0},{"damage":0.0,"enemies":"Jaw Worm","floor":2.0,"turns":6.0},{"damage":0.0,"enemies":"Small Slimes","floor":4.0,"turns":3.0},{"damage":8.0,"enemies":"3 Sentries","floor":6.0,"turns":10.0},{"damage":0.0,"enemies":"Exordium Wildlife","floor":7.0,"turns":4.0},{"damage":0.0,"enemies":"Lots of Slimes","floor":11.0,"turns":3.0},{"damage":0.0,"enemies":"3 Louse","floor":12.0,"turns":2.0},{"damage":3.0,"enemies":"Lagavulin","floor":13.0,"turns":5.0},{"damage":2.0,"enemies":"Blue Slaver","floor":14.0,"turns":2.0},{"damage":0.0,"enemies":"Slime Boss","floor":16.0,"turns":5.0},{"damage":0.0,"enemies":"Spheric Guardian","floor":18.0,"turns":4.0},{"damage":0.0,"enemies":"Chosen","floor":19.0,"turns":4.0},{"damage":8.0,"enemies":"3 Cultists","floor":21.0,"turns":3.0},{"damage":33.0,"enemies":"Gremlin Leader","floor":23.0,"turns":7.0},{"damage":12.0,"enemies":"Snake Plant","floor":29.0,"turns":4.0},{"damage":0.0,"enemies":"Colosseum Slavers","floor":31.0,"turns":3.0},{"damage":3.0,"enemies":"Colosseum Nobs","floor":31.0,"turns":4.0},{"damage":94.0,"enemies":"Collector","floor":33.0,"turns":10.0},{"damage":0.0,"enemies":"Orb Walker","floor":35.0,"turns":1.0},{"damage":17.0,"enemies":"Mind Bloom Boss Battle","floor":37.0,"turns":7.0},{"damage":7.0,"enemies":"3 Darklings","floor":38.0,"turns":5.0},{"damage":11.0,"enemies":"2 Orb Walkers","floor":39.0,"turns":2.0},{"damage":2.0,"enemies":"Writhing Mass","floor":40.0,"turns":2.0},{"damage":36.0,"enemies":"Nemesis","floor":44.0,"turns":8.0},{"damage":17.0,"enemies":"Jaw Worm Horde","floor":45.0,"turns":3.0},{"damage":0,"enemies":"4 Shapes","floor":48,"turns":3},{"damage":76,"enemies":"Time Eater","floor":50,"turns":10}],"seed_played":"6570706768221826955","potions_obtained":[{"floor":1.0,"key":"Swift Potion"},{"floor":6.0,"key":"Dexterity Potion"},{"floor":11.0,"key":"Swift Potion"},{"floor":14.0,"key":"Explosive Potion"},{"floor":21.0,"key":"FairyPotion"},{"floor":23.0,"key":"ColorlessPotion"},{"floor":33.0,"key":"SpeedPotion"},{"floor":35.0,"key":"CunningPotion"},{"floor":44.0,"key":"AttackPotion"},{"floor":48,"key":"Swift Potion"}],"is_trial":false,"path_per_floor":["M","M","$","M","?","E","M","?","T","R","M","M","E","M","R","B",null,"M","M","?","M","?","E","?","R","T","?","$","M","?","?","R","B",null,"M","$","?","M","?","M","R","$","T","E","M","R","$","M","R","B",null],"character_chosen":"THE_SILENT","items_purchased":["Dream Catcher","Toy Ornithopter","GhostInAJar","Nunchaku","Energy Potion"],"campfire_rested":5,"item_purchase_floors":[28,28,36,42,47],"current_hp_per_floor":[70,70,70,70,70,62,62,69,69,69,69,69,66,64,77,77,77,77,77,77,69,69,36,36,59,59,59,59,47,47,59,59,25,87,87,87,70,63,52,55,81,81,81,50,33,59,59,59,85,29],"gold":66,"neow_bonus":"RANDOM_COMMON_RELIC","is_daily":false,"chose_seed":false,"campfire_upgraded":2,"win_rate":0.0,"timestamp":1613511011,"path_taken":["M","M","$","?","?","E","M","?","T","R","M","M","E","M","R","BOSS","M","M","?","?","?","E","?","R","T","?","$","M","?","?","R","BOSS","M","$","?","M","?","M","R","$","T","E","M","R","$","M","R","BOSS"],"items_purchased_type":["Relic","Relic","Potion","Relic","Potion"],"build_version":"2020-12-22","purchased_purges":2,"victory":true,"max_hp_per_floor":[70,70,70,70,70,70,70,77,77,77,77,77,77,77,77,77,77,77,77,77,77,77,77,77,77,77,77,77,77,77,87,87,87,87,87,87,87,87,87,87,87,87,87,87,87,87,87,87,87,87],"relic_stats":{"Dream Catcher":3,"Lizard Tail":0,"Nunchaku":[6],"counters":[27,124],"Shuriken":[62],"HoveringKite":[11],"Tingsha":[13],"Whetstone":["Finisher","Backstab"],"Orichalcum":[108],"obtain_stats":[{"Ice Cream":37,"Potion Belt":43,"Pear":31,"SacredBark":17,"HoveringKite":34,"Thread and Needle":24,"Tingsha":39,"Whetstone":23,"Orichalcum":13,"Anchor":0,"CaptainsWheel":6,"Dream Catcher":28,"Lizard Tail":31,"Nunchaku":42,"Shuriken":9,"Strawberry":8,"Bag of Marbles":26,"Bottled Lightning":44,"Toy Ornithopter":28,"Ring of the Snake":0},{"Ice Cream":20,"Potion Belt":23,"Pear":17,"SacredBark":10,"HoveringKite":18,"Thread and Needle":14,"Tingsha":22,"Whetstone":14,"Orichalcum":8,"Anchor":0,"CaptainsWheel":4,"Dream Catcher":14,"Lizard Tail":17,"Nunchaku":23,"Shuriken":5,"Strawberry":5,"Bag of Marbles":14,"Bottled Lightning":24,"Toy Ornithopter":14,"Ring of the Snake":0},{"Ice Cream":91,"Potion Belt":100,"Pear":73,"SacredBark":44,"HoveringKite":83,"Thread and Needle":62,"Tingsha":98,"Whetstone":62,"Orichalcum":37,"Anchor":0,"CaptainsWheel":23,"Dream Catcher":62,"Lizard Tail":73,"Nunchaku":100,"Shuriken":27,"Strawberry":27,"Bag of Marbles":62,"Bottled Lightning":108,"Toy Ornithopter":62,"Ring of the Snake":0}],"Toy Ornithopter":40,"Ring of the Snake":[54]},"card_choices":[{"not_picked":["Deflect","Poisoned Stab"],"picked":"Blur","floor":1.0},{"not_picked":["Cloak And Dagger","Acrobatics"],"picked":"Quick Slash","floor":2.0},{"not_picked":["Cloak And Dagger","PiercingWail"],"picked":"Dagger Spray","floor":4.0},{"not_picked":["Escape Plan","Backflip"],"picked":"Riddle With Holes","floor":6.0},{"not_picked":["Noxious Fumes","All Out Attack"],"picked":"Blade Dance","floor":7.0},{"not_picked":["Crippling Poison","Predator"],"picked":"Bouncing Flask","floor":11.0},{"not_picked":["Masterful Stab","Leg Sweep"],"picked":"Finisher","floor":12.0},{"not_picked":["Well Laid Plans","Tools of the Trade"],"picked":"Backstab","floor":13.0},{"not_picked":["Acrobatics","Masterful Stab"],"picked":"Flying Knee","floor":14.0},{"not_picked":["After Image","Night Terror"],"picked":"Corpse Explosion","floor":16.0},{"not_picked":["Blur","Catalyst"],"picked":"Caltrops","floor":18.0},{"not_picked":["PiercingWail","Prepared+1"],"picked":"Outmaneuver","floor":19.0},{"not_picked":["Deadly Poison","Backflip"],"picked":"Blade Dance","floor":21.0},{"not_picked":["Poisoned Stab","Accuracy+1"],"picked":"Dagger Throw+1","floor":23.0},{"not_picked":["Bane","Dagger Throw"],"picked":"Poisoned Stab","floor":29.0},{"not_picked":["Bouncing Flask","Bane"],"picked":"Choke+1","floor":31.0},{"not_picked":["Phantasmal Killer","Storm of Steel"],"picked":"Burst","floor":33.0},{"not_picked":["Dagger Throw","Acrobatics"],"picked":"Accuracy","floor":35.0},{"not_picked":["Underhanded Strike","Escape Plan"],"picked":"Quick Slash","floor":37.0},{"not_picked":["Deflect+1","Crippling Poison+1"],"picked":"Slice","floor":38.0},{"not_picked":["Dagger Spray","Skewer+1","Cloak And Dagger"],"picked":"SKIP","floor":40.0},{"not_picked":["Choke","Calculated Gamble+1"],"picked":"Terror","floor":41.0},{"not_picked":["Prepared+1","Tools of the Trade"],"picked":"Noxious Fumes","floor":44.0},{"not_picked":["Blur+1","Deflect","Flying Knee"],"picked":"SKIP","floor":45.0},{"not_picked":["Leg Sweep+1","Underhanded Strike+1"],"picked":"PiercingWail","floor":46.0},{"not_picked":["Backstab+1","Reflex+1","Finisher"],"picked":"SKIP","floor":48},{"not_picked":["Heel Hook","Deadly Poison"],"picked":"Deflect+1","floor":49}],"player_experience":111945,"relics_obtained":[{"floor":6.0,"key":"CaptainsWheel"},{"floor":9.0,"key":"Shuriken"},{"floor":13.0,"key":"Orichalcum"},{"floor":23.0,"key":"Whetstone"},{"floor":26.0,"key":"Bag of Marbles"},{"floor":31.0,"key":"Lizard Tail"},{"floor":31.0,"key":"Pear"},{"floor":37.0,"key":"Ice Cream"},{"floor":39.0,"key":"Tingsha"},{"floor":43.0,"key":"Potion Belt"},{"floor":44.0,"key":"Bottled Lightning"}],"event_choices":[{"damage_healed":0.0,"max_hp_gain":0.0,"max_hp_loss":0.0,"gold_gain":0.0,"cards_transformed":["Strike_G"],"event_name":"Living Wall","player_choice":"Change","floor":5.0,"gold_loss":0.0,"damage_taken":0.0,"cards_obtained":["Leg Sweep"]},{"damage_healed":0.0,"max_hp_gain":0.0,"max_hp_loss":0.0,"gold_gain":30.0,"event_name":"Dead Adventurer","player_choice":"Searched \u00273\u0027 times","floor":8.0,"gold_loss":0.0,"damage_taken":0.0,"relics_obtained":["Strawberry"]},{"damage_healed":0.0,"max_hp_gain":0.0,"max_hp_loss":0.0,"gold_gain":0.0,"event_name":"Wheel of Change","player_choice":"Cursed","floor":20.0,"gold_loss":0.0,"damage_taken":0.0,"cards_obtained":["Decay"]},{"cards_removed":["Strike_G"],"damage_healed":0.0,"max_hp_gain":0.0,"max_hp_loss":0.0,"gold_gain":0.0,"event_name":"Beggar","player_choice":"Gave Gold","floor":22.0,"gold_loss":75.0,"damage_taken":0.0},{"damage_healed":0.0,"max_hp_gain":0.0,"max_hp_loss":0.0,"gold_gain":0.0,"event_name":"Addict","player_choice":"Obtained Relic","floor":24.0,"gold_loss":85.0,"damage_taken":0.0,"relics_obtained":["Thread and Needle"]},{"damage_healed":0.0,"max_hp_gain":0.0,"max_hp_loss":0.0,"gold_gain":0.0,"event_name":"Forgotten Altar","player_choice":"Smashed Altar","floor":27.0,"gold_loss":0.0,"damage_taken":0.0,"cards_obtained":["Decay"]},{"damage_healed":0.0,"max_hp_gain":0.0,"max_hp_loss":0.0,"gold_gain":0.0,"event_name":"The Library","player_choice":"Read","floor":30.0,"gold_loss":0.0,"damage_taken":0.0,"cards_obtained":["All Out Attack"]},{"damage_healed":0.0,"max_hp_gain":0.0,"max_hp_loss":0.0,"gold_gain":0.0,"event_name":"Colosseum","player_choice":"Fight","floor":31.0,"gold_loss":0.0,"damage_taken":0.0},{"damage_healed":0.0,"max_hp_gain":0.0,"max_hp_loss":0.0,"gold_gain":0.0,"event_name":"Colosseum","player_choice":"Fought Nobs","floor":31.0,"gold_loss":0.0,"damage_taken":0.0},{"damage_healed":0.0,"max_hp_gain":0.0,"max_hp_loss":0.0,"gold_gain":0.0,"event_name":"MindBloom","player_choice":"Fight","floor":37.0,"gold_loss":0.0,"damage_taken":0.0},{"damage_healed":0.0,"max_hp_gain":0.0,"max_hp_loss":0.0,"gold_gain":0.0,"event_name":"Mysterious Sphere","player_choice":"Fight","floor":39.0,"gold_loss":0.0,"damage_taken":0.0}],"is_beta":false,"boss_relics":[{"not_picked":["Runic Dome","Snecko Eye"],"picked":"SacredBark"},{"not_picked":["Philosopher\u0027s Stone","Pandora\u0027s Box"],"picked":"HoveringKite"}],"items_purged_floors":[28,36],"is_endless":false,"potions_floor_spawned":[1,6,11,13,14,21,23,29,31,33,35,39,44,48],"ascension_level":0}}