{"host":"zxkjcgzis4pm3za5","time":1613442973,"event":{"mods":["2.2 Compatiblity","AchievementEnabler","BaseMod","Colored Map","Colored Powertips","Minty Spire (QoL Compilation)","Quick Restart","Random Character Button","Relic Filter Mod","Relic Sorter","Relic Stats","StSLib"],"gold_per_floor":[116,191,191,203,223,256,266,266,266,292,292,99,131,209,209,284,284,301,301,99,116,116,151,151,180,180,191,209,209,209],"floor_reached":29,"language":"ENG","playtime":1019,"items_purged":[],"score":762,"play_id":"c325db5f-0e13-42c5-9431-74f9a6d76e07","local_time":"20210216080613","is_ascension_mode":true,"campfire_choices":[{"floor":8,"key":"REST"},{"data":"Eruption","floor":15,"key":"SMITH"},{"floor":24,"key":"REST"}],"circlet_count":0,"master_deck":["AscendersBane","Strike_P","Defend_P","Defend_P","Defend_P","Defend_P","Eruption+1","Vigilance","SpiritShield+1","Fasting2+1","Consecrate+1","BattleHymn","Halt","Conclude","CutThroughFate","Indignation","Tantrum","JustLucky","Perseverance","DevaForm","Protect","FlurryOfBlows+1","DeusExMachina","Weave+1","MasterReality","WheelKick+1","EmptyBody+1"],"relics":["Astrolabe","Letter Opener","Shuriken","Ornamental Fan","StrikeDummy","OrangePellets","Ginger","Molten Egg 2","Philosopher\u0027s Stone","Nloth\u0027s Gift","Potion Belt","Pen Nib","Blood Vial"],"acts_visited":["Exordium","TheCity"],"potions_floor_usage":[7,13,23],"damage_taken":[{"damage":0,"enemies":"Cultist","floor":1,"turns":4},{"damage":4,"enemies":"Small Slimes","floor":4,"turns":3},{"damage":3,"enemies":"Jaw Worm","floor":5,"turns":4},{"damage":32,"enemies":"Gremlin Nob","floor":6,"turns":4},{"damage":0,"enemies":"Blue Slaver","floor":7,"turns":4},{"damage":0,"enemies":"Lagavulin","floor":10,"turns":5},{"damage":0,"enemies":"Gremlin Nob","floor":13,"turns":2},{"damage":0,"enemies":"Slime Boss","floor":16,"turns":3},{"damage":16,"enemies":"Shell Parasite","floor":18,"turns":4},{"damage":0,"enemies":"Spheric Guardian","floor":21,"turns":3},{"damage":22,"enemies":"Book of Stabbing","floor":23,"turns":4},{"damage":12,"enemies":"Slavers","floor":25,"turns":4},{"damage":9,"enemies":"Centurion and Healer","floor":27,"turns":4},{"damage":15,"enemies":"Snake Plant","floor":28,"turns":3},{"damage":23,"enemies":"Cultist and Chosen","floor":29,"turns":3}],"seed_played":"-2929575713340973510","potions_obtained":[{"floor":1,"key":"Weak Potion"},{"floor":5,"key":"EssenceOfSteel"},{"floor":6,"key":"LiquidMemories"},{"floor":16,"key":"SteroidPotion"},{"floor":18,"key":"Energy Potion"}],"is_trial":false,"path_per_floor":["M","?","?","M","M","E","M","R","T","E","?","$","E","T","R","B",null,"M","?","$","M","T","E","R","E","T","M","M","M"],"character_chosen":"WATCHER","items_purchased":["OrangePellets","JustLucky","FlurryOfBlows+1","DeusExMachina"],"campfire_rested":2,"item_purchase_floors":[12,12,20,20],"current_hp_per_floor":[61,50,50,46,43,11,11,31,31,31,20,20,20,20,20,20,56,40,40,40,40,40,18,38,26,26,19,6,0,0],"gold":209,"neow_bonus":"BOSS_RELIC","is_daily":false,"chose_seed":false,"campfire_upgraded":1,"win_rate":0.0,"timestamp":1613442973,"path_taken":["M","?","?","M","?","E","?","R","T","E","?","$","E","?","R","BOSS","M","?","$","M","?","E","R","E","T","M","M","M"],"items_purchased_type":["Relic","Card","Card","Card"],"build_version":"2020-12-22","purchased_purges":0,"victory":false,"max_hp_per_floor":[68,68,68,68,68,68,68,68,68,68,68,68,68,68,68,68,68,68,68,68,68,68,68,68,68,68,68,68,68,68],"relic_stats":{"Blood Vial":6,"OrangePellets":[7],"counters":[15,54],"Shuriken":[15],"Ornamental Fan":[60],"Astrolabe":["SpiritShield","Fasting2","Consecrate"],"Pen Nib":[2],"Nloth\u0027s Gift":2,"Letter Opener":[11],"Ginger":[7],"obtain_stats":[{"Potion Belt":22,"Astrolabe":0,"Pen Nib":23,"Juzu Bracelet":11,"Letter Opener":3,"Ginger":13,"Blood Vial":25,"OrangePellets":12,"Shuriken":6,"Ornamental Fan":9,"Molten Egg 2":14,"Philosopher\u0027s Stone":17,"Nloth\u0027s Gift":19,"PureWater":0,"StrikeDummy":10},{"Potion Belt":10,"Astrolabe":0,"Pen Nib":11,"Juzu Bracelet":6,"Letter Opener":1,"Ginger":7,"Blood Vial":12,"OrangePellets":6,"Shuriken":4,"Ornamental Fan":5,"Molten Egg 2":7,"Philosopher\u0027s Stone":8,"Nloth\u0027s Gift":9,"PureWater":0,"StrikeDummy":6},{"Potion Belt":36,"Astrolabe":0,"Pen Nib":40,"Juzu Bracelet":24,"Letter Opener":4,"Ginger":26,"Blood Vial":44,"OrangePellets":24,"Shuriken":15,"Ornamental Fan":19,"Molten Egg 2":26,"Philosopher\u0027s Stone":29,"Nloth\u0027s Gift":33,"PureWater":0,"StrikeDummy":24}]},"card_choices":[{"not_picked":["Evaluate","ReachHeaven"],"picked":"BattleHymn","floor":1},{"not_picked":["JustLucky","Crescendo"],"picked":"Halt","floor":4},{"not_picked":["EmptyBody","Halt"],"picked":"Conclude","floor":5},{"not_picked":["Brilliance","EmptyBody"],"picked":"CutThroughFate","floor":6},{"not_picked":["Worship","ReachHeaven"],"picked":"Indignation","floor":7},{"not_picked":["PathToVictory","CutThroughFate"],"picked":"Tantrum","floor":10},{"not_picked":["WaveOfTheHand","JustLucky"],"picked":"Perseverance","floor":13},{"not_picked":["Ragnarok+1","SpiritShield"],"picked":"DevaForm","floor":16},{"not_picked":["CrushJoints+1","Consecrate+1"],"picked":"Protect","floor":18},{"not_picked":["FollowUp+1","Halt"],"picked":"Weave+1","floor":21},{"not_picked":["FlurryOfBlows+1","Weave+1"],"picked":"MasterReality","floor":23},{"not_picked":["ForeignInfluence","Brilliance+1","Judgement"],"picked":"SKIP","floor":25},{"not_picked":["EmptyBody","Nirvana"],"picked":"WheelKick+1","floor":27},{"not_picked":["Consecrate+1","FollowUp+1"],"picked":"EmptyBody+1","floor":28}],"player_experience":375928,"relics_obtained":[{"floor":6,"key":"Shuriken"},{"floor":9,"key":"Ornamental Fan"},{"floor":10,"key":"StrikeDummy"},{"floor":13,"key":"Ginger"},{"floor":14,"key":"Molten Egg 2"},{"floor":22,"key":"Potion Belt"},{"floor":23,"key":"Pen Nib"},{"floor":25,"key":"Blood Vial"}],"event_choices":[{"damage_healed":0,"gold_gain":75,"player_choice":"Gather Gold","damage_taken":11,"max_hp_gain":0,"max_hp_loss":0,"event_name":"World of Goop","floor":2,"gold_loss":0},{"damage_healed":0,"gold_gain":0,"player_choice":"Gave Potion","damage_taken":0,"relics_obtained":["Letter Opener"],"max_hp_gain":0,"max_hp_loss":0,"event_name":"WeMeetAgain","floor":3,"gold_loss":0},{"damage_healed":0,"gold_gain":0,"player_choice":"Success","damage_taken":11,"relics_obtained":["Juzu Bracelet"],"max_hp_gain":0,"max_hp_loss":0,"event_name":"Scrap Ooze","floor":11,"gold_loss":0},{"damage_healed":0,"gold_gain":0,"player_choice":"Traded Relic","damage_taken":0,"relics_obtained":["Nloth\u0027s Gift"],"max_hp_gain":0,"max_hp_loss":0,"event_name":"N\u0027loth","floor":19,"relics_lost":["Juzu Bracelet"],"gold_loss":0}],"is_beta":false,"boss_relics":[{"not_picked":["Ectoplasm","Sozu"],"picked":"Philosopher\u0027s Stone"}],"items_purged_floors":[],"is_endless":false,"potions_floor_spawned":[1,5,6,16,18],"killed_by":"Cultist and Chosen","ascension_level":20}}