{"host":"1ooxfz79hmpvpehx","time":1613435684,"event":{"mods":["BaseMod","Better Altar","Better Match","Better Note","Better Sensory Stone","Better Skull","Better Third Choice","Infinite Spire","Marked Mod","Minty Spire (QoL Compilation)","Quick Restart","RNG Fix","Replay The Spire","StSLib","SuperFastMode"],"gold_per_floor":[360,378,281,281,298,24,24,24,24,24,24,24,24],"floor_reached":12,"language":"ENG","playtime":171,"items_purged":["infinitespire:Pacifist","Defend_B"],"score":66,"play_id":"78aad625-030d-4fc4-8193-64580a04e469","local_time":"20210215213444","is_ascension_mode":false,"campfire_choices":[{"data":"Crow Ritual","floor":8.0,"key":"SMITH"},{"data":"Master of Strategy","floor":10.0,"key":"SMITH"}],"circlet_count":0,"master_deck":["Strike_B","Strike_B","Strike_B","Defend_B","Defend_B","Defend_B","Zap","Dualcast","Crow Ritual+1","Sweeping Beam","Master of Strategy+1"],"relics":["Cracked Core","ReplayTheSpireMod:CursedCoin","Question Card","Gremlin Horn","Strawberry","Pen Nib"],"acts_visited":["Exordium"],"potions_floor_usage":[],"damage_taken":[{"damage":1.0,"enemies":"2 Louse","floor":1.0,"turns":2.0},{"damage":3.0,"enemies":"Jaw Worm","floor":2.0,"turns":3.0},{"damage":0.0,"enemies":"Small Slimes","floor":5.0,"turns":3.0},{"damage":19,"enemies":"Gremlin Nob","floor":12,"turns":3}],"seed_played":"6937313508015207709","potions_obtained":[{"floor":5.0,"key":"Block Potion"}],"is_trial":false,"path_per_floor":["M","M","$","?","M","$","?","R","T","R","?","E"],"character_chosen":"DEFECT","items_purchased":["ReplayTheSpireMod:CursedCoin","Crow Ritual","Master of Strategy"],"campfire_rested":0,"item_purchase_floors":[3,3,6],"current_hp_per_floor":[53,50,50,43,43,43,43,43,43,43,15,0,0],"gold":24,"neow_bonus":"TWO_FIFTY_GOLD","is_daily":false,"chose_seed":false,"campfire_upgraded":2,"win_rate":0.0,"timestamp":1613435684,"path_taken":["M","?","$","?","M","$","?","R","T","R","?","E"],"items_purchased_type":["Relic","Card","Card"],"build_version":"2020-12-22","purchased_purges":2,"victory":false,"max_hp_per_floor":[75,75,75,75,75,75,75,75,75,75,82,82,82],"card_choices":[{"not_picked":["Consume","Conserve Battery","Redo"],"picked":"SKIP","floor":1.0},{"not_picked":["Glacier","Darkness","Fusion"],"picked":"SKIP","floor":2.0},{"not_picked":["Darkness","Storm"],"picked":"Sweeping Beam","floor":5.0}],"player_experience":39873,"relics_obtained":[{"floor":9.0,"key":"Gremlin Horn"}],"event_choices":[{"cards_removed":["Strike_B"],"damage_healed":0.0,"max_hp_gain":0.0,"max_hp_loss":0.0,"gold_gain":0.0,"event_name":"Golden Wing","player_choice":"Card Removal","floor":4.0,"gold_loss":0.0,"damage_taken":7.0},{"damage_healed":0.0,"max_hp_gain":0.0,"max_hp_loss":0.0,"gold_gain":0.0,"event_name":"WeMeetAgain","player_choice":"Gave Potion","floor":7.0,"gold_loss":0.0,"damage_taken":0.0,"relics_obtained":["Question Card"]},{"damage_healed":0.0,"max_hp_gain":0.0,"max_hp_loss":0.0,"gold_gain":0.0,"event_name":"betterSkull:BetterSkull","player_choice":"RE RE ","floor":11.0,"gold_loss":0.0,"damage_taken":39.0,"cards_upgraded":[],"relics_obtained":["Strawberry","Pen Nib"]}],"is_beta":false,"boss_relics":[],"items_purged_floors":[3,6],"is_endless":false,"potions_floor_spawned":[5],"killed_by":"Gremlin Nob","ascension_level":0}}