{"host":"g7sxcfouz24f0psv","time":1613473704,"event":{"mods":["BaseMod","Hermit","Minty Spire (QoL Compilation)","StSLib","The Cursed"],"gold_per_floor":[13,13,26,47,62,62,82,82,82,96,115,150,150,150,150,274,274,292,50,70,95,194,194,234,248,274,295,295,295],"floor_reached":28,"language":"ENG","playtime":2444,"items_purged":[],"score":244,"play_id":"db4224aa-2c83-4feb-84a2-6120677567a8","local_time":"20210216120824","is_ascension_mode":false,"campfire_choices":[{"data":"hermit:Combo","floor":6,"key":"SMITH"},{"floor":13,"key":"REST"},{"data":"hermit:Dive","floor":15,"key":"SMITH"},{"floor":23,"key":"REST"}],"circlet_count":0,"master_deck":["hermit:Strike_Hermit+1","hermit:Strike_Hermit","hermit:Defend_Hermit","hermit:Defend_Hermit","hermit:Defend_Hermit","hermit:Defend_Hermit","hermit:Snapshot","hermit:Covet","hermit:Combo+1","hermit:GoldenBullet+1","hermit:Dive+1","Injury","hermit:TrackingShot","hermit:WideOpen","hermit:TrackingShot","hermit:Snipe","Doubt","hermit:Virtue","hermit:Headshot","hermit:BigShot","Parasite","hermit:Roughhouse","hermit:Maintenance","hermit:Coalescence","hermit:Feint+1","hermit:HoleUp+1","hermit:GhostlyPresence+1","hermit:Glare+1"],"relics":["hermit:Momento","Golden Idol","Whetstone","MealTicket","Sozu","Bottled Tornado","Toxic Egg 2","PreservedInsect"],"acts_visited":["Exordium","TheCity"],"potions_floor_usage":[16,18,27],"damage_taken":[{"damage":0,"enemies":"Small Slimes","floor":1,"turns":5},{"damage":3,"enemies":"Jaw Worm","floor":3,"turns":6},{"damage":3,"enemies":"Cultist","floor":4,"turns":4},{"damage":0,"enemies":"3 Louse","floor":5,"turns":3},{"damage":5,"enemies":"Looter","floor":7,"turns":2},{"damage":4,"enemies":"2 Fungi Beasts","floor":10,"turns":3},{"damage":5,"enemies":"Lots of Slimes","floor":11,"turns":4},{"damage":30,"enemies":"Lagavulin","floor":12,"turns":5},{"damage":48,"enemies":"Slime Boss","floor":16,"turns":10},{"damage":28,"enemies":"3 Byrds","floor":18,"turns":6},{"damage":2,"enemies":"Shell Parasite","floor":20,"turns":5},{"damage":42,"enemies":"Snecko","floor":21,"turns":9},{"damage":7,"enemies":"Book of Stabbing","floor":24,"turns":4},{"damage":7,"enemies":"3 Cultists","floor":25,"turns":5},{"damage":7,"enemies":"Cultist and Chosen","floor":27,"turns":10},{"damage":43,"enemies":"Chosen and Byrds","floor":28,"turns":6}],"seed_played":"2314267176026699805","potions_obtained":[{"floor":4,"key":"PowerPotion"},{"floor":5,"key":"SpeedPotion"},{"floor":12,"key":"GamblersBrew"},{"floor":16,"key":"Weak Potion"}],"is_trial":false,"path_per_floor":["M","?","M","M","M","R","M","?","T","M","M","E","R","?","R","B",null,"M","$","M","M","?","R","E","M","T","M","M"],"character_chosen":"HERMIT","items_purchased":["Bottled Tornado"],"campfire_rested":2,"item_purchase_floors":[19],"current_hp_per_floor":[75,75,72,69,69,69,64,64,64,60,55,25,47,65,65,17,75,47,62,60,18,18,40,33,26,26,19,0,0],"gold":295,"neow_bonus":"TRANSFORM_TWO_CARDS","is_daily":false,"chose_seed":false,"campfire_upgraded":2,"win_rate":0.0,"timestamp":1613473704,"path_taken":["M","?","M","M","M","R","M","?","T","?","M","E","R","?","R","BOSS","M","$","M","M","?","R","E","M","T","M","M"],"items_purchased_type":["Relic"],"build_version":"2020-12-22","purchased_purges":0,"victory":false,"max_hp_per_floor":[75,75,75,75,75,75,75,75,75,75,75,75,75,75,75,75,75,75,75,75,75,75,75,75,75,75,75,75,75],"card_choices":[{"not_picked":["hermit:Feint","hermit:NoHoldsBarred"],"picked":"hermit:Dive","floor":1},{"not_picked":["hermit:Misfire","hermit:LowProfile"],"picked":"hermit:TrackingShot","floor":3},{"not_picked":["hermit:CalledShot","hermit:HighCaliber"],"picked":"hermit:WideOpen","floor":4},{"not_picked":["hermit:Scavenge","hermit:Quickdraw"],"picked":"hermit:TrackingShot","floor":5},{"not_picked":["hermit:FromBeyond","hermit:Ricochet"],"picked":"hermit:Snipe","floor":7},{"not_picked":["hermit:Manifest","hermit:NoHoldsBarred"],"picked":"hermit:Virtue","floor":10},{"not_picked":["hermit:Desperado","hermit:Glare"],"picked":"hermit:Headshot","floor":11},{"not_picked":["hermit:WideOpen","hermit:Ricochet"],"picked":"hermit:BigShot","floor":12},{"not_picked":["hermit:OverwhelmingPower","hermit:FromBeyond"],"picked":"hermit:Roughhouse","floor":16},{"not_picked":["hermit:CalledShot","hermit:DeadMansHand"],"picked":"hermit:Maintenance","floor":18},{"not_picked":["hermit:ItchyTrigger","hermit:CalledShot"],"picked":"hermit:Coalescence","floor":20},{"not_picked":["hermit:Desperado","hermit:Snipe"],"picked":"hermit:Feint+1","floor":21},{"not_picked":["hermit:Misfire","hermit:Horror+1"],"picked":"hermit:HoleUp+1","floor":24},{"not_picked":["hermit:Snipe+1","hermit:ItchyTrigger"],"picked":"hermit:GhostlyPresence+1","floor":25},{"not_picked":["hermit:Shortfuse+1","hermit:Cheat+1"],"picked":"hermit:Glare+1","floor":27}],"player_experience":45920,"relics_obtained":[{"floor":9,"key":"Whetstone"},{"floor":12,"key":"MealTicket"},{"floor":24,"key":"Toxic Egg 2"},{"floor":26,"key":"PreservedInsect"}],"event_choices":[{"damage_healed":0,"gold_gain":0,"player_choice":"Take Wound","damage_taken":0,"relics_obtained":["Golden Idol"],"max_hp_gain":0,"max_hp_loss":0,"event_name":"Golden Idol","floor":2,"gold_loss":0,"cards_obtained":["Injury"]},{"damage_healed":0,"gold_gain":0,"player_choice":"1 cards matched","damage_taken":0,"max_hp_gain":0,"max_hp_loss":0,"event_name":"Match and Keep!","floor":8,"gold_loss":0,"cards_obtained":["Doubt"]},{"damage_healed":18,"gold_gain":0,"player_choice":"Healed and dodged fight","damage_taken":0,"max_hp_gain":0,"max_hp_loss":0,"event_name":"Mushrooms","floor":14,"gold_loss":0,"cards_obtained":["Parasite"]},{"damage_healed":0,"gold_gain":99,"player_choice":"Stole From Cult","damage_taken":0,"max_hp_gain":0,"max_hp_loss":0,"event_name":"Nest","floor":22,"gold_loss":0}],"is_beta":false,"boss_relics":[{"not_picked":["Tiny House","Astrolabe"],"picked":"Sozu"}],"items_purged_floors":[],"is_endless":false,"potions_floor_spawned":[4,5,12,16,20,27],"killed_by":"Chosen and Byrds","ascension_level":0}}