{"host":"t9vqxmgmtrdkt9v9","time":1613454387,"event":{"mods":["AchievementEnabler","BaseMod","Colored Map","Minty Spire (QoL Compilation)","Permanent Neow","Relic Stats","StSLib"],"gold_per_floor":[20,38,53,53,53,53,66,66,66,79,79,118,118,156,156,255,255,275,275,275],"floor_reached":19,"language":"ENG","playtime":1669,"items_purged":[],"score":336,"play_id":"ffab3284-6947-4130-834a-065003bae72c","local_time":"20210216154627","is_ascension_mode":true,"campfire_choices":[{"data":"1","floor":6,"key":"LIFT"},{"data":"2","floor":8,"key":"LIFT"},{"data":"3","floor":13,"key":"LIFT"},{"data":"True Grit","floor":15,"key":"SMITH"}],"circlet_count":0,"master_deck":["AscendersBane","Strike_R","Strike_R","Strike_R","Strike_R","Strike_R","Defend_R","Defend_R","Defend_R","Defend_R","Bash","Cleave","Battle Trance","Twin Strike","Hemokinesis","Brutality","True Grit+1","Heavy Blade","Demon Form","Sentinel"],"relics":["Burning Blood","Girya","Golden Idol","The Courier","Blue Candle","Tiny Chest","SlaversCollar"],"acts_visited":["Exordium","TheCity"],"potions_floor_usage":[11,14,18],"damage_taken":[{"damage":9,"enemies":"Small Slimes","floor":1,"turns":4},{"damage":7,"enemies":"Cultist","floor":2,"turns":4},{"damage":2,"enemies":"2 Louse","floor":3,"turns":2},{"damage":16,"enemies":"Blue Slaver","floor":7,"turns":3},{"damage":13,"enemies":"3 Louse","floor":10,"turns":3},{"damage":10,"enemies":"Gremlin Nob","floor":12,"turns":3},{"damage":18,"enemies":"Lagavulin","floor":14,"turns":5},{"damage":42,"enemies":"The Guardian","floor":16,"turns":12},{"damage":28,"enemies":"Chosen","floor":18,"turns":5},{"damage":37,"enemies":"Shell Parasite","floor":19,"turns":3}],"seed_played":"4482422893277930532","potions_obtained":[{"floor":3,"key":"BloodPotion"},{"floor":7,"key":"ElixirPotion"},{"floor":10,"key":"EssenceOfSteel"},{"floor":11,"key":"SteroidPotion"},{"floor":11,"key":"GamblersBrew"}],"is_trial":false,"path_per_floor":["M","M","M","?","?","R","M","R","T","M","?","E","R","E","R","B",null,"M","M"],"character_chosen":"IRONCLAD","items_purchased":[],"campfire_rested":0,"item_purchase_floors":[],"current_hp_per_floor":[65,64,68,68,68,68,58,58,58,51,64,60,60,48,48,12,54,32,0,0],"gold":275,"neow_bonus":"ONE_RARE_RELIC","is_daily":false,"chose_seed":false,"campfire_upgraded":1,"win_rate":0.0,"timestamp":1613454387,"path_taken":["M","M","M","?","?","R","M","R","T","M","?","E","R","E","R","BOSS","M","?"],"items_purchased_type":[],"build_version":"2020-12-22","purchased_purges":0,"victory":false,"max_hp_per_floor":[75,75,75,68,68,68,68,68,68,68,68,68,68,68,68,68,68,68,68,68],"relic_stats":{"counters":[10,44],"Golden Idol":46,"Blue Candle":[0],"Tiny Chest":0,"obtain_stats":[{"Girya":0,"SlaversCollar":17,"Golden Idol":4,"Blue Candle":12,"Tiny Chest":14,"The Courier":9,"Burning Blood":0},{"Girya":0,"SlaversCollar":8,"Golden Idol":3,"Blue Candle":6,"Tiny Chest":7,"The Courier":4,"Burning Blood":0},{"Girya":0,"SlaversCollar":36,"Golden Idol":10,"Blue Candle":19,"Tiny Chest":24,"The Courier":13,"Burning Blood":0}],"Burning Blood":54},"card_choices":[{"not_picked":["Clash","Blood for Blood"],"picked":"Cleave","floor":1},{"not_picked":["Wild Strike","Seeing Red"],"picked":"Battle Trance","floor":2},{"not_picked":["Armaments","Feel No Pain"],"picked":"Twin Strike","floor":3},{"not_picked":["Thunderclap","Havoc"],"picked":"Hemokinesis","floor":7},{"not_picked":["Body Slam","Perfected Strike"],"picked":"Brutality","floor":10},{"not_picked":["Dropkick","Rampage"],"picked":"True Grit","floor":12},{"not_picked":["Barricade","Thunderclap"],"picked":"Heavy Blade","floor":14},{"not_picked":["Impervious","Corruption"],"picked":"Demon Form","floor":16},{"not_picked":["Heavy Blade","Clothesline"],"picked":"Sentinel","floor":18}],"player_experience":408758,"relics_obtained":[{"floor":9,"key":"The Courier"},{"floor":12,"key":"Blue Candle"},{"floor":14,"key":"Tiny Chest"}],"event_choices":[{"damage_healed":0,"gold_gain":0,"player_choice":"Lose Max HP","damage_taken":0,"relics_obtained":["Golden Idol"],"max_hp_gain":0,"max_hp_loss":7,"event_name":"Golden Idol","floor":4,"gold_loss":0},{"damage_healed":0,"gold_gain":0,"player_choice":"Ignored","damage_taken":0,"max_hp_gain":0,"max_hp_loss":0,"event_name":"Liars Game","floor":5,"gold_loss":0},{"damage_healed":0,"gold_gain":0,"player_choice":"Got Potions","damage_taken":0,"max_hp_gain":0,"max_hp_loss":0,"event_name":"Lab","floor":11,"gold_loss":0}],"is_beta":false,"boss_relics":[{"not_picked":["Sozu","Empty Cage"],"picked":"SlaversCollar"}],"items_purged_floors":[],"is_endless":false,"potions_floor_spawned":[3,7,10,12],"killed_by":"Shell Parasite","ascension_level":18}}