{"host":"nlbr7nnijupf3yfg","time":1613494523,"event":{"mods":["AchievementEnabler","BaseMod","BetterRewards","Colored Powertips","DeckTracker","Downfall","Hermit","Hubris","Infinite Spire","Minty Spire (QoL Compilation)","Quick Restart","Replay The Spire","StSLib","SuperFastMode","The Servant 0.9.4"],"gold_per_floor":[113,189,189,264,276,276,305,305,305,331,355,683,696,300,300,399,399,411,411,411,425,425,425],"floor_reached":22,"language":"ENG","playtime":458,"items_purged":[],"score":360,"play_id":"a8e65f89-7121-4cfc-ba3a-ee36562126df","local_time":"20210216115523","is_ascension_mode":true,"campfire_choices":[{"data":"Pommel Strike","floor":6,"key":"SMITH"},{"data":"Bash","floor":8,"key":"SMITH"},{"floor":15,"key":"REST"}],"circlet_count":0,"master_deck":["AscendersBane","Strike_R+1","Strike_R+1","Strike_R","Strike_R","Defend_R","Defend_R","Defend_R","Defend_R","Bash+1","Pommel Strike","ReplayTheSpireMod:Stacked","Pommel Strike+1","Burning Pact","Armaments","Impervious","Rampage","Cleave","Whirlwind","Shrug It Off","Inflame","Bludgeon","Perfected Strike","downfall:Malfunctioning","Shame","infinitespire:DeathsTouch","Pummel"],"relics":["Burning Blood","NeowsBlessing","Replay:PocketPolymizer","Replay:Mystery Machine","hubris:TenFootPole","Ancient Tea Set","Old Coin","Whetstone","Replay:Bronze Core","Replay:Ringing Soul"],"acts_visited":["Exordium","TheCity"],"potions_floor_usage":[12,12,16,18,22],"damage_taken":[{"damage":0,"enemies":"Jaw Worm","floor":1,"turns":1},{"damage":0,"enemies":"2 Louse","floor":5,"turns":1},{"damage":0,"enemies":"Gremlin Nob","floor":7,"turns":1},{"damage":33,"enemies":"Lagavulin","floor":10,"turns":6},{"damage":33,"enemies":"Replay:BlueRogue","floor":12,"turns":6},{"damage":2,"enemies":"Small Slimes","floor":13,"turns":3},{"damage":45,"enemies":"The Guardian","floor":16,"turns":16},{"damage":48,"enemies":"Shell Parasite","floor":18,"turns":7},{"damage":12,"enemies":"Chosen","floor":21,"turns":3},{"damage":22,"enemies":"Masked Bandits","floor":22,"turns":3}],"seed_played":"6388136315719414210","potions_obtained":[{"floor":1,"key":"Elixir"},{"floor":2,"key":"champ:CounterPotion"},{"floor":5,"key":"FearPotion"},{"floor":16,"key":"SkillPotion"},{"floor":21,"key":"Weak Potion"}],"is_trial":false,"path_per_floor":["M","?","?","?","M","R","E","R","T","E","T","E","M","$","R","B",null,"M","?","AVR","M","?"],"character_chosen":"IRONCLAD","items_purchased":["Whirlwind","Whetstone","Energy Potion","Shrug It Off","Inflame"],"campfire_rested":1,"item_purchase_floors":[14,14,14,14,14],"current_hp_per_floor":[78,78,71,60,66,66,72,72,72,45,45,18,22,22,46,7,62,20,20,20,17,0,0],"gold":425,"neow_bonus":"THREE_ENEMY_KILL","is_daily":false,"chose_seed":false,"campfire_upgraded":2,"win_rate":0.0,"timestamp":1613494523,"path_taken":["M","?","?","?","M","R","E","R","T","E","?","E","?","$","R","BOSS","M","?","AVR","M","?"],"items_purchased_type":["Card","Relic","Potion","Card","Card"],"build_version":"2020-12-22","purchased_purges":0,"victory":false,"max_hp_per_floor":[80,80,80,80,80,80,80,80,80,80,80,80,80,80,80,80,80,80,80,80,83,83,83],"card_choices":[{"not_picked":["Defy Death","True Grit"],"picked":"Pommel Strike","floor":1},{"not_picked":["Disarm","ReplayTheSpireMod:Muscle Training"],"picked":"ReplayTheSpireMod:Stacked","floor":2},{"not_picked":["Body Slam","ReplayTheSpireMod:Stacked"],"picked":"Pommel Strike","floor":5},{"not_picked":["hubris:ReadiedAction","ReplayTheSpireMod:Muscle Training"],"picked":"Burning Pact","floor":7},{"not_picked":["Perfected Strike","ReplayTheSpireMod:LeadingStrike"],"picked":"Impervious","floor":10},{"not_picked":["Heavy Blade","Feel No Pain"],"picked":"Rampage","floor":12},{"not_picked":["Body Slam","Heavy Blade"],"picked":"Cleave","floor":13},{"not_picked":["Eclipse","Hemogenesis"],"picked":"Bludgeon","floor":16},{"not_picked":["Headbutt","Run Through"],"picked":"Perfected Strike","floor":18},{"not_picked":["ReplayTheSpireMod:Chaos Vortex","ReplayTheSpireMod:Haul"],"picked":"infinitespire:DeathsTouch","floor":19},{"not_picked":["ReplayTheSpireMod:Limb From Limb","ReplayReversal"],"picked":"Pummel","floor":21}],"player_experience":86972,"relics_obtained":[{"floor":7,"key":"Replay:PocketPolymizer"},{"floor":9,"key":"Replay:Mystery Machine"},{"floor":10,"key":"hubris:TenFootPole"},{"floor":11,"key":"Ancient Tea Set"},{"floor":12,"key":"Old Coin"}],"event_choices":[{"cards_removed":["ReplayTheSpireMod:Splinters"],"damage_healed":0,"gold_gain":0,"player_choice":"Card Removal","damage_taken":7,"max_hp_gain":0,"max_hp_loss":0,"event_name":"Golden Wing","floor":3,"gold_loss":0},{"damage_healed":0,"gold_gain":75,"player_choice":"Gather Gold","damage_taken":11,"max_hp_gain":0,"max_hp_loss":0,"event_name":"World of Goop","floor":4,"gold_loss":0},{"damage_healed":0,"gold_gain":0,"player_choice":"Fought Bandits","damage_taken":0,"max_hp_gain":0,"max_hp_loss":0,"event_name":"Masked Bandits","floor":22,"gold_loss":0}],"is_beta":false,"boss_relics":[{"not_picked":["Tiny House","hubris:Stopwatch"],"picked":"Replay:Bronze Core"}],"items_purged_floors":[],"is_endless":false,"potions_floor_spawned":[1,5,7,16,21],"killed_by":"Masked Bandits","ascension_level":12}}