{"host":"n7gt2lywuauec2nz","time":1613478381,"event":{"mods":["100% Spire Juice","2.2 Compatiblity","Act Like it!","Aspiration","BaseMod","Better Third Choice","Colored Powertips","DeckTracker","GifTheSpireLib","Highlight Path","HololiveMod","Hubris","Infinite Spire","Minty Spire (QoL Compilation)","Quick Restart","Random Character Button","Relic Sorter","Replay The Spire","Retaliation","Ruina","Shapeshifter Mod","StSLib","Synergy Search","The IronCluck"],"gold_per_floor":[118,128,13,13,13,56,76,76,76,96,96,115,138,162,162,281,281,281,281],"floor_reached":18,"language":"ENG","playtime":1076,"items_purged":["StSShapeShifter:ShapeShifter_Defend"],"score":189,"play_id":"6aad17cb-21c0-44f4-b538-4674e0553a09","local_time":"20210216042621","is_ascension_mode":false,"campfire_choices":[{"data":"StSShapeShifter:DiverseSpirit","floor":11,"key":"SMITH"},{"data":"StSShapeShifter:HydraForm","floor":15,"key":"SMITH"}],"circlet_count":0,"master_deck":["StSShapeShifter:ShapeShifter_Strike","StSShapeShifter:ShapeShifter_Strike","StSShapeShifter:ShapeShifter_Strike","StSShapeShifter:ShapeShifter_Strike","StSShapeShifter:ShapeShifter_Strike","StSShapeShifter:ShapeShifter_Defend","StSShapeShifter:ShapeShifter_Defend","StSShapeShifter:ShapeShifter_Defend","StSShapeShifter:ShapeShifter_Defend","StSShapeShifter:Tortoise_Form","StSShapeShifter:Lynx_Form","StSShapeShifter:BladeOfGrass","StSShapeShifter:OwlForm","StSShapeShifter:DiverseSpirit+1","Injury","StSShapeShifter:Forgiveness+1","StSShapeShifter:TopazSkin","StSShapeShifter:HydraForm+1","StSShapeShifter:RockSlide","StSShapeShifter:Flood"],"relics":["StSShapeShifter:AnimalHeart","StSShapeShifter:TheShapeShiftersMagnolia","NeowsBlessing","hubris:Towel","Golden Idol","Smiling Mask","FossilizedHelix","Hololive_ChaosS"],"acts_visited":["Exordium","ruina:Briah"],"potions_floor_usage":[10,13,13],"damage_taken":[{"damage":0,"enemies":"Cultist","floor":1,"turns":1},{"damage":0,"enemies":"2 Louse","floor":2,"turns":1},{"damage":0,"enemies":"3 Sentries","floor":6,"turns":2},{"damage":0,"enemies":"Small Slimes","floor":7,"turns":3},{"damage":4,"enemies":"Exordium Wildlife","floor":10,"turns":5},{"damage":10,"enemies":"Red Slaver","floor":12,"turns":7},{"damage":0,"enemies":"Exordium Thugs","floor":13,"turns":1},{"damage":26,"enemies":"Blue Slaver","floor":14,"turns":5},{"damage":50,"enemies":"The Guardian","floor":16,"turns":23},{"damage":37,"enemies":"ruina:3_Bats","floor":18,"turns":3}],"seed_played":"6379562649593416958","potions_obtained":[{"floor":7,"key":"SpeedPotion"},{"floor":10,"key":"StSShapeShifter:PolyBeastPotion"},{"floor":12,"key":"SkillPotion"}],"is_trial":false,"path_per_floor":["M","M","$","?","?","E","M","?","T","M","R","M","M","M","R","B",null,"M"],"character_chosen":"SHAPESHIFTER","items_purchased":["StSShapeShifter:DiverseSpirit"],"campfire_rested":0,"item_purchase_floors":[3],"current_hp_per_floor":[78,78,78,78,78,78,78,78,78,74,74,74,74,52,52,8,78,65,65],"gold":281,"neow_bonus":"THREE_ENEMY_KILL","is_daily":false,"chose_seed":false,"campfire_upgraded":2,"win_rate":0.0,"timestamp":1613478381,"path_taken":["M","?","$","?","?","E","M","?","T","M","R","M","M","?","R","BOSS","M"],"items_purchased_type":["Card"],"build_version":"2020-12-22","purchased_purges":1,"victory":false,"max_hp_per_floor":[78,78,78,78,78,78,78,78,78,78,78,78,78,78,78,78,78,78,78],"card_choices":[{"not_picked":["StSShapeShifter:MonkeyForm","StSShapeShifter:VineHandcuffs"],"picked":"StSShapeShifter:BladeOfGrass","floor":1},{"not_picked":["StSShapeShifter:BloomingSlash","StSShapeShifter:HippoForm"],"picked":"StSShapeShifter:OwlForm","floor":2},{"not_picked":["StSShapeShifter:EntForm","StSShapeShifter:FesteringBite"],"picked":"StSShapeShifter:Forgiveness","floor":6},{"not_picked":["StSShapeShifter:Rest","StSShapeShifter:Maul","StSShapeShifter:ThornToss"],"picked":"SKIP","floor":7},{"not_picked":["StSShapeShifter:BloomingSlash","StSShapeShifter:AdaptiveStrikes"],"picked":"StSShapeShifter:TopazSkin","floor":10},{"not_picked":["StSShapeShifter:FallingLeaves","StSShapeShifter:BarkSkin","StSShapeShifter:VineHandcuffs"],"picked":"SKIP","floor":12},{"not_picked":["StSShapeShifter:ClimbTree","StSShapeShifter:BaskInBloom"],"picked":"StSShapeShifter:HydraForm","floor":13},{"not_picked":["StSShapeShifter:HippoForm","StSShapeShifter:FallingLeaves"],"picked":"StSShapeShifter:RockSlide","floor":14},{"not_picked":["StSShapeShifter:Uproot_Redwood","StSShapeShifter:BurstOfLifeEscapeDeath"],"picked":"StSShapeShifter:Flood","floor":16}],"player_experience":151229,"relics_obtained":[{"floor":6,"key":"Smiling Mask"},{"floor":9,"key":"FossilizedHelix"}],"event_choices":[{"damage_healed":0,"gold_gain":0,"player_choice":"Take Wound","damage_taken":0,"relics_obtained":["Golden Idol"],"max_hp_gain":0,"max_hp_loss":0,"event_name":"Golden Idol","floor":5,"gold_loss":0,"cards_obtained":["Injury"]}],"is_beta":false,"boss_relics":[{"not_picked":["hubris:Stopwatch","Hololive_Finger"],"picked":"Hololive_ChaosS"}],"items_purged_floors":[3],"is_endless":false,"potions_floor_spawned":[7,10,12],"killed_by":"ruina:3_Bats","ascension_level":0}}