{"host":"61s3c1o1s4fng5dr","time":1613492753,"event":{"mods":["AchievementEnabler","Alarm Clock","AlwaysNeverKeys","BaseMod","Bestiary","Block Reminder","Colored Map","Googly Eyes","Highlight Path","Minty Spire (QoL Compilation)","Permanent Neow","Quick Restart","Random Character Button","Spire Birthday Party"],"gold_per_floor":[361,311,27,202,202,227,227,242,242,242,9,9,19,44,44,44,44],"floor_reached":16,"language":"ENG","playtime":1103,"items_purged":["Strike_R"],"score":106,"play_id":"8fd6b035-1b43-47f5-bffc-e586c075cdcd","local_time":"20210216112553","is_ascension_mode":false,"campfire_choices":[{"data":"Body Slam","floor":7,"key":"SMITH"},{"floor":10,"key":"REST"},{"data":"Mayhem","floor":12,"key":"SMITH"},{"floor":15,"key":"REST"}],"circlet_count":0,"master_deck":["Strike_R+1","Strike_R","Strike_R+1","Defend_R","Defend_R","Defend_R","Defend_R","Bash","Finesse","Body Slam+1","Metallicize","Doubt","Mayhem+1","Shrug It Off+1","Reaper"],"relics":["Burning Blood","Toxic Egg 2","Whetstone","Matryoshka","Mummified Hand"],"acts_visited":["Exordium"],"potions_floor_usage":[6,16,16],"damage_taken":[{"damage":1.0,"enemies":"Cultist","floor":1.0,"turns":3.0},{"damage":70,"enemies":"Lagavulin","floor":6,"turns":13},{"damage":0,"enemies":"2 Louse","floor":8,"turns":4},{"damage":4,"enemies":"Jaw Worm","floor":13,"turns":5},{"damage":9,"enemies":"3 Sentries","floor":14,"turns":12},{"damage":91,"enemies":"Hexaghost","floor":16,"turns":16}],"seed_played":"-3166819805716693039","potions_obtained":[{"floor":1.0,"key":"BloodPotion"},{"floor":8,"key":"FearPotion"},{"floor":14,"key":"Regen Potion"}],"is_trial":false,"path_per_floor":["M","?","$","?","T","E","R","M","T","R","$","R","M","E","R","B"],"character_chosen":"IRONCLAD","items_purchased":["Finesse","Body Slam","Metallicize","Mayhem","Shrug It Off+1"],"campfire_rested":2,"item_purchase_floors":[3,3,3,11,11],"current_hp_per_floor":[61,61,61,61,61,13,13,19,19,43,43,43,45,51,75,0,0],"gold":44,"neow_bonus":"TWO_FIFTY_GOLD","is_daily":false,"chose_seed":false,"campfire_upgraded":2,"win_rate":0.0,"timestamp":1613492753,"path_taken":["M","?","$","?","?","E","R","?","T","R","$","R","M","E","R","BOSS"],"items_purchased_type":["Card","Card","Card","Card","Card"],"build_version":"2020-12-22","purchased_purges":1,"victory":false,"max_hp_per_floor":[80,80,80,80,80,80,80,80,80,80,80,80,80,80,80,80,80],"card_choices":[{"not_picked":["Rampage","Clash","Clothesline"],"picked":"SKIP","floor":1.0},{"not_picked":["Cleave","Clash","Evolve"],"picked":"SKIP","floor":6},{"not_picked":["Clothesline","Perfected Strike","Flex+1"],"picked":"SKIP","floor":8},{"not_picked":["Perfected Strike","Pommel Strike"],"picked":"Reaper","floor":13},{"not_picked":["Dark Embrace","Carnage","Bloodletting+1"],"picked":"SKIP","floor":14}],"player_experience":464752,"relics_obtained":[{"floor":5.0,"key":"Toxic Egg 2"},{"floor":6,"key":"Whetstone"},{"floor":9,"key":"Matryoshka"},{"floor":14,"key":"Mummified Hand"}],"event_choices":[{"cards_removed":["Strike_R"],"damage_healed":0.0,"max_hp_gain":0.0,"max_hp_loss":0.0,"gold_gain":0.0,"event_name":"The Cleric","player_choice":"Card Removal","floor":2.0,"gold_loss":50.0,"damage_taken":0.0},{"damage_healed":0.0,"max_hp_gain":0.0,"max_hp_loss":0.0,"gold_gain":175.0,"event_name":"Liars Game","player_choice":"AGREE","floor":4.0,"gold_loss":0.0,"damage_taken":0.0,"cards_obtained":["Doubt"]}],"is_beta":false,"boss_relics":[],"items_purged_floors":[3],"is_endless":false,"potions_floor_spawned":[1,8,14],"killed_by":"Hexaghost","ascension_level":0}}