{"host":"3hzk4hwwdropes3d","time":1613456124,"event":{"mods":["BaseMod","Downfall","Hermit","Minty Spire (QoL Compilation)","StSLib"],"gold_per_floor":[113,113,65,65,140,140,172,184,184,64,75,75,87,143,143,241,241,241,241],"floor_reached":18,"language":"ENG","playtime":574,"items_purged":["Strike_P"],"score":220,"play_id":"19401667-ad14-4647-835c-24cf6f088d2f","local_time":"20210215221524","is_ascension_mode":true,"campfire_choices":[{"data":"EmptyFist","floor":6,"key":"SMITH"},{"data":"SashWhip","floor":12,"key":"SMITH"},{"data":"ClearTheMind","floor":15,"key":"SMITH"}],"circlet_count":0,"master_deck":["Strike_P","Strike_P","Strike_P","Defend_P","Defend_P","Defend_P","Defend_P","Eruption+1","Vigilance","EmptyFist+1","BowlingBash","EmptyBody","ClearTheMind+1","Consecrate","SashWhip+1","CutThroughFate","LessonLearned"],"relics":["PureWater","NeowsBlessing","InkBottle","FossilizedHelix","Frozen Egg 2","Darkstone Periapt","bronze:MakeshiftBattery"],"acts_visited":["Exordium","TheCity"],"potions_floor_usage":[16,16],"damage_taken":[{"damage":0,"enemies":"Jaw Worm","floor":1,"turns":1},{"damage":0,"enemies":"3 Sentries","floor":7,"turns":1},{"damage":0,"enemies":"2 Louse","floor":8,"turns":1},{"damage":0,"enemies":"Small Slimes","floor":11,"turns":1},{"damage":0,"enemies":"3 Louse","floor":13,"turns":2},{"damage":0,"enemies":"Gremlin Nob","floor":14,"turns":3},{"damage":21,"enemies":"Hexaghost","floor":16,"turns":9},{"damage":0,"enemies":"3 Byrds","floor":18,"turns":1}],"seed_played":"-1759968985154591151","potions_obtained":[{"floor":7,"key":"LiquidMemories"},{"floor":13,"key":"BottledMiracle"},{"floor":16,"key":"GamblersBrew"}],"is_trial":false,"path_per_floor":["M","?","$","?","?","R","E","M","T","$","M","R","M","?","R","B",null,"M"],"character_chosen":"WATCHER","items_purchased":["BowlingBash","Consecrate"],"campfire_rested":0,"item_purchase_floors":[3,10],"current_hp_per_floor":[72,69,69,69,58,58,58,58,58,58,58,58,58,58,58,37,72,72,72],"gold":241,"neow_bonus":"THREE_ENEMY_KILL","is_daily":false,"chose_seed":false,"campfire_upgraded":3,"win_rate":0.0,"timestamp":1613456124,"path_taken":["M","?","$","?","?","R","E","M","T","$","M","R","M","?","R","BOSS","M"],"items_purchased_type":["Card","Card"],"build_version":"2020-12-22","purchased_purges":1,"victory":false,"max_hp_per_floor":[72,72,72,72,72,72,72,72,72,72,72,72,72,72,72,72,72,72,72],"card_choices":[{"not_picked":["CrushJoints","FollowUp"],"picked":"EmptyFist","floor":1},{"not_picked":["LikeWater","Consecrate"],"picked":"EmptyBody","floor":7},{"not_picked":["EmptyBody","PathToVictory"],"picked":"ClearTheMind","floor":8},{"not_picked":["CarveReality","PathToVictory"],"picked":"SashWhip","floor":11},{"not_picked":["Pray","Worship","Crescendo"],"picked":"SKIP","floor":13},{"not_picked":["PathToVictory","BowlingBash"],"picked":"CutThroughFate","floor":14},{"not_picked":["Scrawl","Omniscience"],"picked":"LessonLearned","floor":16}],"player_experience":419767,"relics_obtained":[{"floor":7,"key":"FossilizedHelix"},{"floor":9,"key":"Frozen Egg 2"},{"floor":14,"key":"Darkstone Periapt"}],"event_choices":[{"damage_healed":0,"gold_gain":0,"player_choice":"Success","damage_taken":3,"relics_obtained":["InkBottle"],"max_hp_gain":0,"max_hp_loss":0,"event_name":"Scrap Ooze","floor":2,"gold_loss":0},{"damage_healed":0,"gold_gain":0,"player_choice":"Grow","damage_taken":0,"max_hp_gain":0,"max_hp_loss":0,"event_name":"Living Wall","floor":4,"gold_loss":0,"cards_upgraded":["Eruption"]},{"damage_healed":0,"gold_gain":75,"player_choice":"Gather Gold","damage_taken":11,"max_hp_gain":0,"max_hp_loss":0,"event_name":"World of Goop","floor":5,"gold_loss":0},{"damage_healed":0,"gold_gain":0,"player_choice":"Searched \u00272\u0027 times","damage_taken":0,"max_hp_gain":0,"max_hp_loss":0,"event_name":"Dead Adventurer","floor":14,"gold_loss":0}],"is_beta":false,"boss_relics":[{"not_picked":["SlaversCollar","VioletLotus"],"picked":"bronze:MakeshiftBattery"}],"items_purged_floors":[10],"is_endless":false,"potions_floor_spawned":[7,13,16],"killed_by":"3 Byrds","ascension_level":4}}