{"host":"prxrhpgaxnj4om9r","time":1613445966,"event":{"mods":["AchievementEnabler","BaseMod","Colored Map","DeckTracker","Minty Spire (QoL Compilation)"],"gold_per_floor":[118,130,148,163,113,113,147,167,167,167,193,193,38,38,38,143,143,156,175,175,175],"floor_reached":20,"language":"KOR","playtime":896,"items_purged":[],"score":221,"play_id":"4e19908c-15f3-4341-b8fd-931e4da81d81","local_time":"20210216122606","is_ascension_mode":true,"campfire_choices":[{"data":"Cleave","floor":6,"key":"SMITH"},{"data":"Clash","floor":15,"key":"SMITH"}],"circlet_count":0,"master_deck":["Strike_R","Strike_R","Strike_R","Strike_R","Strike_R","Defend_R","Defend_R","Defend_R","Bash","Cleave+1","Carnage","Shrug It Off","Disarm","Feel No Pain","Carnage","Clash+1","Barricade","True Grit","Blood for Blood","Flex"],"relics":["Burning Blood","Omamori","Dream Catcher","Question Card","Gremlin Horn","Prayer Wheel","StrikeDummy","Lee\u0027s Waffle","WarpedTongs","SacredBark"],"acts_visited":["Exordium","TheCity"],"potions_floor_usage":[7,11,11,19,19],"damage_taken":[{"damage":6,"enemies":"Cultist","floor":1,"turns":3},{"damage":14,"enemies":"Small Slimes","floor":2,"turns":3},{"damage":12,"enemies":"Jaw Worm","floor":3,"turns":2},{"damage":14,"enemies":"Looter","floor":4,"turns":3},{"damage":30,"enemies":"3 Sentries","floor":7,"turns":4},{"damage":7,"enemies":"3 Louse","floor":8,"turns":3},{"damage":16,"enemies":"Gremlin Nob","floor":11,"turns":3},{"damage":42,"enemies":"Hexaghost","floor":16,"turns":9},{"damage":33,"enemies":"Shell Parasite","floor":18,"turns":7},{"damage":28,"enemies":"3 Byrds","floor":19,"turns":6},{"damage":48,"enemies":"3 Cultists","floor":20,"turns":4}],"seed_played":"7376246277699357624","potions_obtained":[{"floor":2,"key":"CultistPotion"},{"floor":3,"key":"SkillPotion"},{"floor":8,"key":"SkillPotion"},{"floor":11,"key":"Swift Potion"},{"floor":18,"key":"Swift Potion"}],"is_trial":false,"path_per_floor":["M","M","M","M","?","R","E","M","T","T","E","?","$","?","R","B",null,"M","M","M"],"character_chosen":"IRONCLAD","items_purchased":["Lee\u0027s Waffle"],"campfire_rested":0,"item_purchase_floors":[13],"current_hp_per_floor":[80,72,66,58,58,58,34,33,33,33,23,11,87,87,87,51,87,60,38,0,0],"gold":175,"neow_bonus":"RANDOM_COMMON_RELIC","is_daily":false,"chose_seed":false,"campfire_upgraded":2,"win_rate":0.0,"timestamp":1613445966,"path_taken":["M","?","M","?","?","R","E","M","T","?","E","?","$","?","R","BOSS","M","?","M"],"items_purchased_type":["Relic"],"build_version":"2020-12-22","purchased_purges":0,"victory":false,"max_hp_per_floor":[80,80,80,80,80,80,80,80,80,80,80,80,87,87,87,87,87,87,87,87,87],"card_choices":[{"not_picked":["Twin Strike","Metallicize"],"picked":"Cleave","floor":1},{"not_picked":["Heavy Blade","Perfected Strike"],"picked":"Carnage","floor":2},{"not_picked":["Shockwave","Intimidate"],"picked":"Shrug It Off","floor":3},{"not_picked":["Ghostly Armor","Iron Wave"],"picked":"Disarm","floor":4},{"not_picked":["Entrench","Combust"],"picked":"Feel No Pain","floor":7},{"not_picked":["Sever Soul","Perfected Strike"],"picked":"Carnage","floor":8},{"not_picked":["Body Slam","Perfected Strike","Shockwave"],"picked":"Clash","floor":11},{"not_picked":["Bludgeon","Fiend Fire","Limit Break"],"picked":"Barricade","floor":16},{"not_picked":["Feel No Pain","Armaments","Thunderclap"],"picked":"True Grit","floor":18},{"not_picked":["Heavy Blade","Sever Soul+1","Dropkick"],"picked":"Blood for Blood","floor":18},{"not_picked":["Warcry","Dropkick","Armaments"],"picked":"Flex","floor":19},{"not_picked":["Feel No Pain","Clash","Combust+1","Pommel Strike"],"picked":"SKIP","floor":19}],"player_experience":472934,"relics_obtained":[{"floor":7,"key":"Dream Catcher"},{"floor":9,"key":"Question Card"},{"floor":10,"key":"Gremlin Horn"},{"floor":11,"key":"Prayer Wheel"}],"event_choices":[{"cards_removed":["Defend_R"],"damage_healed":0,"gold_gain":0,"player_choice":"Card Removal","damage_taken":0,"max_hp_gain":0,"max_hp_loss":0,"event_name":"The Cleric","floor":5,"gold_loss":50},{"damage_healed":0,"gold_gain":0,"player_choice":"Success","damage_taken":12,"relics_obtained":["StrikeDummy"],"max_hp_gain":0,"max_hp_loss":0,"event_name":"Scrap Ooze","floor":12,"gold_loss":0},{"damage_healed":0,"gold_gain":0,"player_choice":"Rummage","damage_taken":0,"relics_obtained":["WarpedTongs"],"max_hp_gain":0,"max_hp_loss":0,"event_name":"Accursed Blacksmith","floor":14,"gold_loss":0,"cards_obtained":["Pain"]}],"is_beta":false,"boss_relics":[{"not_picked":["Runic Dome","Tiny House"],"picked":"SacredBark"}],"items_purged_floors":[],"is_endless":false,"potions_floor_spawned":[2,3,8,11,18],"killed_by":"3 Cultists","ascension_level":4}}