{"host":"nbuxsjsz66fn5lob","time":1613505398,"event":{"mods":["BaseMod","Colored Map","Colored Powertips","DeckTracker","Highlight Path","Minty Spire (QoL Compilation)","Random Character Button","StSLib"],"gold_per_floor":[117,128,128,108,119,119,138,152,200,214,214,231,306,334,334,432,432,442,442,456,471,11,11,44,54,79,79,40,51,51,51,51,151,151,163,173,173,190,90,90,110,110,190,240,240,115,141,153,153,153],"floor_reached":51,"language":"JPN","playtime":2982,"items_purged":["Strike_R","Strike_R","Strike_R"],"score":699,"play_id":"5681e2ef-8e65-41be-9993-89ec99a09284","local_time":"20210217045638","is_ascension_mode":false,"campfire_choices":[{"data":"Bash","floor":6.0,"key":"SMITH"},{"data":"True Grit","floor":11.0,"key":"SMITH"},{"data":"True Grit","floor":15.0,"key":"SMITH"},{"data":"Feel No Pain","floor":23.0,"key":"SMITH"},{"data":"Corruption","floor":27.0,"key":"SMITH"},{"data":"Battle Trance","floor":30.0,"key":"SMITH"},{"data":"Pommel Strike","floor":32.0,"key":"SMITH"},{"data":"Rampage","floor":40.0,"key":"SMITH"},{"data":"Feel No Pain","floor":42.0,"key":"SMITH"},{"data":"Disarm","floor":45,"key":"SMITH"},{"data":"Clothesline","floor":49,"key":"SMITH"}],"circlet_count":0,"master_deck":["Strike_R","Strike_R","Defend_R","Defend_R+1","Defend_R","Defend_R","Bash+1","Shrug It Off","Clothesline+1","Rampage+1","Intimidate+1","Pommel Strike+1","True Grit+1","True Grit+1","Corruption+1","Fiend Fire+1","Rage","Feel No Pain+1","Disarm+1","Rampage+1","Body Slam+1","Feel No Pain+1","Battle Trance+1","Double Tap+1","Feel No Pain+1"],"relics":["Burning Blood","War Paint","Molten Egg 2","Busted Crown","PreservedInsect","OrangePellets","Gambling Chip","Pen Nib","Toxic Egg 2","Coffee Dripper","Frozen Egg 2","Ginger","Bottled Tornado"],"acts_visited":["Exordium","TheCity","TheBeyond"],"potions_floor_usage":[50],"damage_taken":[{"damage":1.0,"enemies":"Jaw Worm","floor":1.0,"turns":5.0},{"damage":1.0,"enemies":"Cultist","floor":2.0,"turns":4.0},{"damage":0.0,"enemies":"2 Louse","floor":5.0,"turns":3.0},{"damage":4.0,"enemies":"Gremlin Gang","floor":7.0,"turns":5.0},{"damage":3.0,"enemies":"Red Slaver","floor":8.0,"turns":5.0},{"damage":6.0,"enemies":"Exordium Wildlife","floor":10.0,"turns":4.0},{"damage":1.0,"enemies":"Looter","floor":12.0,"turns":3.0},{"damage":19.0,"enemies":"Lagavulin","floor":14.0,"turns":9.0},{"damage":37.0,"enemies":"The Guardian","floor":16.0,"turns":14.0},{"damage":15.0,"enemies":"2 Thieves","floor":18.0,"turns":4.0},{"damage":15.0,"enemies":"Shell Parasite","floor":20.0,"turns":5.0},{"damage":10.0,"enemies":"Cultist and Chosen","floor":21.0,"turns":7.0},{"damage":4.0,"enemies":"Book of Stabbing","floor":24.0,"turns":6.0},{"damage":0.0,"enemies":"Chosen and Byrds","floor":25.0,"turns":7.0},{"damage":0.0,"enemies":"Centurion and Healer","floor":29.0,"turns":7.0},{"damage":11.0,"enemies":"Champ","floor":33.0,"turns":10.0},{"damage":0.0,"enemies":"Orb Walker","floor":35.0,"turns":3.0},{"damage":12.0,"enemies":"3 Shapes","floor":36.0,"turns":7.0},{"damage":9.0,"enemies":"Sphere and 2 Shapes","floor":38.0,"turns":7.0},{"damage":0.0,"enemies":"Jaw Worm Horde","floor":41.0,"turns":5.0},{"damage":0,"enemies":"Mind Bloom Boss Battle","floor":44,"turns":4},{"damage":0,"enemies":"Giant Head","floor":47,"turns":5},{"damage":0,"enemies":"3 Darklings","floor":48,"turns":6},{"damage":22,"enemies":"Awakened One","floor":50,"turns":9}],"seed_played":"4741109033857182032","potions_obtained":[{"floor":2.0,"key":"Swift Potion"},{"floor":4.0,"key":"SteroidPotion"},{"floor":7.0,"key":"Strength Potion"},{"floor":8.0,"key":"BloodPotion"},{"floor":12.0,"key":"Fruit Juice"},{"floor":16.0,"key":"BloodPotion"},{"floor":20.0,"key":"Explosive Potion"},{"floor":33.0,"key":"ElixirPotion"}],"is_trial":false,"path_per_floor":["M","M","$","?","M","R","M","M","T","M","R","M","?","E","R","B",null,"M","?","M","M","$","R","E","M","T","R","$","M","R","?","R","B",null,"M","M","?","M","$","R","M","R","T","?","R","$","E","M","R","B",null],"character_chosen":"IRONCLAD","items_purchased":["Feel No Pain","Disarm","Rampage+1","Body Slam+1","OrangePellets","Battle Trance"],"campfire_rested":0,"item_purchase_floors":[22,22,22,22,22,28],"current_hp_per_floor":[80,80,80,80,80,80,80,80,80,80,80,85,74,61,61,30,85,76,76,67,63,63,63,65,71,71,71,71,77,77,77,77,72,85,85,79,79,76,76,76,82,82,82,85,85,85,85,85,85,69],"gold":153,"neow_bonus":"","is_daily":false,"chose_seed":false,"campfire_upgraded":11,"win_rate":0.0,"timestamp":1613505398,"path_taken":["M","M","$","?","M","R","M","M","T","?","R","?","?","E","R","BOSS","M","?","M","?","?","R","E","M","T","R","$","M","R","?","R","BOSS","M","M","?","M","?","R","M","R","T","?","R","$","E","?","R","BOSS"],"items_purchased_type":["Card","Card","Card","Card","Relic","Card"],"build_version":"2020-12-22","purchased_purges":3,"victory":true,"max_hp_per_floor":[80,80,80,80,80,80,80,80,80,80,80,85,85,85,85,85,85,85,85,85,85,85,85,85,85,85,85,85,85,85,85,85,85,85,85,85,85,85,85,85,85,85,85,85,85,85,85,85,85,85],"card_choices":[{"not_picked":["Headbutt","Body Slam"],"picked":"Shrug It Off","floor":1.0},{"not_picked":["Warcry","Shrug It Off"],"picked":"Clothesline","floor":2.0},{"not_picked":["Burning Pact","Sever Soul"],"picked":"Rampage","floor":5.0},{"not_picked":["Searing Blow","Body Slam"],"picked":"Intimidate","floor":7.0},{"not_picked":["Rampage","Flame Barrier"],"picked":"Pommel Strike","floor":8.0},{"not_picked":["Ghostly Armor","Twin Strike"],"picked":"True Grit","floor":10.0},{"not_picked":["Thunderclap","Intimidate"],"picked":"True Grit","floor":12.0},{"not_picked":["Metallicize","Cleave+1"],"picked":"Corruption","floor":14.0},{"not_picked":["Brutality","Impervious"],"picked":"Fiend Fire+1","floor":16.0},{"not_picked":["Twin Strike+1"],"picked":"SKIP","floor":18.0},{"not_picked":["True Grit"],"picked":"SKIP","floor":20.0},{"not_picked":[],"picked":"Rage","floor":21.0},{"not_picked":["Clothesline+1"],"picked":"SKIP","floor":24.0},{"not_picked":[],"picked":"Feel No Pain","floor":25.0},{"not_picked":["Hemokinesis+1"],"picked":"SKIP","floor":29.0},{"not_picked":[],"picked":"Double Tap+1","floor":33.0},{"not_picked":["Clash+1"],"picked":"SKIP","floor":35.0},{"not_picked":["Pommel Strike+1"],"picked":"SKIP","floor":36.0},{"not_picked":["Rupture"],"picked":"SKIP","floor":38.0},{"not_picked":["Perfected Strike+1"],"picked":"SKIP","floor":41.0},{"not_picked":["Sword Boomerang+1"],"picked":"SKIP","floor":47},{"not_picked":["Perfected Strike+1"],"picked":"SKIP","floor":48}],"player_experience":0,"relics_obtained":[{"floor":9.0,"key":"War Paint"},{"floor":14.0,"key":"Molten Egg 2"},{"floor":24.0,"key":"Gambling Chip"},{"floor":26.0,"key":"Pen Nib"},{"floor":43.0,"key":"Frozen Egg 2"},{"floor":44,"key":"Ginger"},{"floor":47,"key":"Bottled Tornado"}],"event_choices":[{"damage_healed":0.0,"max_hp_gain":0.0,"max_hp_loss":0.0,"gold_gain":0.0,"event_name":"The Woman in Blue","player_choice":"Bought 1 Potion","floor":4.0,"gold_loss":0.0,"damage_taken":0.0},{"damage_healed":0.0,"max_hp_gain":0.0,"max_hp_loss":0.0,"gold_gain":75.0,"event_name":"World of Goop","player_choice":"Gather Gold","floor":13.0,"gold_loss":0.0,"damage_taken":11.0},{"damage_healed":0.0,"max_hp_gain":0.0,"max_hp_loss":0.0,"gold_gain":0.0,"event_name":"WeMeetAgain","player_choice":"Gave Potion","floor":19.0,"gold_loss":0.0,"damage_taken":0.0,"relics_obtained":["PreservedInsect"]},{"damage_healed":0.0,"max_hp_gain":0.0,"max_hp_loss":0.0,"gold_gain":0.0,"event_name":"The Mausoleum","player_choice":"Opened","floor":31.0,"gold_loss":0.0,"damage_taken":0.0,"relics_obtained":["Toxic Egg 2"]},{"damage_healed":0.0,"max_hp_gain":0.0,"max_hp_loss":0.0,"gold_gain":0.0,"event_name":"Duplicator","player_choice":"Copied","floor":37.0,"gold_loss":0.0,"damage_taken":0.0,"cards_obtained":["Feel No Pain"]},{"damage_healed":0,"gold_gain":0,"player_choice":"Fight","damage_taken":0,"max_hp_gain":0,"max_hp_loss":0,"event_name":"MindBloom","floor":44,"gold_loss":0}],"is_beta":false,"boss_relics":[{"not_picked":["Runic Dome","Velvet Choker"],"picked":"Busted Crown"},{"not_picked":["Mark of Pain","Snecko Eye"],"picked":"Coffee Dripper"}],"items_purged_floors":[22,39,46],"is_endless":false,"potions_floor_spawned":[2,7,8,10,12,16,18,20,24,33,36,38,44,47,48],"ascension_level":0}}