{"host":"o88u0awh8mkwl1l8","time":1613463662,"event":{"mods":["BaseMod","Colored Map","Highlight Path","Minty Spire (QoL Compilation)","Relic Sorter"],"gold_per_floor":[119,130,130,148,164,164,164,174,174,206,224,251,176,190,190,265,265,284,295,210,227,242,242,242],"floor_reached":23,"language":"JPN","playtime":1196,"items_purged":["Defend_P"],"score":614,"play_id":"1473d8cb-3904-4d87-8670-78d93de23492","local_time":"20210216172102","is_ascension_mode":true,"campfire_choices":[{"data":"Conclude","floor":6.0,"key":"SMITH"},{"data":"EmptyFist","floor":15.0,"key":"SMITH"}],"circlet_count":0,"master_deck":["AscendersBane","Strike_P","Strike_P","Strike_P","Defend_P","Defend_P","Defend_P","Eruption","Vigilance","DeceiveReality","Conclude+1","CutThroughFate","EmptyFist+1","Evaluate","FlurryOfBlows","Judgement"],"relics":["PureWater","Gremlin Horn","Oddly Smooth Stone","GoldenEye","Busted Crown","Blood Vial"],"acts_visited":["Exordium","TheCity"],"potions_floor_usage":[23],"damage_taken":[{"damage":0.0,"enemies":"Jaw Worm","floor":1.0,"turns":3.0},{"damage":0.0,"enemies":"Small Slimes","floor":2.0,"turns":5.0},{"damage":0.0,"enemies":"Cultist","floor":4.0,"turns":3.0},{"damage":6.0,"enemies":"3 Louse","floor":5.0,"turns":4.0},{"damage":6.0,"enemies":"Large Slime","floor":8.0,"turns":4.0},{"damage":0.0,"enemies":"Gremlin Nob","floor":10.0,"turns":2.0},{"damage":0.0,"enemies":"2 Fungi Beasts","floor":11.0,"turns":3.0},{"damage":0.0,"enemies":"3 Sentries","floor":12.0,"turns":2.0},{"damage":4.0,"enemies":"Blue Slaver","floor":14.0,"turns":3.0},{"damage":0.0,"enemies":"Slime Boss","floor":16.0,"turns":5.0},{"damage":11.0,"enemies":"Shell Parasite","floor":18.0,"turns":4.0},{"damage":6.0,"enemies":"2 Thieves","floor":19.0,"turns":3.0},{"damage":0.0,"enemies":"Sentry and Sphere","floor":21.0,"turns":2.0},{"damage":0,"enemies":"Cultist and Chosen","floor":22,"turns":4},{"damage":64,"enemies":"Book of Stabbing","floor":23,"turns":5}],"seed_played":"-4015196657087073678","potions_obtained":[{"floor":4.0,"key":"BottledMiracle"},{"floor":5.0,"key":"SneckoOil"},{"floor":11.0,"key":"SkillPotion"},{"floor":12.0,"key":"BlessingOfTheForge"},{"floor":14.0,"key":"Block Potion"},{"floor":18.0,"key":"CultistPotion"}],"is_trial":false,"path_per_floor":["M","M","?","M","M","R","?","M","T","E","M","E","$","M","R","B",null,"M","M","?","M","M","E"],"character_chosen":"WATCHER","items_purchased":[],"campfire_rested":0,"item_purchase_floors":[],"current_hp_per_floor":[55,55,60,60,54,54,54,48,48,48,48,48,48,44,44,44,75,64,58,58,60,62,0,0],"gold":242,"neow_bonus":"TWENTY_PERCENT_HP_BONUS","is_daily":false,"chose_seed":false,"campfire_upgraded":2,"win_rate":0.0,"timestamp":1613463662,"path_taken":["M","M","?","M","M","R","?","M","T","E","M","E","$","M","R","BOSS","M","M","?","M","M","E"],"items_purchased_type":[],"build_version":"2020-12-22","purchased_purges":1,"victory":false,"max_hp_per_floor":[80,80,85,85,85,85,85,85,85,85,85,85,85,85,85,85,85,85,85,85,85,85,85,85],"card_choices":[{"not_picked":["EmptyBody","Indignation"],"picked":"DeceiveReality","floor":1.0},{"not_picked":["Sanctity","FlyingSleeves"],"picked":"Conclude","floor":2.0},{"not_picked":["Vengeance","WindmillStrike"],"picked":"CutThroughFate","floor":4.0},{"not_picked":["Perseverance","Prostrate"],"picked":"EmptyFist","floor":5.0},{"not_picked":["SashWhip","Study","Halt"],"picked":"SKIP","floor":8.0},{"not_picked":["EmptyFist","PathToVictory","FollowUp"],"picked":"SKIP","floor":10.0},{"not_picked":["FollowUp","JustLucky"],"picked":"Evaluate","floor":11.0},{"not_picked":["Halt","Consecrate"],"picked":"FlurryOfBlows","floor":12.0},{"not_picked":["Evaluate","Prostrate","EmptyBody"],"picked":"SKIP","floor":14.0},{"not_picked":["DevaForm","Ragnarok"],"picked":"Judgement","floor":16.0},{"not_picked":["Protect"],"picked":"SKIP","floor":18.0},{"not_picked":["Evaluate"],"picked":"SKIP","floor":19.0},{"not_picked":["ClearTheMind"],"picked":"SKIP","floor":21.0},{"not_picked":["Protect"],"picked":"SKIP","floor":22}],"player_experience":1279642,"relics_obtained":[{"floor":9.0,"key":"Gremlin Horn"},{"floor":10.0,"key":"Oddly Smooth Stone"},{"floor":12.0,"key":"GoldenEye"}],"event_choices":[{"damage_healed":0.0,"max_hp_gain":5.0,"max_hp_loss":0.0,"gold_gain":0.0,"event_name":"Big Fish","player_choice":"Donut","floor":3.0,"gold_loss":0.0,"damage_taken":0.0},{"cards_removed":["Strike_P"],"damage_healed":0.0,"max_hp_gain":0.0,"max_hp_loss":0.0,"gold_gain":0.0,"event_name":"Bonfire Elementals","player_choice":"Offered Basic","floor":7.0,"gold_loss":0.0,"damage_taken":0.0},{"damage_healed":0.0,"max_hp_gain":0.0,"max_hp_loss":0.0,"gold_gain":0.0,"event_name":"Addict","player_choice":"Obtained Relic","floor":20.0,"gold_loss":85.0,"damage_taken":0.0,"relics_obtained":["Blood Vial"]}],"is_beta":false,"boss_relics":[{"not_picked":["Runic Pyramid","Calling Bell"],"picked":"Busted Crown"}],"items_purged_floors":[13],"is_endless":false,"potions_floor_spawned":[4,5,11,12,14,18],"killed_by":"Book of Stabbing","ascension_level":20}}