{"host":"cijhj3091wf4aho3","time":1613478093,"event":{"mods":["BaseMod","Colored Map","Colored Powertips","Friendly Minions","GifTheSpireLib","Highlight Path","Minty Spire (QoL Compilation)","Permanent Neow","Random Character Button","Relic Sorter","Relic Stats","StSLib","everything is the same but u backflip on backflip","slay the spire mod where everything is the same but ironclad has a cowboy hat"],"gold_per_floor":[114,114,64,85,101,135,187,112,165,165,188,213,113,148,148,277,277,277,70,70,70,70,70,70,70,70,70,70,70,70,70,70,70,70,70,70,70,70,70,70,70,70,70,70,70,70,70,70,70,70],"floor_reached":51,"language":"ENG","playtime":2282,"items_purged":["Strike_B","Strike_B","Defend_B"],"score":1308,"play_id":"3912dabe-2c9d-4f43-8d45-3434cfd7842b","local_time":"20210216042133","is_ascension_mode":true,"campfire_choices":[{"floor":10,"key":"REST"},{"data":"Hologram","floor":15,"key":"SMITH"},{"data":"Gash","floor":23,"key":"SMITH"},{"data":"Streamline","floor":27,"key":"SMITH"},{"data":"Go for the Eyes","floor":29,"key":"SMITH"},{"data":"Undo","floor":32,"key":"SMITH"},{"data":"Beam Cell","floor":41,"key":"SMITH"},{"data":"Flash of Steel","floor":49,"key":"SMITH"}],"circlet_count":0,"master_deck":["AscendersBane","Defend_B","Defend_B+1","Defend_B+1","Zap+1","Streamline+1","Self Repair","Gash+1","Go for the Eyes+1","Hologram+1","All For One","Flash of Steel+1","Undo+1","Beam Cell+1","Echo Form+1","Gash+1"],"relics":["Cracked Core","Golden Idol","War Paint","Art of War","Bag of Preparation","Ectoplasm","MutagenicStrength","Meat on the Bone","Nunchaku","Ancient Tea Set","Black Star","Lantern","Bottled Tornado","Regal Pillow","Smiling Mask","Toy Ornithopter","Juzu Bracelet","Akabeko","Torii","Shuriken","Centennial Puzzle"],"acts_visited":["Exordium","TheCity","TheBeyond"],"potions_floor_usage":[16,33,42,50,50],"damage_taken":[{"damage":7,"enemies":"Jaw Worm","floor":1,"turns":3},{"damage":0,"enemies":"Small Slimes","floor":4,"turns":2},{"damage":2,"enemies":"2 Louse","floor":5,"turns":2},{"damage":45,"enemies":"3 Sentries","floor":6,"turns":10},{"damage":5,"enemies":"Blue Slaver","floor":11,"turns":4},{"damage":3,"enemies":"Red Slaver","floor":12,"turns":4},{"damage":9,"enemies":"Lagavulin","floor":14,"turns":8},{"damage":14,"enemies":"Hexaghost","floor":16,"turns":9},{"damage":3,"enemies":"3 Byrds","floor":18,"turns":5},{"damage":0,"enemies":"Spheric Guardian","floor":22,"turns":3},{"damage":20,"enemies":"Slavers","floor":24,"turns":6},{"damage":1,"enemies":"Centurion and Healer","floor":28,"turns":4},{"damage":0,"enemies":"3 Cultists","floor":30,"turns":4},{"damage":18,"enemies":"Gremlin Leader","floor":31,"turns":4},{"damage":16,"enemies":"Champ","floor":33,"turns":9},{"damage":3,"enemies":"Orb Walker","floor":35,"turns":4},{"damage":15,"enemies":"3 Darklings","floor":36,"turns":5},{"damage":7,"enemies":"Spire Growth","floor":38,"turns":5},{"damage":4,"enemies":"Giant Head","floor":40,"turns":6},{"damage":26,"enemies":"Nemesis","floor":42,"turns":7},{"damage":1,"enemies":"Maw","floor":45,"turns":5},{"damage":36,"enemies":"Reptomancer","floor":46,"turns":7},{"damage":20,"enemies":"2 Orb Walkers","floor":47,"turns":4},{"damage":0,"enemies":"Giant Head","floor":48,"turns":5},{"damage":20,"enemies":"Awakened One","floor":50,"turns":6}],"seed_played":"-586981481907386933","potions_obtained":[{"floor":5,"key":"CultistPotion"},{"floor":6,"key":"Swift Potion"},{"floor":16,"key":"PotionOfCapacity"},{"floor":31,"key":"PowerPotion"},{"floor":33,"key":"LiquidBronze"},{"floor":40,"key":"FocusPotion"},{"floor":42,"key":"EssenceOfSteel"}],"is_trial":false,"path_per_floor":["M","?","?","M","M","E","?","$","T","R","M","M","$","E","R","B",null,"M","$","?","?","M","R","E","?","T","R","M","R","M","E","R","B",null,"M","M","?","M","?","E","R","E","T","?","M","E","?","E","R","B",null],"character_chosen":"DEFECT","items_purchased":["Flash of Steel"],"campfire_rested":1,"item_purchase_floors":[19],"current_hp_per_floor":[61,61,61,61,59,21,21,21,21,41,43,47,47,45,45,38,61,65,65,65,65,69,69,56,56,56,56,62,62,69,58,58,49,64,68,60,60,60,60,63,63,51,51,51,64,54,60,67,67,49],"gold":70,"neow_bonus":"REMOVE_CARD","is_daily":false,"chose_seed":false,"campfire_upgraded":7,"win_rate":0.0,"timestamp":1613478093,"path_taken":["M","?","?","M","M","E","?","?","T","R","M","M","$","E","R","BOSS","M","$","?","?","M","R","E","?","T","R","?","R","M","E","R","BOSS","M","M","?","M","?","E","R","E","T","?","?","E","?","E","R","BOSS"],"items_purchased_type":["Card"],"build_version":"2020-12-22","purchased_purges":3,"victory":true,"max_hp_per_floor":[75,69,69,69,69,69,69,69,69,69,69,69,69,69,69,69,69,69,69,69,69,69,69,69,69,69,69,69,69,69,69,69,69,69,69,69,69,69,69,69,69,69,69,69,69,69,69,69,69,69],"relic_stats":{"Regal Pillow":0,"Torii":4,"counters":[25,131],"Golden Idol":206,"Bag of Preparation":[36],"Juzu Bracelet":0,"War Paint":["Defend_B","Defend_B"],"Smiling Mask":0,"Nunchaku":[30],"Centennial Puzzle":[3],"Shuriken":[8],"Ectoplasm":658,"Art of War":[6],"Black Star":4,"obtain_stats":[{"Lantern":40,"Regal Pillow":42,"Torii":47,"Golden Idol":2,"Bag of Preparation":14,"Juzu Bracelet":46,"War Paint":6,"Bottled Tornado":40,"Ancient Tea Set":31,"Smiling Mask":42,"Akabeko":46,"Nunchaku":26,"Centennial Puzzle":48,"Shuriken":48,"MutagenicStrength":20,"Ectoplasm":17,"Art of War":9,"Black Star":34,"Cracked Core":0,"Toy Ornithopter":43,"Meat on the Bone":24},{"Lantern":19,"Regal Pillow":20,"Torii":23,"Golden Idol":1,"Bag of Preparation":7,"Juzu Bracelet":22,"War Paint":4,"Bottled Tornado":19,"Ancient Tea Set":14,"Smiling Mask":20,"Akabeko":22,"Nunchaku":11,"Centennial Puzzle":24,"Shuriken":24,"MutagenicStrength":9,"Ectoplasm":8,"Art of War":4,"Black Star":15,"Cracked Core":0,"Toy Ornithopter":20,"Meat on the Bone":11},{"Lantern":97,"Regal Pillow":104,"Torii":120,"Golden Idol":3,"Bag of Preparation":33,"Juzu Bracelet":116,"War Paint":17,"Bottled Tornado":97,"Ancient Tea Set":68,"Smiling Mask":104,"Akabeko":116,"Nunchaku":56,"Centennial Puzzle":125,"Shuriken":125,"MutagenicStrength":47,"Ectoplasm":42,"Art of War":17,"Black Star":77,"Cracked Core":0,"Toy Ornithopter":104,"Meat on the Bone":56}],"Toy Ornithopter":2,"Meat on the Bone":24},"card_choices":[{"not_picked":["Coolheaded","Steam"],"picked":"Streamline","floor":1},{"not_picked":["Static Discharge","Blizzard","Cold Snap"],"picked":"SKIP","floor":4},{"not_picked":["Thunder Strike","Stack"],"picked":"Self Repair","floor":5},{"not_picked":["Steam","Compile Driver"],"picked":"Gash","floor":6},{"not_picked":["Undo","Beam Cell"],"picked":"Go for the Eyes","floor":11},{"not_picked":["Barrage","Thunder Strike"],"picked":"Hologram","floor":12},{"not_picked":["Lockon","Compile Driver","Go for the Eyes"],"picked":"SKIP","floor":14},{"not_picked":["Fission","Rainbow"],"picked":"All For One","floor":16},{"not_picked":["Steam","Streamline+1","Stack"],"picked":"SKIP","floor":18},{"not_picked":["Redo","Hologram+1","Leap"],"picked":"SKIP","floor":22},{"not_picked":["Rip and Tear","Storm+1","Go for the Eyes"],"picked":"SKIP","floor":24},{"not_picked":["Electrodynamics","Heatsinks"],"picked":"Undo","floor":28},{"not_picked":["Double Energy","Melter","Compile Driver"],"picked":"SKIP","floor":30},{"not_picked":["Conserve Battery","Coolheaded","Doom and Gloom"],"picked":"SKIP","floor":31},{"not_picked":["Hologram","Conserve Battery","Compile Driver+1"],"picked":"SKIP","floor":35},{"not_picked":["Undo","Barrage"],"picked":"Beam Cell","floor":36},{"not_picked":["Conserve Battery+1","Barrage+1","Compile Driver"],"picked":"SKIP","floor":38},{"not_picked":["Defragment","Storm"],"picked":"Echo Form","floor":40},{"not_picked":["Capacitor","Go for the Eyes","Lockon"],"picked":"SKIP","floor":42},{"not_picked":["Conserve Battery","Ball Lightning","Sunder"],"picked":"SKIP","floor":45},{"not_picked":["Ball Lightning","FTL+1"],"picked":"Gash+1","floor":46},{"not_picked":["Steam Power","Aggregate","Darkness+1"],"picked":"SKIP","floor":48}],"player_experience":233498,"relics_obtained":[{"floor":6,"key":"War Paint"},{"floor":9,"key":"Art of War"},{"floor":14,"key":"Bag of Preparation"},{"floor":24,"key":"Meat on the Bone"},{"floor":26,"key":"Nunchaku"},{"floor":31,"key":"Ancient Tea Set"},{"floor":40,"key":"Lantern"},{"floor":40,"key":"Bottled Tornado"},{"floor":42,"key":"Regal Pillow"},{"floor":42,"key":"Smiling Mask"},{"floor":43,"key":"Toy Ornithopter"},{"floor":46,"key":"Juzu Bracelet"},{"floor":46,"key":"Akabeko"},{"floor":47,"key":"Torii"},{"floor":48,"key":"Shuriken"},{"floor":48,"key":"Centennial Puzzle"}],"event_choices":[{"damage_healed":0,"gold_gain":0,"player_choice":"Lose Max HP","damage_taken":0,"relics_obtained":["Golden Idol"],"max_hp_gain":0,"max_hp_loss":6,"event_name":"Golden Idol","floor":2,"gold_loss":0},{"cards_removed":["Strike_B"],"damage_healed":0,"gold_gain":0,"player_choice":"Card Removal","damage_taken":0,"max_hp_gain":0,"max_hp_loss":0,"event_name":"The Cleric","floor":3,"gold_loss":50},{"damage_healed":0,"gold_gain":52,"player_choice":"Gained Gold","damage_taken":0,"max_hp_gain":0,"max_hp_loss":0,"event_name":"Golden Wing","floor":7,"gold_loss":0},{"damage_healed":0,"gold_gain":0,"player_choice":"Inject Mutagens","damage_taken":0,"relics_obtained":["MutagenicStrength"],"max_hp_gain":0,"max_hp_loss":0,"event_name":"Drug Dealer","floor":20,"gold_loss":0},{"damage_healed":0,"gold_gain":0,"player_choice":"Ignored","damage_taken":0,"max_hp_gain":0,"max_hp_loss":0,"event_name":"Vampires","floor":21,"gold_loss":0},{"damage_healed":0,"gold_gain":0,"player_choice":"Upgraded","damage_taken":0,"max_hp_gain":0,"max_hp_loss":0,"event_name":"Upgrade Shrine","floor":25,"gold_loss":0,"cards_upgraded":["Zap"]},{"damage_healed":0,"gold_gain":0,"player_choice":"Ignored","damage_taken":0,"max_hp_gain":0,"max_hp_loss":0,"event_name":"The Moai Head","floor":37,"gold_loss":0},{"cards_removed":["Dualcast"],"damage_healed":0,"gold_gain":0,"player_choice":"Removed Skill","damage_taken":0,"max_hp_gain":0,"max_hp_loss":0,"event_name":"Falling","floor":39,"gold_loss":0},{"damage_healed":0,"gold_gain":0,"player_choice":"Upgraded","damage_taken":0,"max_hp_gain":0,"max_hp_loss":0,"event_name":"Upgrade Shrine","floor":44,"gold_loss":0,"cards_upgraded":["Echo Form"]},{"damage_healed":0,"gold_gain":0,"player_choice":"Fight","damage_taken":0,"max_hp_gain":0,"max_hp_loss":0,"event_name":"Mysterious Sphere","floor":47,"gold_loss":0}],"is_beta":false,"boss_relics":[{"not_picked":["Calling Bell","Inserter"],"picked":"Ectoplasm"},{"not_picked":["Coffee Dripper","Pandora\u0027s Box"],"picked":"Black Star"}],"items_purged_floors":[8,13,19],"is_endless":false,"potions_floor_spawned":[5,6,14,16,22,28,31,33,36,40,42,45,48],"ascension_level":12}}