{"host":"1ooxfz79hmpvpehx","time":1613439866,"event":{"mods":["BaseMod","Better Altar","Better Match","Better Note","Better Sensory Stone","Better Skull","Better Third Choice","Infinite Spire","Marked Mod","Minty Spire (QoL Compilation)","Quick Restart","RNG Fix","Replay The Spire","StSLib","SuperFastMode"],"gold_per_floor":[110,285,303,269,115,115,146,146,146,146,163,163,197,207,207,307,307,317,331,331,342,362,362,380,380,425,436,436,436,466,466,466,466,466],"floor_reached":33,"language":"ENG","playtime":733,"items_purged":["Doubt","Defend_B"],"score":325,"play_id":"4fc6dcdb-4110-47da-b2d0-18a44260429f","local_time":"20210215224426","is_ascension_mode":false,"campfire_choices":[{"data":"Poisoned Strike","floor":6,"key":"SMITH"},{"data":"Electrodynamics","floor":8,"key":"SMITH"},{"data":"Zap","floor":10,"key":"SMITH"},{"data":"Loop","floor":15,"key":"SMITH"},{"data":"infinitespire:Oblivion","floor":23,"key":"SMITH"},{"data":"Seek","floor":25,"key":"SMITH"},{"data":"Electrodynamics","floor":28,"key":"SMITH"},{"data":"infinitespire:Starlight","floor":32,"key":"SMITH"}],"circlet_count":0,"master_deck":["Strike_B","Strike_B","Strike_B","Defend_B","Defend_B","Defend_B","Zap+1","Dualcast","Poisoned Strike+1","Electrodynamics+1","Loop+1","Hologram","Electrodynamics+1","Injury","Seek+1","Dramatic Entrance","infinitespire:Oblivion+1","Tempest+1","Creative AI","infinitespire:Starlight+1"],"relics":["Cracked Core","NeowsBlessing","betterThird:SlimedRelic","BargainBundle","Durian","infinitespire:Broken Mirror","ReplayFunnel","Replay:Bottled Snecko","Incense Burner","ReplayTheSpireMod:SealedPack","Blue Doll","infinitespire:Lucky Rock"],"acts_visited":["Exordium","TheCity"],"potions_floor_usage":[13,13,13,16,24,24,30,33],"damage_taken":[{"damage":0,"enemies":"Jaw Worm","floor":1,"turns":1},{"damage":0,"enemies":"Cultist","floor":3,"turns":1},{"damage":0,"enemies":"Gremlin Nob","floor":7,"turns":1},{"damage":10,"enemies":"Small Slimes","floor":11,"turns":2},{"damage":0,"enemies":"3 Sentries","floor":13,"turns":3},{"damage":0,"enemies":"Exordium Thugs","floor":14,"turns":2},{"damage":35,"enemies":"Slime Boss","floor":16,"turns":8},{"damage":0,"enemies":"3 Byrds","floor":18,"turns":2},{"damage":0,"enemies":"Shell Parasite","floor":19,"turns":2},{"damage":12,"enemies":"Snake Plant","floor":21,"turns":3},{"damage":9,"enemies":"Centurion and Healer","floor":22,"turns":4},{"damage":0,"enemies":"Snecko","floor":24,"turns":3},{"damage":0,"enemies":"3 Cultists","floor":27,"turns":2},{"damage":22,"enemies":"Nightmare","floor":30,"turns":6},{"damage":38,"enemies":"Champ","floor":33,"turns":12}],"seed_played":"-8249160647655159459","potions_obtained":[{"floor":11,"key":"SkillPotion"},{"floor":13,"key":"Dexterity Potion"},{"floor":18,"key":"Toxic Potion"},{"floor":19,"key":"SpeedPotion"},{"floor":24,"key":"Dexterity Potion"},{"floor":27,"key":"SteroidPotion"}],"is_trial":false,"path_per_floor":["M","?","M","?","$","R","E","R","T","R","M","?","E","M","R","B",null,"M","M","AVR","M","M","R","M","R","T","M","R","?","NM","?","R","B"],"character_chosen":"DEFECT","items_purchased":["BargainBundle","EssenceOfSteel","Venom Potion","SpeedPotion","Durian","infinitespire:Broken Mirror","Poisoned Strike"],"campfire_rested":0,"item_purchase_floors":[5,5,5,5,5,5,5],"current_hp_per_floor":[75,75,75,64,69,69,69,69,69,69,59,52,52,52,52,17,80,80,80,80,68,59,59,59,59,59,59,59,59,37,18,18,0,0],"gold":466,"neow_bonus":"THREE_ENEMY_KILL","is_daily":false,"chose_seed":false,"campfire_upgraded":8,"win_rate":0.0,"timestamp":1613439866,"path_taken":["M","?","M","?","$","R","E","R","T","R","M","?","E","?","R","BOSS","M","M","AVR","M","M","R","M","R","T","M","R","?","NM","?","R","BOSS"],"items_purchased_type":["Relic","Potion","Potion","Potion","Relic","Relic","Card"],"build_version":"2020-12-22","purchased_purges":2,"victory":false,"max_hp_per_floor":[75,75,75,75,80,80,80,80,80,80,80,80,80,80,80,80,80,80,80,80,80,80,80,80,80,80,80,80,80,80,80,80,80,80],"card_choices":[{"not_picked":["Stack","Scrape","Sweeping Beam"],"picked":"SKIP","floor":1},{"not_picked":["Turbo","Sunder","BootSequence"],"picked":"SKIP","floor":3},{"not_picked":["Blizzard","Sweeping Beam"],"picked":"Electrodynamics","floor":7},{"not_picked":["Stack","Beam Cell"],"picked":"Loop","floor":11},{"not_picked":["Turbo","Cold Snap"],"picked":"Hologram","floor":13},{"not_picked":["Streamline","Undo","Sweeping Beam"],"picked":"SKIP","floor":14},{"not_picked":["Reboot","Core Surge"],"picked":"Electrodynamics","floor":16},{"not_picked":["Amplify","Machine Learning"],"picked":"Seek","floor":17},{"not_picked":["Swift Strike","Enlightenment"],"picked":"Dramatic Entrance","floor":17},{"not_picked":["ReplayTheSpireMod:??????????????????????","infinitespire:Gouge"],"picked":"infinitespire:Oblivion","floor":17},{"not_picked":["Coolheaded","Reinforced Body","Auto Shields+1"],"picked":"SKIP","floor":18},{"not_picked":["Meteor Strike","Redo","Crystallizer"],"picked":"SKIP","floor":19},{"not_picked":["Turbo","Consume","Compile Driver"],"picked":"SKIP","floor":21},{"not_picked":["Hologram","ReplayGash"],"picked":"Tempest+1","floor":22},{"not_picked":["Crystallizer+1","Consume","Leap"],"picked":"SKIP","floor":24},{"not_picked":["Skim","Barrage+1","Ball Lightning+1"],"picked":"SKIP","floor":27},{"not_picked":["Leap+1","Stack"],"picked":"Creative AI","floor":30},{"not_picked":["infinitespire:FinalStrike","infinitespire:Fortify"],"picked":"infinitespire:Starlight","floor":31}],"player_experience":16661,"relics_obtained":[{"floor":7,"key":"ReplayFunnel"},{"floor":9,"key":"Replay:Bottled Snecko"},{"floor":13,"key":"Incense Burner"},{"floor":30,"key":"infinitespire:Lucky Rock"}],"event_choices":[{"damage_healed":0,"gold_gain":175,"player_choice":"AGREE","damage_taken":110,"max_hp_gain":0,"max_hp_loss":0,"event_name":"betterThird:BetterSerpent","floor":2,"gold_loss":0},{"damage_healed":0,"gold_gain":0,"player_choice":"Slimed","damage_taken":11,"max_hp_gain":0,"max_hp_loss":0,"event_name":"betterThird:BetterGoop","floor":4,"gold_loss":34},{"cards_removed":["Strike_B"],"damage_healed":0,"gold_gain":0,"player_choice":"Card Removal","damage_taken":7,"max_hp_gain":0,"max_hp_loss":0,"event_name":"Golden Wing","floor":12,"gold_loss":0},{"cards_removed":["Electrodynamics"],"damage_healed":0,"gold_gain":0,"player_choice":"Give","damage_taken":0,"max_hp_gain":0,"max_hp_loss":0,"event_name":"betterNote:BetterNote","floor":29,"gold_loss":0,"cards_obtained":["Strike_B"]}],"is_beta":false,"boss_relics":[{"not_picked":["Ectoplasm","Kintsugi"],"picked":"ReplayTheSpireMod:SealedPack"}],"items_purged_floors":[5,20],"is_endless":false,"potions_floor_spawned":[11,13,18,19,24,27],"killed_by":"Champ","ascension_level":0}}