{"host":"mcdusr64esz012l0","time":1613448989,"event":{"mods":["BaseMod","Minty Spire (QoL Compilation)","Relic Stats"],"gold_per_floor":[115,129,140,155,81,81,81,116,163,163,188,188,188,199,199,278,278,292,12,12,12,12,47,47,81,81,0,0],"floor_reached":27,"language":"ENG","playtime":1099,"items_purged":["Clumsy"],"score":564,"play_id":"35939f34-1d35-4c9e-afac-666876538930","local_time":"20210215231629","is_ascension_mode":true,"campfire_choices":[{"floor":6,"key":"REST"},{"floor":10,"key":"REST"},{"floor":12,"key":"REST"},{"floor":15,"key":"REST"},{"floor":24,"key":"REST"}],"circlet_count":0,"master_deck":["AscendersBane","Strike_G","Strike_G","Strike_G","Strike_G","Defend_G","Defend_G","Defend_G","Defend_G","Survivor","Neutralize","Storm of Steel","Infinite Blades","Dagger Spray","Venomology","Skewer","Escape Plan","Cloak And Dagger","Deflect","Corpse Explosion","Catalyst","Well Laid Plans","Poisoned Stab","Necronomicurse","Leg Sweep"],"relics":["Ring of the Snake","Bottled Tornado","PreservedInsect","Happy Flower","NlothsMask","Black Star","Necronomicon","Shuriken","Boot","Orichalcum","The Specimen"],"acts_visited":["Exordium","TheCity"],"potions_floor_usage":[8,8,8,14,16,16,18,23,23,25,27],"damage_taken":[{"damage":1,"enemies":"Jaw Worm","floor":1,"turns":4},{"damage":7,"enemies":"Small Slimes","floor":2,"turns":4},{"damage":6,"enemies":"2 Louse","floor":3,"turns":3},{"damage":24,"enemies":"Lots of Slimes","floor":4,"turns":4},{"damage":24,"enemies":"Gremlin Nob","floor":8,"turns":4},{"damage":25,"enemies":"3 Sentries","floor":11,"turns":5},{"damage":0,"enemies":"2 Fungi Beasts","floor":14,"turns":2},{"damage":23,"enemies":"The Guardian","floor":16,"turns":12},{"damage":6,"enemies":"3 Byrds","floor":18,"turns":3},{"damage":0,"enemies":"Gremlin Leader","floor":23,"turns":2},{"damage":29,"enemies":"Book of Stabbing","floor":25,"turns":5},{"damage":28,"enemies":"2 Thieves","floor":27,"turns":3}],"seed_played":"-2455510346589137570","potions_obtained":[{"floor":3,"key":"Weak Potion"},{"floor":8,"key":"AttackPotion"},{"floor":16,"key":"Fire Potion"},{"floor":18,"key":"SteroidPotion"}],"is_trial":false,"path_per_floor":["M","M","M","M","?","R","?","E","T","R","E","R","?","M","R","B",null,"M","$","?","?","$","E","R","E","T","M"],"character_chosen":"THE_SILENT","items_purchased":["Well Laid Plans","DuplicationPotion","Poisoned Stab"],"campfire_rested":5,"item_purchase_floors":[19,19,19],"current_hp_per_floor":[58,51,45,21,21,40,22,10,10,29,4,23,23,23,42,19,54,48,48,48,27,27,27,46,17,17,0,0],"gold":0,"neow_bonus":"TRANSFORM_TWO_CARDS","is_daily":false,"chose_seed":false,"campfire_upgraded":0,"win_rate":0.0,"timestamp":1613448989,"path_taken":["M","M","M","M","?","R","?","E","T","R","E","R","?","?","R","BOSS","M","$","?","?","?","E","R","E","T","?"],"items_purchased_type":["Card","Potion","Card"],"build_version":"2020-12-22","purchased_purges":1,"victory":false,"max_hp_per_floor":[66,66,66,66,66,66,66,66,66,66,66,66,66,66,66,66,66,66,66,66,66,66,66,66,66,66,66,66],"relic_stats":{"Happy Flower":[9],"counters":[12,51],"Shuriken":[1],"PreservedInsect":128,"Black Star":2,"Necronomicon":[3],"Orichalcum":[6],"Boot":[8],"obtain_stats":[{"Happy Flower":11,"The Specimen":25,"Shuriken":23,"PreservedInsect":9,"Black Star":17,"Necronomicon":21,"Bottled Tornado":8,"Orichalcum":25,"Boot":23,"Ring of the Snake":0,"NlothsMask":13},{"Happy Flower":6,"The Specimen":11,"Shuriken":10,"PreservedInsect":5,"Black Star":8,"Necronomicon":9,"Bottled Tornado":5,"Orichalcum":11,"Boot":10,"Ring of the Snake":0,"NlothsMask":6},{"Happy Flower":24,"The Specimen":48,"Shuriken":43,"PreservedInsect":19,"Black Star":38,"Necronomicon":41,"Bottled Tornado":19,"Orichalcum":48,"Boot":43,"Ring of the Snake":0,"NlothsMask":24}],"Ring of the Snake":[24]},"card_choices":[{"not_picked":["Underhanded Strike","Cloak And Dagger"],"picked":"Dagger Spray","floor":1},{"not_picked":["Sucker Punch","Outmaneuver","Acrobatics"],"picked":"SKIP","floor":2},{"not_picked":["Calculated Gamble","Sucker Punch"],"picked":"Venomology","floor":3},{"not_picked":["Concentrate","Flying Knee"],"picked":"Skewer","floor":4},{"not_picked":["Prepared","Flechettes"],"picked":"Escape Plan","floor":8},{"not_picked":["Prepared","Sucker Punch"],"picked":"Cloak And Dagger","floor":11},{"not_picked":["Cloak And Dagger","Bane"],"picked":"Deflect","floor":14},{"not_picked":["Venomology","Die Die Die"],"picked":"Corpse Explosion","floor":16},{"not_picked":["Sucker Punch","Cloak And Dagger"],"picked":"Catalyst","floor":18},{"not_picked":["Backflip+1","Predator"],"picked":"Leg Sweep","floor":23},{"not_picked":["Flying Knee","Outmaneuver","Phantasmal Killer"],"picked":"SKIP","floor":25}],"player_experience":1057547,"relics_obtained":[{"floor":8,"key":"Bottled Tornado"},{"floor":9,"key":"PreservedInsect"},{"floor":11,"key":"Happy Flower"},{"floor":21,"key":"Necronomicon"},{"floor":23,"key":"Shuriken"},{"floor":23,"key":"Boot"},{"floor":25,"key":"Orichalcum"},{"floor":25,"key":"The Specimen"}],"event_choices":[{"damage_healed":0,"gold_gain":0,"player_choice":"Left Gold","damage_taken":0,"max_hp_gain":0,"max_hp_loss":0,"event_name":"World of Goop","floor":5,"gold_loss":74},{"damage_healed":0,"gold_gain":0,"player_choice":"Fled","damage_taken":18,"max_hp_gain":0,"max_hp_loss":0,"event_name":"Scrap Ooze","floor":7,"gold_loss":0},{"damage_healed":0,"gold_gain":0,"player_choice":"Trade","damage_taken":0,"relics_obtained":["NlothsMask"],"max_hp_gain":0,"max_hp_loss":0,"event_name":"FaceTrader","floor":13,"gold_loss":0},{"damage_healed":0,"gold_gain":0,"player_choice":"Obtained Book","damage_taken":21,"max_hp_gain":0,"max_hp_loss":0,"event_name":"Cursed Tome","floor":21,"gold_loss":0}],"is_beta":false,"boss_relics":[{"not_picked":["Snecko Eye","Calling Bell"],"picked":"Black Star"}],"items_purged_floors":[19],"is_endless":false,"potions_floor_spawned":[3,4,8,16,18],"killed_by":"2 Thieves","ascension_level":20}}