{"host":"0mhttqdumuceah7q","time":1613487938,"event":{"mods":["AchievementEnabler","BaseMod","Colored Map","DeckTracker","Minty Spire (QoL Compilation)","Permanent Neow"],"gold_per_floor":[113,126,141,155,174,203,203,222,222,237,262,232,232,257,257,257,257],"floor_reached":16,"language":"KOR","playtime":459,"items_purged":[],"score":143,"play_id":"418d5103-ebf3-4cf8-9d62-715a9d381122","local_time":"20210217000538","is_ascension_mode":true,"campfire_choices":[{"data":"Perfected Strike","floor":7,"key":"SMITH"},{"floor":13,"key":"REST"},{"floor":15,"key":"REST"}],"circlet_count":0,"master_deck":["Strike_R","Strike_R","Strike_R","Strike_R","Strike_R","Defend_R","Defend_R","Defend_R","Defend_R","Bash","Thunderclap+1","Cleave+1","Iron Wave","Perfected Strike","Cleave","Perfected Strike+1","Armaments","Inflame","Flex+1","Havoc+1"],"relics":["Burning Blood","Smiling Mask","Pantograph","Omamori","Toxic Egg 2","Whetstone"],"acts_visited":["Exordium"],"potions_floor_usage":[14,14],"damage_taken":[{"damage":11,"enemies":"Cultist","floor":1,"turns":4},{"damage":5,"enemies":"Small Slimes","floor":2,"turns":4},{"damage":6,"enemies":"2 Louse","floor":3,"turns":2},{"damage":19,"enemies":"Blue Slaver","floor":4,"turns":4},{"damage":1,"enemies":"Exordium Wildlife","floor":5,"turns":3},{"damage":27,"enemies":"Gremlin Nob","floor":6,"turns":4},{"damage":11,"enemies":"Looter","floor":8,"turns":2},{"damage":11,"enemies":"3 Louse","floor":10,"turns":3},{"damage":30,"enemies":"3 Sentries","floor":11,"turns":7},{"damage":35,"enemies":"Lagavulin","floor":14,"turns":6},{"damage":57,"enemies":"The Guardian","floor":16,"turns":7}],"seed_played":"-38461283647371276","potions_obtained":[{"floor":1,"key":"Swift Potion"},{"floor":4,"key":"GamblersBrew"},{"floor":5,"key":"CultistPotion"},{"floor":8,"key":"LiquidBronze"}],"is_trial":false,"path_per_floor":["M","M","M","M","M","E","R","M","T","M","E","?","R","E","R","B"],"character_chosen":"IRONCLAD","items_purchased":[],"campfire_rested":2,"item_purchase_floors":[],"current_hp_per_floor":[75,76,76,63,68,47,47,42,42,37,13,13,37,8,32,0,0],"gold":257,"neow_bonus":"RANDOM_COMMON_RELIC","is_daily":false,"chose_seed":false,"campfire_upgraded":1,"win_rate":0.0,"timestamp":1613487938,"path_taken":["M","M","M","M","M","E","R","M","T","M","E","?","R","E","R","BOSS"],"items_purchased_type":[],"build_version":"2020-12-22","purchased_purges":0,"victory":false,"max_hp_per_floor":[80,80,80,80,80,80,80,80,80,80,80,80,80,80,80,80,80],"card_choices":[{"not_picked":["Disarm","Heavy Blade"],"picked":"Thunderclap","floor":1},{"not_picked":["Clothesline","Thunderclap"],"picked":"Cleave","floor":2},{"not_picked":["Flame Barrier","Dual Wield"],"picked":"Iron Wave","floor":3},{"not_picked":["Body Slam","Flame Barrier"],"picked":"Perfected Strike","floor":4},{"not_picked":["Armaments","Hemokinesis"],"picked":"Cleave","floor":5},{"not_picked":["Sever Soul","Bludgeon"],"picked":"Perfected Strike","floor":6},{"not_picked":["Blood for Blood","Havoc"],"picked":"Armaments","floor":8},{"not_picked":["Whirlwind","Warcry"],"picked":"Inflame","floor":10},{"not_picked":["Twin Strike","Fire Breathing"],"picked":"Flex+1","floor":11},{"not_picked":["Metallicize","Thunderclap"],"picked":"Havoc+1","floor":14}],"player_experience":118452,"relics_obtained":[{"floor":6,"key":"Pantograph"},{"floor":9,"key":"Omamori"},{"floor":11,"key":"Toxic Egg 2"},{"floor":14,"key":"Whetstone"}],"event_choices":[{"damage_healed":0,"gold_gain":0,"player_choice":"Left Gold","damage_taken":0,"max_hp_gain":0,"max_hp_loss":0,"event_name":"World of Goop","floor":12,"gold_loss":30}],"is_beta":false,"boss_relics":[],"items_purged_floors":[],"is_endless":false,"potions_floor_spawned":[1,4,5,8,10,11],"killed_by":"The Guardian","ascension_level":3}}