{"host":"7e6a7vfmtx61a48y","time":1613472788,"event":{"mods":["BaseMod","Better Note","BetterRewards","Block Reminder","Colored Powertips","Curses Come First","Gremlin Skip","Hubris","Minty Spire (QoL Compilation)","Quick Restart","Rare Cards Sparkle","Reliquary","StSLib","SuperFastMode"],"gold_per_floor":[114,125,137,149,168,168,202,202,202,221,221,221,221,254,254,355,355,367,147,147,47,63,63,98,109,109,144,144,144,155,170,170,170,170],"floor_reached":33,"language":"ENG","playtime":1118,"items_purged":["Strike_R","Bash"],"score":515,"play_id":"f670942e-29c4-43e7-b4f1-735098598b05","local_time":"20210216185308","is_ascension_mode":true,"campfire_choices":[{"data":"Searing Blow","floor":6.0,"key":"SMITH"},{"floor":12.0,"key":"REST"},{"floor":15.0,"key":"REST"},{"data":"Searing Blow+2","floor":23.0,"key":"SMITH"},{"data":"Searing Blow+3","floor":28.0,"key":"SMITH"},{"floor":32.0,"key":"REST"}],"circlet_count":0,"master_deck":["AscendersBane","Strike_R","Strike_R","Strike_R","Strike_R","Defend_R","Defend_R","Defend_R","Defend_R+1","Shockwave+1","Searing Blow+5","Iron Wave","Inflame","hubris:StunningStrike","Pommel Strike","Spot Weakness","Anger"],"relics":["Burning Blood","Incense Burner","TungstenRod","Lantern","Red Skull","Black Star","ClockworkSouvenir","MutagenicStrength","hubris:64BitClover","PreservedInsect","hubris:Metronome","reliquary:RosewoodLute","reliquary:TuningFork"],"acts_visited":["Exordium","TheCity"],"potions_floor_usage":[],"damage_taken":[{"damage":6.0,"enemies":"2 Louse","floor":1.0,"turns":3.0},{"damage":8.0,"enemies":"Small Slimes","floor":2.0,"turns":4.0},{"damage":2.0,"enemies":"Cultist","floor":3.0,"turns":4.0},{"damage":5.0,"enemies":"Blue Slaver","floor":4.0,"turns":5.0},{"damage":15.0,"enemies":"Large Slime","floor":5.0,"turns":8.0},{"damage":45.0,"enemies":"Lagavulin","floor":7.0,"turns":6.0},{"damage":1.0,"enemies":"Looter","floor":10.0,"turns":4.0},{"damage":5.0,"enemies":"Gremlin Nob","floor":14.0,"turns":4.0},{"damage":47.0,"enemies":"Slime Boss","floor":16.0,"turns":14.0},{"damage":15.0,"enemies":"2 Thieves","floor":18.0,"turns":4.0},{"damage":1.0,"enemies":"Chosen","floor":22.0,"turns":4.0},{"damage":9.0,"enemies":"Book of Stabbing","floor":24.0,"turns":5.0},{"damage":7.0,"enemies":"Snecko","floor":25.0,"turns":3.0},{"damage":0.0,"enemies":"Gremlin Leader","floor":27.0,"turns":3.0},{"damage":21.0,"enemies":"Snake Plant","floor":30.0,"turns":4.0},{"damage":22.0,"enemies":"Cultist and Chosen","floor":31.0,"turns":5.0},{"damage":66,"enemies":"Automaton","floor":33,"turns":6}],"seed_played":"-1203899541095464629","potions_obtained":[{"floor":3.0,"key":"DistilledChaos"},{"floor":4.0,"key":"SteroidPotion"},{"floor":5.0,"key":"LiquidMemories"},{"floor":16.0,"key":"LiquidMemories"},{"floor":18.0,"key":"Strength Potion"},{"floor":25.0,"key":"Explosive Potion"}],"is_trial":false,"path_per_floor":["M","M","M","M","M","R","E","?","T","M","?","R","?","E","R","B",null,"M","$","?","$","M","R","E","M","T","E","R","?","M","M","R","B"],"character_chosen":"IRONCLAD","items_purchased":["Searing Blow","ClockworkSouvenir"],"campfire_rested":3,"item_purchase_floors":[0,19],"current_hp_per_floor":[72,70,74,75,66,66,27,12,12,17,17,41,41,42,66,25,66,57,57,57,57,62,62,59,58,58,64,64,64,49,33,57,0,0],"gold":170,"neow_bonus":"","is_daily":false,"chose_seed":false,"campfire_upgraded":3,"win_rate":0.0,"timestamp":1613472788,"path_taken":["M","M","M","M","M","R","E","?","T","M","?","R","?","E","R","BOSS","M","$","?","$","M","R","E","M","T","E","R","?","M","M","R","BOSS"],"items_purchased_type":["Card","Relic"],"build_version":"2020-12-22","purchased_purges":2,"victory":false,"max_hp_per_floor":[80,80,80,80,80,80,80,80,80,80,80,80,80,80,80,80,80,80,80,80,80,80,80,80,80,80,80,80,80,80,80,80,80,80],"card_choices":[{"not_picked":["hubris:ReadiedAction","Clash","Feel No Pain"],"picked":"SKIP","floor":1.0},{"not_picked":["Uppercut","Burning Pact"],"picked":"Iron Wave","floor":2.0},{"not_picked":["Havoc","Sever Soul","Perfected Strike"],"picked":"SKIP","floor":3.0},{"not_picked":["Metallicize","Clothesline","Perfected Strike"],"picked":"SKIP","floor":4.0},{"not_picked":["Shockwave","Sword Boomerang","Warcry"],"picked":"SKIP","floor":5.0},{"not_picked":["Feel No Pain","Power Through","Bloodletting"],"picked":"SKIP","floor":7.0},{"not_picked":["Blood for Blood","Warcry"],"picked":"Inflame","floor":10.0},{"not_picked":["Metallicize","Burning Pact","Offering"],"picked":"SKIP","floor":14.0},{"not_picked":["Bludgeon","Double Tap"],"picked":"hubris:StunningStrike","floor":16.0},{"not_picked":["Thunderclap","Clash"],"picked":"Pommel Strike","floor":18.0},{"not_picked":["Armaments","Sword Boomerang"],"picked":"Spot Weakness","floor":22.0},{"not_picked":["Warcry","Searing Blow","Spot Weakness"],"picked":"SKIP","floor":24.0},{"not_picked":["Infernal Blade","Entrench","Pommel Strike"],"picked":"SKIP","floor":25.0},{"not_picked":["Headbutt","Whirlwind","Sword Boomerang"],"picked":"SKIP","floor":27.0},{"not_picked":["Dark Embrace","Clothesline","Battle Trance"],"picked":"SKIP","floor":30.0},{"not_picked":["Dual Wield","Barricade"],"picked":"Anger","floor":31.0}],"player_experience":359063,"relics_obtained":[{"floor":7.0,"key":"TungstenRod"},{"floor":9.0,"key":"Lantern"},{"floor":14.0,"key":"Red Skull"},{"floor":24.0,"key":"hubris:64BitClover"},{"floor":24.0,"key":"PreservedInsect"},{"floor":26.0,"key":"hubris:Metronome"},{"floor":27.0,"key":"reliquary:RosewoodLute"},{"floor":27.0,"key":"reliquary:TuningFork"}],"event_choices":[{"damage_healed":0.0,"max_hp_gain":0.0,"max_hp_loss":0.0,"gold_gain":0.0,"event_name":"Shining Light","player_choice":"Entered Light","floor":8.0,"gold_loss":0.0,"damage_taken":16.0,"cards_upgraded":["Defend_R","Shockwave"]},{"damage_healed":0.0,"max_hp_gain":0.0,"max_hp_loss":0.0,"gold_gain":0.0,"event_name":"Liars Game","player_choice":"Ignored","floor":11.0,"gold_loss":0.0,"damage_taken":0.0},{"damage_healed":0.0,"max_hp_gain":0.0,"max_hp_loss":0.0,"gold_gain":0.0,"event_name":"Living Wall","player_choice":"Grow","floor":13.0,"gold_loss":0.0,"damage_taken":0.0,"cards_upgraded":["Searing Blow"]},{"damage_healed":0.0,"max_hp_gain":0.0,"max_hp_loss":0.0,"gold_gain":0.0,"event_name":"Drug Dealer","player_choice":"Inject Mutagens","floor":20.0,"gold_loss":0.0,"damage_taken":0.0,"relics_obtained":["MutagenicStrength"]}],"is_beta":false,"boss_relics":[{"not_picked":["Cursed Key","Pandora\u0027s Box"],"picked":"Black Star"}],"items_purged_floors":[19,21],"is_endless":false,"potions_floor_spawned":[3,4,5,16,18,22,25],"killed_by":"Automaton","ascension_level":12}}