{"host":"7cp3z5w0tcrrm8ys","time":1613468400,"event":{"mods":["AchievementEnabler","BaseMod","DeckTracker","Minty Spire (QoL Compilation)","StSLib","SuperFastMode"],"gold_per_floor":[110,110,110,127,137,170,182,193,217,230,230,245,45,145,145,221,221,233,70,89,100,15,33,33,33,59,59,70,70,101,111,111,111,111],"floor_reached":33,"language":"KOR","playtime":614,"items_purged":[],"score":592,"play_id":"f7c1166d-32c0-4fec-929e-1c211c2ab803","local_time":"20210216184000","is_ascension_mode":true,"campfire_choices":[{"floor":11,"key":"REST"},{"data":"Disarm","floor":15,"key":"SMITH"},{"data":"Perfected Strike","floor":25,"key":"SMITH"},{"data":"Perfected Strike","floor":27,"key":"SMITH"},{"floor":29,"key":"REST"},{"floor":32,"key":"REST"}],"circlet_count":0,"master_deck":["AscendersBane","Strike_R","Strike_R","Strike_R","Strike_R","Strike_R+1","Defend_R","Defend_R","Defend_R","Bash","Perfected Strike+1","Shrug It Off","Thunderclap+1","Bloodletting","Pommel Strike","Ghostly Armor","Disarm+1","Perfected Strike+1","Evolve","Disarm","Bloodletting","Cleave","Perfected Strike","Offering","Pommel Strike","Flame Barrier","Power Through","Evolve","Shrug It Off+1","Combust+1","Twin Strike","Shockwave+1","Twin Strike","Perfected Strike","Twin Strike+1","Headbutt"],"relics":["Burning Blood","NeowsBlessing","Prayer Wheel","Nunchaku","Whetstone","Sozu","Orrery","Art of War","Orichalcum","Strawberry"],"acts_visited":["Exordium","TheCity"],"potions_floor_usage":[6,8],"damage_taken":[{"damage":0,"enemies":"2 Louse","floor":1,"turns":1},{"damage":0,"enemies":"Cultist","floor":4,"turns":1},{"damage":0,"enemies":"Small Slimes","floor":5,"turns":1},{"damage":49,"enemies":"Lagavulin","floor":6,"turns":6},{"damage":15,"enemies":"Exordium Thugs","floor":7,"turns":4},{"damage":3,"enemies":"2 Fungi Beasts","floor":8,"turns":3},{"damage":12,"enemies":"Exordium Wildlife","floor":10,"turns":4},{"damage":16,"enemies":"Exordium Thugs","floor":12,"turns":5},{"damage":29,"enemies":"The Guardian","floor":16,"turns":12},{"damage":7,"enemies":"Chosen","floor":18,"turns":3},{"damage":0,"enemies":"Spheric Guardian","floor":20,"turns":3},{"damage":23,"enemies":"Shelled Parasite and Fungi","floor":21,"turns":7},{"damage":4,"enemies":"Snecko","floor":23,"turns":4},{"damage":15,"enemies":"Cultist and Chosen","floor":28,"turns":5},{"damage":29,"enemies":"Book of Stabbing","floor":30,"turns":3},{"damage":33,"enemies":"Shelled Parasite and Fungi","floor":31,"turns":3},{"damage":81,"enemies":"Automaton","floor":33,"turns":6}],"seed_played":"1227835682505059732","potions_obtained":[{"floor":4,"key":"Strength Potion"},{"floor":7,"key":"SkillPotion"}],"is_trial":false,"path_per_floor":["M","?","?","M","M","E","M","M","T","M","R","M","$","?","R","B",null,"M","$","M","M","?","M","$","R","T","R","M","R","E","M","R","B"],"character_chosen":"IRONCLAD","items_purchased":["Perfected Strike","Whetstone","Orrery"],"campfire_rested":3,"item_purchase_floors":[13,13,19],"current_hp_per_floor":[74,79,79,80,80,37,28,31,31,25,49,39,39,39,39,16,64,63,63,69,52,52,54,54,54,54,54,45,69,53,26,52,0,0],"gold":111,"neow_bonus":"THREE_ENEMY_KILL","is_daily":false,"chose_seed":false,"campfire_upgraded":3,"win_rate":0.0,"timestamp":1613468400,"path_taken":["M","?","?","?","M","E","M","M","T","M","R","M","$","?","R","BOSS","M","$","M","M","?","M","$","R","T","R","M","R","E","M","R","BOSS"],"items_purchased_type":["Card","Relic","Relic"],"build_version":"2020-12-22","purchased_purges":0,"victory":false,"max_hp_per_floor":[75,80,80,80,80,80,80,80,80,80,80,80,80,80,80,80,80,80,80,80,80,80,80,80,80,80,80,80,80,87,87,87,87,87],"card_choices":[{"not_picked":["Clash","Iron Wave"],"picked":"Perfected Strike","floor":1},{"not_picked":["Headbutt","Anger"],"picked":"Thunderclap","floor":4},{"not_picked":["Heavy Blade","Headbutt"],"picked":"Bloodletting","floor":5},{"not_picked":["Heavy Blade","Fire Breathing"],"picked":"Pommel Strike","floor":6},{"not_picked":["Twin Strike","Rage"],"picked":"Ghostly Armor","floor":7},{"not_picked":["Anger","Iron Wave"],"picked":"Disarm","floor":7},{"not_picked":["Whirlwind","Pommel Strike"],"picked":"Perfected Strike","floor":8},{"not_picked":["Dual Wield","Havoc"],"picked":"Evolve","floor":8},{"not_picked":["Intimidate","Blood for Blood"],"picked":"Disarm","floor":10},{"not_picked":["Havoc","Clash","Anger"],"picked":"SKIP","floor":10},{"not_picked":["Hemokinesis","Evolve"],"picked":"Bloodletting","floor":12},{"not_picked":["Brutality","Dual Wield"],"picked":"Cleave","floor":12},{"not_picked":["Demon Form","Bludgeon"],"picked":"Offering","floor":16},{"not_picked":["Thunderclap","Heavy Blade"],"picked":"Pommel Strike","floor":18},{"not_picked":["Carnage","Pummel","Rampage"],"picked":"SKIP","floor":18},{"not_picked":["Anger","Wild Strike"],"picked":"Flame Barrier","floor":19},{"not_picked":["Pommel Strike","Blood for Blood"],"picked":"Power Through","floor":19},{"not_picked":["Sever Soul","Warcry"],"picked":"Evolve","floor":19},{"not_picked":["Headbutt","Disarm"],"picked":"Shrug It Off+1","floor":19},{"not_picked":["Flex","Cleave"],"picked":"Combust+1","floor":19},{"not_picked":["Dark Embrace","Warcry"],"picked":"Twin Strike","floor":20},{"not_picked":["Searing Blow+1","Cleave"],"picked":"Shockwave+1","floor":20},{"not_picked":["Spot Weakness","Feel No Pain","Searing Blow+1"],"picked":"SKIP","floor":21},{"not_picked":["Iron Wave","Dual Wield+1","Entrench"],"picked":"SKIP","floor":21},{"not_picked":["Infernal Blade","Cleave"],"picked":"Twin Strike","floor":23},{"not_picked":["Armaments","Reaper"],"picked":"Perfected Strike","floor":23},{"not_picked":["Headbutt","Infernal Blade"],"picked":"Twin Strike+1","floor":28},{"not_picked":["Metallicize","Thunderclap","Anger"],"picked":"SKIP","floor":28},{"not_picked":["Clash","Pummel"],"picked":"Headbutt","floor":30},{"not_picked":["Shockwave","Infernal Blade","Thunderclap"],"picked":"SKIP","floor":31},{"not_picked":["Iron Wave","Pummel","Rampage"],"picked":"SKIP","floor":31}],"player_experience":816630,"relics_obtained":[{"floor":6,"key":"Prayer Wheel"},{"floor":9,"key":"Nunchaku"},{"floor":26,"key":"Orichalcum"},{"floor":30,"key":"Strawberry"}],"event_choices":[{"damage_healed":0,"gold_gain":0,"player_choice":"Donut","damage_taken":0,"max_hp_gain":5,"max_hp_loss":0,"event_name":"Big Fish","floor":2,"gold_loss":0},{"damage_healed":0,"gold_gain":0,"cards_transformed":["Defend_R"],"player_choice":"Transformed","damage_taken":0,"max_hp_gain":0,"max_hp_loss":0,"event_name":"Transmorgrifier","floor":3,"gold_loss":0,"cards_obtained":["Shrug It Off"]},{"damage_healed":0,"gold_gain":100,"player_choice":"Gold","damage_taken":0,"max_hp_gain":0,"max_hp_loss":0,"event_name":"Wheel of Change","floor":14,"gold_loss":0},{"damage_healed":0,"gold_gain":0,"player_choice":"Obtained Relic","damage_taken":0,"relics_obtained":["Art of War"],"max_hp_gain":0,"max_hp_loss":0,"event_name":"Addict","floor":22,"gold_loss":85}],"is_beta":false,"boss_relics":[{"not_picked":["Runic Cube","Astrolabe"],"picked":"Sozu"}],"items_purged_floors":[],"is_endless":false,"potions_floor_spawned":[4,7,18,20,23],"killed_by":"Automaton","ascension_level":20}}