{"host":"ox77rn1xcurm2t5a","time":1613509207,"event":{"mods":["2.2 Compatiblity","AchievementEnabler","Act Like it!","Aspiration","BaseMod","Best Route Mod","Better Match","Better Note","Better Sensory Stone","Block Reminder","Colored Map","Colored Powertips","Conjunction","Conspire","Custom Start","Energized Spire","GifTheSpireLib","Gold Saver","Gremlin Skip","Halation","Highlight Path","Hubris","Infinite Spire","Minty Spire (QoL Compilation)","Pale of the Ancients","Quick Restart","Replay The Spire","Reworked Bosses","ShortenTheSpire","Spire Exporter","StSLib","Stuff the Spire","Wandering Minibosses"],"gold_per_floor":[369,294,311,330,330,330,363,363,436,462,115,115,115,67,67,168,168,180,180,180,140,153,180,198,198,221,252,252,252,271,46,46,149,149,169,181,195,215,234,234,234,234],"floor_reached":41,"language":"ENG","playtime":3638,"items_purged":["Defend_R","Defend_R","Strike_R"],"score":527,"play_id":"b144be4a-d694-498c-88d5-4d3bf95d36d9","local_time":"20210216230007","is_ascension_mode":true,"campfire_choices":[{"floor":6.0,"key":"RECALL"},{"data":"Bash","floor":8.0,"key":"SMITH"},{"data":"Spot Weakness","floor":15.0,"key":"SMITH"},{"floor":25.0,"key":"REST"},{"data":"Metallicize","floor":29.0,"key":"SMITH"},{"floor":32.0,"key":"REST"},{"floor":40,"key":"REST"}],"circlet_count":0,"master_deck":["Strike_R+1","Strike_R","Strike_R+2","Strike_R","Defend_R+1","Defend_R+1","Bash+1","Clash","Cleave+1","Perfected Strike","Spot Weakness+1","Thunderclap","Cleave","Pommel Strike","Metallicize+1","Perfected Strike","Perfected Strike","Demon Form+1","Thunderclap+1","Clash","Inflame"],"relics":["Burning Blood","Simple Rune","Gremlin Food","Whetstone","Brimstone","ReplayFunnel","energizedSpire:MagnifyingGlass","Pet Ghost","Replay:Wax Seal","Bottled Flame","Shuriken","conspire:RoyalGoblet"],"acts_visited":["Exordium","TheCity","TheBeyond"],"potions_floor_usage":[41],"damage_taken":[{"damage":6.0,"enemies":"Cultist","floor":1.0,"turns":3.0},{"damage":12.0,"enemies":"Jaw Worm","floor":3.0,"turns":3.0},{"damage":7.0,"enemies":"Small Slimes","floor":4.0,"turns":3.0},{"damage":40.0,"enemies":"Lagavulin","floor":7.0,"turns":6.0},{"damage":5.0,"enemies":"Gremlin Nob","floor":10.0,"turns":3.0},{"damage":39.0,"enemies":"The Guardian","floor":16.0,"turns":9.0},{"damage":13.0,"enemies":"Spheric Guardian","floor":18.0,"turns":3.0},{"damage":6.0,"enemies":"3 Byrds","floor":22.0,"turns":3.0},{"damage":21.0,"enemies":"Gremlin Leader","floor":23.0,"turns":3.0},{"damage":36.0,"enemies":"Centurion and Healer","floor":24.0,"turns":4.0},{"damage":38.0,"enemies":"Book of Stabbing","floor":27.0,"turns":5.0},{"damage":0.0,"enemies":"Snecko","floor":30.0,"turns":3.0},{"damage":27.0,"enemies":"bossMod:newChamp","floor":33.0,"turns":6.0},{"damage":20.0,"enemies":"Orb Walker","floor":35.0,"turns":3.0},{"damage":15.0,"enemies":"3 Darklings","floor":36.0,"turns":3.0},{"damage":20.0,"enemies":"4 Shapes","floor":37.0,"turns":4.0},{"damage":42.0,"enemies":"Writhing Mass","floor":38.0,"turns":5.0},{"damage":4,"enemies":"Sphere and 2 Shapes","floor":39,"turns":3},{"damage":44,"enemies":"Giant Head","floor":41,"turns":5}],"seed_played":"5706428371616678022","potions_obtained":[{"floor":1.0,"key":"Ancient Potion"},{"floor":4.0,"key":"ColorlessPotion"},{"floor":21.0,"key":"Energy Potion"},{"floor":21.0,"key":"Toxic Potion"},{"floor":21.0,"key":"Weak Potion"},{"floor":22.0,"key":"AttackPotion"},{"floor":24.0,"key":"Block Potion"},{"floor":27.0,"key":"Ancient Potion"},{"floor":30.0,"key":"AttackPotion"},{"floor":35.0,"key":"SteroidPotion"},{"floor":39,"key":"Venom Potion"}],"is_trial":false,"path_per_floor":["M","$","M","M","?","R","E","R","T","E","$","?","$","$","R","B",null,"M","?","?","?","M","E","M","R","T","E","AVR","R","M","$","R","B",null,"M","M","M","M","M","R","E"],"character_chosen":"IRONCLAD","items_purchased":["Thunderclap","Brimstone","ReplayFunnel","Cleave","AttackPotion","Languid Potion"],"campfire_rested":3,"item_purchase_floors":[11,11,11,14,31,31],"current_hp_per_floor":[80,80,74,73,73,73,39,39,39,40,40,40,40,40,40,7,80,73,73,73,73,73,58,28,52,52,20,20,20,26,26,50,29,80,66,57,43,7,9,33,0,0],"gold":234,"neow_bonus":"RANDOM_COMMON_RELIC","is_daily":false,"chose_seed":false,"campfire_upgraded":3,"win_rate":0.0,"timestamp":1613509207,"path_taken":["M","?","M","M","?","R","E","R","T","E","$","?","?","$","R","BOSS","M","?","?","?","?","E","M","R","T","E","AVR","R","?","?","R","BOSS","M","M","M","M","M","R","E"],"items_purchased_type":["Card","Relic","Relic","Card","Potion","Potion"],"build_version":"2020-12-22","purchased_purges":3,"victory":false,"max_hp_per_floor":[80,80,80,80,80,80,80,80,80,80,80,80,80,80,80,80,80,80,80,80,80,80,80,80,80,80,80,80,80,80,80,80,80,80,80,80,80,80,80,80,80,80],"card_choices":[{"not_picked":["ReplayTheSpireMod:Stacked","Run Through"],"picked":"Clash","floor":1.0},{"not_picked":["Blood for Blood","Pommel Strike"],"picked":"Cleave","floor":3.0},{"not_picked":["StuffTheSpire:BloodClot","Sentinel","Replay:Undeath\u0027s Touch"],"picked":"SKIP","floor":4.0},{"not_picked":["Inflame","StuffTheSpire:Resist"],"picked":"Perfected Strike","floor":7.0},{"not_picked":["Clash","Flex"],"picked":"Spot Weakness","floor":10.0},{"not_picked":["Flex","Combust"],"picked":"Pommel Strike","floor":18.0},{"not_picked":["hubris:ReadiedAction+1","Sword Boomerang"],"picked":"Metallicize","floor":22.0},{"not_picked":["Defy Death","Eclipse","Flex"],"picked":"SKIP","floor":23.0},{"not_picked":["True Grit","Pommel Strike+1"],"picked":"Perfected Strike","floor":24.0},{"not_picked":["Massacre+1","Heavy Blade"],"picked":"Perfected Strike","floor":27.0},{"not_picked":["Twin Strike","Power Through","StuffTheSpire:RockThrow+1"],"picked":"SKIP","floor":30.0},{"not_picked":["Impervious","Feed"],"picked":"Demon Form","floor":33.0},{"not_picked":["StuffTheSpire:Slingshot+1","StuffTheSpire:Incineration","Run Through"],"picked":"SKIP","floor":35.0},{"not_picked":["Heavy Blade+1","Shrug It Off"],"picked":"Thunderclap+1","floor":36.0},{"not_picked":["StuffTheSpire:Slingshot","Flex+1","Blood for Blood+1"],"picked":"SKIP","floor":37.0},{"not_picked":["hubris:ReadiedAction","Cleave+1"],"picked":"Clash","floor":38.0},{"not_picked":["Rampage","ReplayTheSpireMod:Corrosion Curse"],"picked":"Inflame","floor":39}],"player_experience":3119618,"relics_obtained":[{"floor":7.0,"key":"Gremlin Food"},{"floor":10.0,"key":"Whetstone"},{"floor":23.0,"key":"Pet Ghost"},{"floor":26.0,"key":"Replay:Wax Seal"},{"floor":27.0,"key":"Bottled Flame"}],"event_choices":[{"damage_healed":0.0,"max_hp_gain":0.0,"max_hp_loss":0.0,"gold_gain":0.0,"event_name":"betterNote:BetterNote","player_choice":"Ignored","floor":19.0,"gold_loss":0.0,"damage_taken":0.0,"cards_obtained":["Strike_P"]},{"damage_healed":0.0,"max_hp_gain":0.0,"max_hp_loss":0.0,"gold_gain":0.0,"event_name":"conspire:Investor","player_choice":"Leave","floor":20.0,"gold_loss":0.0,"damage_taken":0.0},{"damage_healed":0.0,"max_hp_gain":0.0,"max_hp_loss":0.0,"gold_gain":0.0,"event_name":"The Woman in Blue","player_choice":"Bought 3 Potions","floor":21.0,"gold_loss":0.0,"damage_taken":0.0}],"is_beta":false,"boss_relics":[{"not_picked":["Honey Jar","Replay:Drink Me"],"picked":"energizedSpire:MagnifyingGlass"},{"not_picked":["aspiration:DefectSkillbook","energizedSpire:NeverEndingSparkler"],"picked":"conspire:RoyalGoblet"}],"items_purged_floors":[2,28,31],"is_endless":false,"potions_floor_spawned":[1,4,22,24,27,30,35,39],"killed_by":"Giant Head","ascension_level":4}}