{"host":"81h68oe4mr04pk3r","time":1613452889,"event":{"mods":["Act Like it!","Aspiration","BaseMod","BetterRewards","Colored Map","Colored Powertips","Conspire","Downfall","Gensokyo","Hallownest","Hermit","Hubris","Infinite Spire","Jorbs\u0027s Wanderer Trilogy","Koishi","Lobotomy","LobotomyExtend","Marisa????????","Minty Spire (QoL Compilation)","Quick Restart","Reimu??????","Remilia??????","StSLib","The Bug Knight","The Construct","The Cursed","The Disciple","The Servant 0.9.4"],"gold_per_floor":[109,119,7,27,39,71,282,282,282,282,301,301,326,338,350,461,473,498,510,535,563,575,575],"floor_reached":22,"language":"ENG","playtime":998,"items_purged":[],"score":198,"play_id":"01e26e53-2126-4380-ab7c-53a663cf5a6a","local_time":"20210215212129","is_ascension_mode":false,"campfire_choices":[{"floor":12,"key":"REST"},{"data":"EnergyRecoil","floor":15,"key":"SMITH"}],"circlet_count":0,"master_deck":["Strike_MRS+1","Strike_MRS","Strike_MRS","Strike_MRS","Defend_MRS","Defend_MRS","Defend_MRS","Defend_MRS","MasterSpark","UpSweep","ShootingEcho","ChargingUp","MilkyWay","ShootingEcho","GrandCross","GasGiant","EnergyRecoil+1","BinaryStars","WitchLeyline","Singularity+1","SprinkleStarSeal"],"relics":["MiniHakkero","NeowsBlessing","LetterFromLob","ScarletDevilRocket","Sundial","construct:RocketBooster","MawBank","hubris:Towel"],"acts_visited":["Gensokyo:Gensokyo","Gensokyo:Gensokyoer"],"potions_floor_usage":[6,13,13],"damage_taken":[{"damage":0,"enemies":"Gensokyo:2_Kodama","floor":1,"turns":1},{"damage":0,"enemies":"Gensokyo:3_Fairies","floor":2,"turns":2},{"damage":0,"enemies":"Gensokyo:Gryphon","floor":4,"turns":1},{"damage":18,"enemies":"Gensokyo:2_Rabbits","floor":5,"turns":6},{"damage":4,"enemies":"Gensokyo:Mamizou","floor":6,"turns":7},{"damage":5,"enemies":"Gensokyo:VengefulSpirit","floor":7,"turns":5},{"damage":0,"enemies":"Gensokyo:LivingMonolith","floor":11,"turns":3},{"damage":2,"enemies":"Gensokyo:Aya","floor":13,"turns":4},{"damage":42,"enemies":"Gensokyo:Kokoro","floor":16,"turns":13},{"damage":14,"enemies":"Gensokyo:CosmicMonolith","floor":18,"turns":5},{"damage":4,"enemies":"Gensokyo:Chomper","floor":20,"turns":3},{"damage":47,"enemies":"Gensokyo:Wraith","floor":21,"turns":6},{"damage":12,"enemies":"Gensokyo:Chomper_and_Gloop","floor":22,"turns":4}],"seed_played":"-665068965282251777","potions_obtained":[{"floor":2,"key":"BottledSpark"},{"floor":6,"key":"SteroidPotion"},{"floor":11,"key":"Explosive Potion"},{"floor":20,"key":"construct:ShiftPotion"},{"floor":21,"key":"SpeedPotion"}],"is_trial":false,"path_per_floor":["M","M","COS","M","M","E","M","?","T","M","M","R","E","?","R","B",null,"M","?","M","M","M"],"character_chosen":"MARISA","items_purchased":[],"campfire_rested":1,"item_purchase_floors":[],"current_hp_per_floor":[75,75,75,75,57,53,48,56,56,56,56,75,73,73,73,31,75,61,61,57,10,0,0],"gold":575,"neow_bonus":"THREE_ENEMY_KILL","is_daily":false,"chose_seed":false,"campfire_upgraded":1,"win_rate":0.0,"timestamp":1613452889,"path_taken":["M","M","COS","M","M","E","M","?","T","?","M","R","E","?","R","BOSS","M","?","M","M","M"],"items_purchased_type":[],"build_version":"2020-12-22","purchased_purges":0,"victory":false,"max_hp_per_floor":[75,75,75,75,75,75,75,75,75,75,75,75,75,75,75,75,75,75,75,75,75,75,75],"card_choices":[{"not_picked":["ManaConvection","Occultation","WitchOfGreed"],"picked":"SKIP","floor":1},{"not_picked":["GrandCross","EarthLightRay"],"picked":"ShootingEcho","floor":2},{"not_picked":["DeepEcoloBomb","OpenUniverse"],"picked":"ChargingUp","floor":4},{"not_picked":["LuminesStrike","GravityBeat"],"picked":"MilkyWay","floor":5},{"not_picked":["DarkSpark","MysteriousBeam"],"picked":"ShootingEcho","floor":6},{"not_picked":["IllusionStar","MagicAbsorber"],"picked":"GrandCross","floor":7},{"not_picked":["EnergyRecoil","WitchOfGreed"],"picked":"GasGiant","floor":11},{"not_picked":["NonDirectionalLaser","AsteroidBelt"],"picked":"EnergyRecoil","floor":13},{"not_picked":["EscapeVelocity","BigCrunch"],"picked":"BinaryStars","floor":16},{"not_picked":["6A","DC","LuminesStrike"],"picked":"SKIP","floor":18},{"not_picked":["FairyDestructionRay","ChargingUp"],"picked":"Singularity+1","floor":20},{"not_picked":["IllusionStar","CasketOfStar"],"picked":"SprinkleStarSeal","floor":21}],"player_experience":239010,"relics_obtained":[{"floor":1,"key":"LetterFromLob"},{"floor":6,"key":"ScarletDevilRocket"},{"floor":9,"key":"Sundial"},{"floor":13,"key":"MawBank"}],"event_choices":[],"is_beta":false,"boss_relics":[{"not_picked":["Philosopher\u0027s Stone","hubris:GrandSneckoEye","Cursed Key"]}],"items_purged_floors":[],"is_endless":false,"potions_floor_spawned":[2,6,11,20,21],"killed_by":"Gensokyo:Chomper_and_Gloop","ascension_level":0}}