{"host":"61scwtj8sjvayefi","time":1613454828,"event":{"mods":["2.2 Compatiblity","Act Like it!","BaseMod","Conspire","Downfall","Gensokyo","Hermit","Koishi","Marisa????????","Minty Spire (QoL Compilation)","Remilia??????","Replay The Spire","StSLib","The Bug Knight","The Hierophant","The Mystic","The Senshi","The Servant 0.9.4"],"gold_per_floor":[113,133,208,228,240,273,290,304,304,319,319,347,347,375,375,471,471,490,505,129,54,54,84,84,84,107,140,140,63,73,86,86,187,187,200,216,233,75,75,103,103,22,93,111,111,61,61,61,61,61],"floor_reached":51,"language":"ENG","playtime":5209,"items_purged":["Strike_MRS"],"score":1007,"play_id":"de3dc5b7-e7b4-44c4-8f0c-8e63296c31bf","local_time":"20210215235348","is_ascension_mode":true,"campfire_choices":[{"floor":11,"key":"REST"},{"floor":15,"key":"REST"},{"floor":24,"key":"REST"},{"floor":28,"key":"REST"},{"floor":32,"key":"REST"},{"floor":41,"key":"REST"},{"floor":47,"key":"REST"},{"floor":49,"key":"REST"}],"circlet_count":0,"master_deck":["Strike_MRS+1","Strike_MRS+1","Defend_MRS+1","Defend_MRS+1","Defend_MRS+1","Defend_MRS+1","MasterSpark+1","UpSweep+1","ShootingEcho+1","EnergyFlow+1","GrandCross+1","OpenUniverse+1","EnergyFlow+1","SporeBomb+1","Orbital+1","ManaConvection+1","DeepEcoloBomb+1","Parasite","Parasite","DragonMeteor+1","StarDustReverie+1","DC+1","PowerUp+1","EnergyRecoil+1","MilkyWay+1","SuperPerseids+1","SuperPerseids+1","BlazingStar+1","CollectingQuirk+1","SporeBomb+1","IllusionStar+1","SporeBomb+1","JA+1","DarkMatter+1","PropBag","LuminesStrike","Acceleration"],"relics":["MiniHakkero","Replay:Mystery Machine","conspire:TopHat","Shuriken","ShroomBag","Fusion Hammer","Orichalcum","Sling","Matryoshka","Whetstone","Lantern","ReplayFunnel","ExperimentalFamiliar","Mark of the Bloom","Bag of Marbles","Oddly Smooth Stone","White Beast Statue"],"acts_visited":["Exordium","TheCity","TheBeyond"],"potions_floor_usage":[6,12,12,16,30],"damage_taken":[{"damage":1,"enemies":"Jaw Worm","floor":1,"turns":4},{"damage":1,"enemies":"Cultist","floor":2,"turns":3},{"damage":3,"enemies":"2 Louse","floor":4,"turns":3},{"damage":5,"enemies":"Looter","floor":5,"turns":3},{"damage":33,"enemies":"Gremlin Nob","floor":6,"turns":5},{"damage":8,"enemies":"Exordium Wildlife","floor":7,"turns":4},{"damage":8,"enemies":"3 Louse","floor":8,"turns":3},{"damage":12,"enemies":"Blue Slaver","floor":10,"turns":3},{"damage":19,"enemies":"Lagavulin","floor":12,"turns":4},{"damage":16,"enemies":"Gremlin Nob","floor":14,"turns":3},{"damage":35,"enemies":"Hexaghost","floor":16,"turns":5},{"damage":16,"enemies":"Spheric Guardian","floor":18,"turns":4},{"damage":25,"enemies":"2 Thieves","floor":19,"turns":3},{"damage":7,"enemies":"HollowMod:Nosk","floor":23,"turns":4},{"damage":4,"enemies":"Replay:Snechameleon","floor":27,"turns":4},{"damage":10,"enemies":"Snecko","floor":30,"turns":3},{"damage":14,"enemies":"Centurion and Healer","floor":31,"turns":6},{"damage":38,"enemies":"Pondfish","floor":33,"turns":7},{"damage":11,"enemies":"3 Darklings","floor":35,"turns":4},{"damage":25,"enemies":"3 Shapes","floor":36,"turns":3},{"damage":4,"enemies":"Transient","floor":37,"turns":5},{"damage":0,"enemies":"Reptomancer","floor":40,"turns":3},{"damage":17,"enemies":"Maw","floor":44,"turns":6},{"damage":15,"enemies":"Time Eater","floor":50,"turns":4}],"seed_played":"8159250717519170959","potions_obtained":[{"floor":1,"key":"Reflective Coating"},{"floor":6,"key":"BottledSpark"},{"floor":7,"key":"Elixir"},{"floor":10,"key":"hexamod:SoulburnPotion"},{"floor":14,"key":"FearPotion"},{"floor":23,"key":"DistilledChaos"},{"floor":37,"key":"BlessingOfTheForge"},{"floor":44,"key":"ShroomBrew"}],"is_trial":false,"path_per_floor":["M","M","?","M","M","E","M","M","T","M","R","E","?","E","R","B",null,"M","M","$","?","$","E","R","?","T","E","R","$","M","M","R","B",null,"M","M","M","$","?","E","R","$","T","M","?","$","R","?","R","B",null],"character_chosen":"MARISA","items_purchased":["Orichalcum","Sling","SuperPerseids","JA","DarkMatter","PropBag","Acceleration"],"campfire_rested":8,"item_purchase_floors":[20,20,29,38,38,42,46],"current_hp_per_floor":[81,80,72,69,64,31,23,15,15,3,27,8,35,19,43,12,82,68,47,47,47,47,46,70,70,70,72,82,82,72,62,82,46,82,73,52,52,52,52,52,52,52,52,35,35,35,35,35,35,20],"gold":61,"neow_bonus":"TEN_PERCENT_HP_BONUS","is_daily":false,"chose_seed":false,"campfire_upgraded":0,"win_rate":0.0,"timestamp":1613454828,"path_taken":["M","M","?","M","M","E","M","M","T","?","R","E","?","E","R","BOSS","M","M","$","?","$","E","R","?","T","E","R","?","M","M","R","BOSS","M","M","M","$","?","E","R","$","T","M","?","$","R","?","R","BOSS"],"items_purchased_type":["Relic","Relic","Card","Card","Card","Card","Card"],"build_version":"2020-12-22","purchased_purges":1,"victory":true,"max_hp_per_floor":[82,82,82,82,82,82,82,82,82,82,82,82,82,82,82,82,82,82,82,82,82,82,82,82,82,82,82,82,82,82,82,82,82,82,82,82,82,82,82,82,82,82,82,82,78,78,78,78,78,78],"card_choices":[{"not_picked":["BlazeAway","WitchOfGreed"],"picked":"ShootingEcho","floor":1},{"not_picked":["GalacticHalo","Occultation"],"picked":"EnergyFlow","floor":2},{"not_picked":["LuminesStrike","WitchOfGreed"],"picked":"GrandCross","floor":4},{"not_picked":["BlazeAway","GalacticHalo"],"picked":"OpenUniverse","floor":5},{"not_picked":["AbsoluteMagnitude","Singularity"],"picked":"EnergyFlow","floor":6},{"not_picked":["IllusionStar","DarkMatter"],"picked":"SporeBomb","floor":7},{"not_picked":["GalacticHalo","GrandCross"],"picked":"Orbital","floor":8},{"not_picked":["LuminesStrike","OneTimeOff"],"picked":"ManaConvection","floor":10},{"not_picked":["UnstableBomb","SporeBomb"],"picked":"DeepEcoloBomb","floor":12},{"not_picked":["DoubleSpark","RefractionSpark"],"picked":"DragonMeteor","floor":14},{"not_picked":["BinaryStars","MillisecondPulsars"],"picked":"StarDustReverie","floor":16},{"not_picked":["GrandCross+1","GravityBeat+1"],"picked":"DC","floor":18},{"not_picked":["ShootingEcho","GrandCross"],"picked":"PowerUp","floor":19},{"not_picked":["RefractionSpark","PulseMagic"],"picked":"EnergyRecoil","floor":23},{"not_picked":["PowerUp","DC+1"],"picked":"MilkyWay","floor":27},{"not_picked":["DC","WitchLeyline+1"],"picked":"SuperPerseids","floor":30},{"not_picked":["UnstableBomb","NonDirectionalLaser"],"picked":"BlazingStar","floor":31},{"not_picked":["SatelliteIllusion","MillisecondPulsars"],"picked":"CollectingQuirk","floor":33},{"not_picked":["NonDirectionalLaser","StarlightTyphoon+1"],"picked":"SporeBomb+1","floor":35},{"not_picked":["PowerUp","GravityBeat+1"],"picked":"IllusionStar+1","floor":36},{"not_picked":["RefractionSpark+1","AsteroidBelt"],"picked":"SporeBomb+1","floor":37},{"not_picked":["IllusionStar","MilkyWay","AsteroidBelt+1"],"picked":"SKIP","floor":40},{"not_picked":["PowerUp","ChargeUpSpray"],"picked":"LuminesStrike","floor":44}],"player_experience":72662,"relics_obtained":[{"floor":6,"key":"Replay:Mystery Machine"},{"floor":9,"key":"conspire:TopHat"},{"floor":12,"key":"Shuriken"},{"floor":14,"key":"ShroomBag"},{"floor":23,"key":"Matryoshka"},{"floor":26,"key":"Whetstone"},{"floor":26,"key":"Lantern"},{"floor":27,"key":"ReplayFunnel"},{"floor":40,"key":"Bag of Marbles"},{"floor":43,"key":"Oddly Smooth Stone"},{"floor":43,"key":"White Beast Statue"}],"event_choices":[{"damage_healed":0,"gold_gain":75,"player_choice":"Touch","damage_taken":8,"max_hp_gain":0,"max_hp_loss":0,"event_name":"FaceTrader","floor":3,"gold_loss":0},{"damage_healed":27,"gold_gain":0,"player_choice":"Banana","damage_taken":0,"max_hp_gain":0,"max_hp_loss":0,"event_name":"Big Fish","floor":13,"gold_loss":0},{"cards_removed":["Strike_MRS"],"damage_healed":0,"gold_gain":0,"player_choice":"Gave Gold","damage_taken":0,"max_hp_gain":0,"max_hp_loss":0,"event_name":"Beggar","floor":21,"gold_loss":75},{"damage_healed":0,"gold_gain":0,"player_choice":"Ignored","damage_taken":0,"max_hp_gain":0,"max_hp_loss":0,"event_name":"Vampires","floor":25,"gold_loss":0},{"damage_healed":0,"gold_gain":0,"player_choice":"Upgrade","damage_taken":0,"relics_obtained":["Mark of the Bloom"],"max_hp_gain":0,"max_hp_loss":0,"event_name":"MindBloom","floor":39,"gold_loss":0,"cards_upgraded":["Strike_MRS","Defend_MRS","Defend_MRS","Defend_MRS","Defend_MRS","MasterSpark","UpSweep","ShootingEcho","EnergyFlow","GrandCross","OpenUniverse","EnergyFlow","SporeBomb","Orbital","ManaConvection","DragonMeteor","StarDustReverie","DC","PowerUp","EnergyRecoil","MilkyWay","SuperPerseids","SuperPerseids","BlazingStar","CollectingQuirk","JA","DarkMatter"]},{"damage_healed":0,"gold_gain":0,"player_choice":"Max HP","damage_taken":0,"max_hp_gain":0,"max_hp_loss":4,"event_name":"Winding Halls","floor":45,"gold_loss":0},{"damage_healed":0,"gold_gain":0,"player_choice":"Ignored","damage_taken":0,"max_hp_gain":0,"max_hp_loss":0,"event_name":"Mysterious Sphere","floor":48,"gold_loss":0}],"is_beta":false,"boss_relics":[{"not_picked":["Ring of Chaos","ChewingGum"],"picked":"Fusion Hammer"},{"not_picked":["Runic Pyramid","Coffee Dripper"],"picked":"ExperimentalFamiliar"}],"items_purged_floors":[20],"is_endless":false,"potions_floor_spawned":[1,6,7,10,14,23,37,44],"ascension_level":1}}