{"host":"e1dlxrn9xf91lno8","time":1613498205,"event":{"mods":["AchievementEnabler","Aspiration","Bard","BaseMod","Beaked The Cultist","Bestiary","Better Altar","Better Sensory Stone","Better Third Choice","BetterRewards","Bossed Relics","Colored Map","Colored Powertips","Energized Spire","Filter the Spire","GungeonMod","Hermit","Highlight Path","Hubris","Infinite Spire","Mimic Mod","Minty Spire (QoL Compilation)","Morshu Shopkeeper","Morshu Shopkeeper - ENHANCED","Quick Restart","Rare Cards Sparkle","Reliquary","Replay The Spire","Shop Mod","Smile Girya","Somnambulant","StSLib","The Blue Laboratory","The Cursed","The Disciple","The Runesmith","Together in Spire","Uncapped","everything is the same but u backflip on backflip","slay the spire mod where everything is the same but ironclad has a cowboy hat"],"gold_per_floor":[118,118,7,25,41,41,52,52,52,79,79,22,22,22,22,22,22],"floor_reached":16,"language":"ENG","playtime":465,"items_purged":[],"score":98,"play_id":"db175bc0-403b-4308-8612-73fcfad8ec71","local_time":"20210216125645","is_ascension_mode":false,"campfire_choices":[{"data":"hermit:NoHoldsBarred","floor":6,"key":"SMITH"},{"data":"hermit:CalledShot","floor":8,"key":"SMITH"},{"floor":11,"key":"REST"},{"data":"hermit:Shortfuse","floor":15,"key":"SMITH"}],"circlet_count":0,"master_deck":["hermit:Strike_Hermit","hermit:Strike_Hermit","hermit:Strike_Hermit","hermit:Strike_Hermit","hermit:Defend_Hermit","hermit:Defend_Hermit","hermit:Defend_Hermit","hermit:Defend_Hermit","hermit:Snapshot","hermit:Covet","hermit:HoleUp","hermit:ShadowCloak","hermit:PistolWhip","hermit:Vantage","hermit:NoHoldsBarred+1","hermit:CalledShot+1","hermit:Maintenance+1","Replay:Hysterical Blindness","hermit:Shortfuse+1","hermit:Shortfuse"],"relics":["hermit:Momento","aspiration:DSix","hubris:SlimyHat","ReplayTheSpireMod:CursedCoin","Happy Flower"],"acts_visited":["Exordium"],"potions_floor_usage":[16,16,16],"damage_taken":[{"damage":1,"enemies":"Cultist","floor":1,"turns":4},{"damage":7,"enemies":"Small Slimes","floor":4,"turns":7},{"damage":2,"enemies":"2 Louse","floor":5,"turns":2},{"damage":0,"enemies":"2 Fungi Beasts","floor":7,"turns":2},{"damage":27,"enemies":"3 Sentries","floor":10,"turns":4},{"damage":63,"enemies":"Hexaghost","floor":16,"turns":10}],"seed_played":"9137451563960741819","potions_obtained":[{"floor":4,"key":"Weak Potion"},{"floor":5,"key":"Weak Potion"},{"floor":7,"key":"blueLaboratory:TrueEctoplasm"},{"floor":10,"key":"AttackPotion"}],"is_trial":false,"path_per_floor":["M","?","$","M","M","R","M","R","T","E","R","$","?","?","R","B"],"character_chosen":"HERMIT","items_purchased":["hermit:ShadowCloak","hermit:PistolWhip","ReplayTheSpireMod:CursedCoin","hermit:Shortfuse","Happy Flower"],"campfire_rested":1,"item_purchase_floors":[3,3,12,12,12],"current_hp_per_floor":[74,74,74,67,65,65,65,65,65,38,60,60,60,60,60,0,0],"gold":22,"neow_bonus":"DSIX","is_daily":false,"chose_seed":false,"campfire_upgraded":3,"win_rate":0.0,"timestamp":1613498205,"path_taken":["M","?","$","M","M","R","M","R","T","E","R","?","?","?","R","BOSS"],"items_purchased_type":["Card","Card","Relic","Card","Relic"],"build_version":"2020-12-22","purchased_purges":0,"victory":false,"max_hp_per_floor":[75,75,75,75,75,75,75,75,75,75,75,75,75,75,75,75,75],"card_choices":[{"not_picked":["hermit:BodyArmor","hermit:Midnight"],"picked":"hermit:HoleUp","floor":1},{"not_picked":["hermit:ItchyTrigger","hermit:LowProfile"],"picked":"hermit:Vantage","floor":4},{"not_picked":["hermit:Manifest","hermit:Feint"],"picked":"hermit:NoHoldsBarred","floor":5},{"not_picked":["hermit:TakeCover","hermit:Manifest"],"picked":"hermit:CalledShot","floor":7},{"not_picked":["hermit:Enervate","hermit:HighCaliber"],"picked":"hermit:Maintenance","floor":10}],"player_experience":26114,"relics_obtained":[{"floor":10,"key":"hubris:SlimyHat"}],"event_choices":[{"damage_healed":0,"gold_gain":0,"player_choice":"0 cards matched","damage_taken":0,"max_hp_gain":0,"max_hp_loss":0,"event_name":"Match and Keep!","floor":2,"gold_loss":0,"cards_obtained":[]},{"damage_healed":0,"gold_gain":0,"player_choice":"Grow","damage_taken":0,"max_hp_gain":0,"max_hp_loss":0,"event_name":"Living Wall","floor":13,"gold_loss":0,"cards_upgraded":["hermit:Maintenance"]},{"damage_healed":0,"gold_gain":0,"player_choice":"Ignored","damage_taken":0,"max_hp_gain":0,"max_hp_loss":0,"event_name":"NoteForYourself","floor":14,"gold_loss":0}],"is_beta":false,"boss_relics":[],"items_purged_floors":[],"is_endless":false,"potions_floor_spawned":[4,5,7,10],"killed_by":"Hexaghost","ascension_level":0}}