{"host":"7lqra3rfanasaqnt","time":1613435827,"event":{"mods":["AchievementEnabler","Act Like it!","BaseMod","Colored Powertips","Downfall","Friendly Minions","Minty Spire (QoL Compilation)","StSLib"],"gold_per_floor":[99,109,127,127,127,127,127,127,141,152,183,333,348,87,105,207,207,207,219,237,237,322,322,322,355,355,255,41,41,41,14,24,129,129,129,148,163,163,174,199,199,199,216,216,229,246,246,31,45,45],"floor_reached":51,"language":"ENG","playtime":2091,"items_purged":["downfall:Icky","downfall:Bewildered","downfall:Bewildered"],"score":1318,"play_id":"9ef5c928-d30d-4bdf-864f-c69cfeb6ce57","local_time":"20210215173707","is_ascension_mode":true,"campfire_choices":[{"data":"bronze:Goto","floor":1.0,"key":"SMITH"},{"data":"bronze:InfiniteBeams","floor":8.0,"key":"SMITH"},{"data":"bronze:ThunderWave","floor":18.0,"key":"SMITH"},{"floor":23.0,"key":"REST"},{"data":"bronze:GetLatest","floor":27.0,"key":"SMITH"},{"data":"bronze:Replicate","floor":29.0,"key":"SMITH"},{"data":"bronze:Deprecate","floor":35.0,"key":"SMITH"},{"floor":44,"key":"REST"},{"floor":47,"key":"REST"}],"circlet_count":0,"master_deck":["bronze:Strike","bronze:Strike","bronze:Defend","bronze:Defend","bronze:Defend","bronze:Defend","bronze:Replicate+1","bronze:Goto+1","bronze:DelayedGuard","bronze:InfiniteBeams+1","bronze:Deprecate+1","bronze:Turbo","bronze:Format","bronze:Overheat","bronze:GetLatest+1","bronze:ThunderWave+1","bronze:TinkerersToolbox+1","bronze:FunctionCard","bronze:FineTuning","J.A.X.","bronze:BuggyMess+1","Sadistic Nature","hexamod:ShieldOfDarkness+1","Deflect+1"],"relics":["bronze:BronzeCore","hexamod:CandleOfCauterizing","Bottled Tornado","Kunai","Bronze Scales","Gremlin Horn","Lee\u0027s Waffle","Astrolabe","The Courier","Pocketwatch","sneckomod:BabySnecko","downfall:HeartBlessingGreen","TheAbacus","PrismaticShard","Singing Bowl","Cursed Key","Toxic Egg 2","Torii","Vajra"],"acts_visited":["Exordium","TheCity","TheBeyond"],"potions_floor_usage":[43,43],"damage_taken":[{"damage":2.0,"enemies":"Jaw Worm","floor":2.0,"turns":3.0},{"damage":2.0,"enemies":"2 Louse","floor":3.0,"turns":2.0},{"damage":9.0,"enemies":"Small Slimes","floor":9.0,"turns":3.0},{"damage":0.0,"enemies":"downfall:LooterAlt","floor":10.0,"turns":3.0},{"damage":9.0,"enemies":"Lagavulin","floor":11.0,"turns":4.0},{"damage":9.0,"enemies":"Exordium Wildlife","floor":13.0,"turns":3.0},{"damage":0.0,"enemies":"downfall:FleeingMerchant","floor":14.0,"turns":4.0},{"damage":0.0,"enemies":"Large Slime","floor":15.0,"turns":3.0},{"damage":6.0,"enemies":"DF_ARCHETYPE_STREAMLINE","floor":16.0,"turns":6.0},{"damage":15.0,"enemies":"Spheric Guardian","floor":19.0,"turns":5.0},{"damage":10.0,"enemies":"downfall:LooterAlt2","floor":20.0,"turns":3.0},{"damage":0.0,"enemies":"Gremlin Leader","floor":25.0,"turns":5.0},{"damage":2.0,"enemies":"downfall:FleeingMerchant","floor":28.0,"turns":4.0},{"damage":3.0,"enemies":"downfall:FleeingMerchant","floor":31.0,"turns":4.0},{"damage":11.0,"enemies":"Centurion and Healer","floor":32.0,"turns":3.0},{"damage":10.0,"enemies":"IC_MUSHROOM_ARCHETYPE","floor":33.0,"turns":5.0},{"damage":3.0,"enemies":"Orb Walker","floor":36.0,"turns":2.0},{"damage":13.0,"enemies":"3 Shapes","floor":37.0,"turns":2.0},{"damage":14.0,"enemies":"Sphere and 2 Shapes","floor":39.0,"turns":4.0},{"damage":43.0,"enemies":"Nemesis","floor":40.0,"turns":5.0},{"damage":1,"enemies":"Writhing Mass","floor":43,"turns":5},{"damage":0,"enemies":"Jaw Worm Horde","floor":45,"turns":1},{"damage":9,"enemies":"3 Darklings","floor":46,"turns":4},{"damage":9,"enemies":"4 Shapes","floor":49,"turns":3},{"damage":9,"enemies":"SI_POISON_ARCHETYPE","floor":50,"turns":8}],"seed_played":"-2906281553594805994","potions_obtained":[{"floor":3.0,"key":"hexamod:SoulburnPotion"},{"floor":11.0,"key":"LiquidBronze"},{"floor":15.0,"key":"Regen Potion"},{"floor":19.0,"key":"Block Potion"},{"floor":20.0,"key":"Energy Potion"},{"floor":33.0,"key":"SpeedPotion"},{"floor":43,"key":"ColorlessPotion"},{"floor":45,"key":"hexamod:SoulburnPotion"},{"floor":46,"key":"Ancient Potion"}],"is_trial":false,"path_per_floor":["R","M","M","?","T","?","T","R","M","M","E","?","M","$","M","B",null,"R","M","M","?","?","R","T","E","?","R","$","R","?","$","M","B",null,"R","M","M","?","M","E","T","?","M","R","M","M","R","$","M","B",null],"character_chosen":"THE_AUTOMATON","items_purchased":["Lee\u0027s Waffle","bronze:Overheat","TheAbacus","PrismaticShard","Singing Bowl","Dexterity Potion","Vajra"],"campfire_rested":3,"item_purchase_floors":[14,14,28,31,31,31,48],"current_hp_per_floor":[70,68,66,59,59,59,59,59,50,50,41,41,32,77,77,71,77,77,62,61,61,47,70,70,70,70,70,68,68,68,65,56,46,79,79,78,67,69,57,14,14,14,15,41,43,34,61,61,54,45],"gold":45,"neow_bonus":"THREE_CARDS","is_daily":false,"chose_seed":false,"campfire_upgraded":6,"win_rate":0.0,"timestamp":1613435827,"path_taken":["R","M","M","?","?","?","T","R","?","M","E","?","M","$","M","BOSS","R","M","M","?","?","R","T","E","?","R","$","R","?","?","M","BOSS","R","M","M","?","M","E","T","?","M","R","M","M","R","$","M","BOSS"],"items_purchased_type":["Relic","Card","Relic","Relic","Relic","Potion","Relic"],"build_version":"2020-12-22","purchased_purges":3,"victory":true,"max_hp_per_floor":[70,70,70,70,70,70,70,70,70,70,70,70,70,77,77,77,77,77,77,77,77,77,77,77,77,77,77,77,77,77,77,79,79,79,79,81,83,85,87,87,87,87,89,89,91,91,91,91,93,93],"card_choices":[{"not_picked":["bronze:DelayedGuard","bronze:DelayedSlice"],"picked":"bronze:WhirlingStrike","floor":0.0},{"not_picked":["bronze:BitShift","bronze:Iterate"],"picked":"bronze:DelayedGuard","floor":2.0},{"not_picked":["bronze:BitShift","bronze:BuggyMess"],"picked":"bronze:InfiniteBeams","floor":3.0},{"not_picked":["bronze:FineTuning","bronze:WildBeam"],"picked":"bronze:Deprecate","floor":9.0},{"not_picked":["bronze:Frontload","bronze:CutThrough","bronze:Flail"],"picked":"SKIP","floor":10.0},{"not_picked":["bronze:Constructor","bronze:WhirlingStrike"],"picked":"bronze:Turbo","floor":11.0},{"not_picked":["bronze:DelayedSlice","bronze:Backtrace"],"picked":"bronze:Format","floor":13.0},{"not_picked":["bronze:Flail","bronze:WhirlingStrike","bronze:Refactor"],"picked":"SKIP","floor":14.0},{"not_picked":["bronze:BuggyMess","bronze:Philosophize"],"picked":"bronze:GetLatest","floor":15.0},{"not_picked":["bronze:TinkerersToolbox","bronze:HyperBeam"],"picked":"bronze:ThunderWave","floor":16.0},{"not_picked":["bronze:Shield","bronze:BuggyMess"],"picked":"bronze:FineTuning","floor":19.0},{"not_picked":["bronze:Deprecate+1","bronze:Boost+1","bronze:ItsAFeature"],"picked":"SKIP","floor":20.0},{"not_picked":["bronze:AlphaBuild","bronze:CutThrough+1","bronze:InfiniteBeams"],"picked":"SKIP","floor":25.0},{"not_picked":["bronze:DigitalCarnage+1","bronze:Turbo+1","bronze:Repulsor"],"picked":"SKIP","floor":28.0},{"not_picked":["bronze:CloningBeam+1","bronze:Frontload+1"],"picked":"bronze:BuggyMess+1","floor":31.0},{"not_picked":["hexamod:SoulSteal+1","Slimebound:TongueLash+1","hexamod:RecurringNightmare"],"picked":"Singing Bowl","floor":32.0},{"not_picked":["Slimebound:PrepareCrush","Thunder Strike"],"picked":"Sadistic Nature","floor":33.0},{"not_picked":["Iron Wave","Slimebound:FinishingTackle","EmptyBody"],"picked":"Singing Bowl","floor":36.0},{"not_picked":["Slice+1","bronze:Backtrace","Slimebound:SplitBruiser"],"picked":"Singing Bowl","floor":37.0},{"not_picked":["expansioncontent:GuardianWhirl","expansioncontent:PrepareCrush","expansioncontent:PolyBeam"],"picked":"Singing Bowl","floor":38.0},{"not_picked":["sneckomod:UnknownClassRED","Alpha","Poisoned Stab"],"picked":"Singing Bowl","floor":39.0},{"not_picked":["hexamod:SuperheatedStrike+1","Slimebound:ServeAndProtect+1"],"picked":"hexamod:ShieldOfDarkness+1","floor":40.0},{"not_picked":["Armaments+1","sneckomod:UnknownClassTHE_BRONZE_AUTOMATON+1","Slimebound:Chomp"],"picked":"Singing Bowl","floor":43},{"not_picked":["bronze:ForceShield+1","Slimebound:RollThrough","PathToVictory+1"],"picked":"Singing Bowl","floor":45},{"not_picked":["bronze:CloningBeam","Flying Knee+1"],"picked":"Deflect+1","floor":46},{"not_picked":["hexamod:GhostOfSpirePast","Turbo+1","EmptyFist"],"picked":"Singing Bowl","floor":49}],"player_experience":601559,"relics_obtained":[{"floor":5.0,"key":"Bottled Tornado"},{"floor":7.0,"key":"Bronze Scales"},{"floor":11.0,"key":"Gremlin Horn"},{"floor":24.0,"key":"The Courier"},{"floor":25.0,"key":"Pocketwatch"},{"floor":40.0,"key":"Toxic Egg 2"},{"floor":41.0,"key":"Torii"}],"event_choices":[{"damage_healed":0.0,"max_hp_gain":0.0,"max_hp_loss":0.0,"gold_gain":0.0,"event_name":"Scrap Ooze","player_choice":"Success","floor":4.0,"gold_loss":0.0,"damage_taken":7.0,"relics_obtained":["hexamod:CandleOfCauterizing"]},{"damage_healed":0.0,"max_hp_gain":0.0,"max_hp_loss":0.0,"gold_gain":0.0,"event_name":"Drug Dealer","player_choice":"Obtain J.A.X.","floor":30.0,"gold_loss":0.0,"damage_taken":0.0,"cards_obtained":["J.A.X."]},{"damage_healed":0.0,"max_hp_gain":0.0,"max_hp_loss":0.0,"gold_gain":0.0,"event_name":"Mysterious Sphere","player_choice":"Ignored","floor":42.0,"gold_loss":0.0,"damage_taken":0.0}],"is_beta":false,"boss_relics":[{"not_picked":["SlaversCollar","Sozu"],"picked":"Astrolabe"},{"not_picked":["bronze:MakeshiftBattery","Velvet Choker"],"picked":"Cursed Key"}],"items_purged_floors":[14,28,48],"is_endless":false,"potions_floor_spawned":[3,11,15,16,19,20,33,43,45,46],"ascension_level":3}}