{"host":"kh6fvhxn285ncg0o","time":1613468296,"event":{"mods":["Act Like it!","BaseMod","Colored Map","Friendly Minions","Keyboard Shortcuts","Minty Spire (QoL Compilation)","Quick Restart","Relic Stats","StSLib","SuperFastMode","UnlockEverythingMod"],"gold_per_floor":[111,111,36,54,54,54,80,80,107,122,141,168,168,181,181,253,253,265,283,283,299,299,331,331,365,417,447,91,105,30,40,40,112,112,130,140,150,170,220,247,247,266,266,292,292,324,335,362,362,362,362,362,362,30,59,59],"floor_reached":57,"language":"KOR","playtime":1444,"items_purged":["Strike_R","Strike_R"],"score":3834,"play_id":"9a3bcf9a-2303-465b-96fc-e7bfc5bc30e5","local_time":"20210216183816","is_ascension_mode":true,"campfire_choices":[{"data":"Bash","floor":6,"key":"SMITH"},{"data":"Fiend Fire","floor":13,"key":"SMITH"},{"data":"Armaments","floor":15,"key":"SMITH"},{"data":"Immolate","floor":24,"key":"SMITH"},{"data":"Feel No Pain","floor":32,"key":"SMITH"},{"data":"Juggernaut","floor":41,"key":"SMITH"},{"floor":49,"key":"RECALL"},{"data":"Entrench","floor":53,"key":"SMITH"}],"circlet_count":0,"master_deck":["AscendersBane","Defend_R+1","Defend_R","Defend_R","Defend_R","Bash+1","Metallicize","Shockwave","Fiend Fire+1","Inflame","Armaments+1","Immolate+1","Body Slam+1","Shrug It Off+1","Feel No Pain+1","Burning Pact","Offering","Pommel Strike+1","Juggernaut+1","Disarm+1","Entrench+1","Intimidate+1"],"relics":["Burning Blood","NeowsBlessing","Orichalcum","PreservedInsect","Dead Branch","Sozu","Enchiridion","Mummified Hand","Calipers","Eternal Feather","Bag of Preparation","Black Star","Self Forming Clay","War Paint","Pear","Dream Catcher","Pen Nib","Red Skull","Gremlin Horn","Boot","Champion Belt","Happy Flower","Centennial Puzzle","Bag of Marbles","Bottled Tornado"],"acts_visited":["Exordium","TheCity","TheBeyond","TheEnding"],"potions_floor_usage":[55,56],"damage_taken":[{"damage":0,"enemies":"2 Louse","floor":1,"turns":2},{"damage":0,"enemies":"Cultist","floor":4,"turns":1},{"damage":0,"enemies":"Lagavulin","floor":7,"turns":1},{"damage":5,"enemies":"Small Slimes","floor":10,"turns":4},{"damage":6,"enemies":"Exordium Wildlife","floor":11,"turns":3},{"damage":10,"enemies":"3 Sentries","floor":12,"turns":14},{"damage":0,"enemies":"Blue Slaver","floor":14,"turns":1},{"damage":26,"enemies":"Hexaghost","floor":16,"turns":10},{"damage":2,"enemies":"2 Thieves","floor":18,"turns":3},{"damage":0,"enemies":"3 Byrds","floor":19,"turns":3},{"damage":10,"enemies":"Centurion and Healer","floor":21,"turns":4},{"damage":0,"enemies":"Gremlin Leader","floor":23,"turns":4},{"damage":8,"enemies":"Book of Stabbing","floor":25,"turns":3},{"damage":0,"enemies":"Slavers","floor":27,"turns":2},{"damage":0,"enemies":"Snecko","floor":29,"turns":2},{"damage":0,"enemies":"Snake Plant","floor":31,"turns":2},{"damage":3,"enemies":"Collector","floor":33,"turns":4},{"damage":6,"enemies":"Orb Walker","floor":35,"turns":2},{"damage":6,"enemies":"3 Darklings","floor":36,"turns":2},{"damage":6,"enemies":"Jaw Worm Horde","floor":37,"turns":2},{"damage":7,"enemies":"Transient","floor":38,"turns":6},{"damage":6,"enemies":"Nemesis","floor":40,"turns":3},{"damage":6,"enemies":"Spire Growth","floor":42,"turns":2},{"damage":6,"enemies":"Reptomancer","floor":44,"turns":3},{"damage":6,"enemies":"Giant Head","floor":46,"turns":1},{"damage":0,"enemies":"Sphere and 2 Shapes","floor":47,"turns":1},{"damage":6,"enemies":"Nemesis","floor":48,"turns":3},{"damage":11,"enemies":"Donu and Deca","floor":50,"turns":6},{"damage":6,"enemies":"Time Eater","floor":51,"turns":7},{"damage":6,"enemies":"Shield and Spear","floor":55,"turns":2},{"damage":11,"enemies":"The Heart","floor":56,"turns":12}],"seed_played":"8688125104280005412","potions_obtained":[{"floor":4,"key":"BlessingOfTheForge"},{"floor":12,"key":"Dexterity Potion"},{"floor":16,"key":"DistilledChaos"}],"is_trial":false,"path_per_floor":["M","?","$","M","?","R","E","$","T","M","M","E","R","M","R","B",null,"M","M","?","M","?","E","R","E","T","E","$","M","?","M","R","B",null,"M","M","M","M","?","E","R","M","T","E","?","E","M","E","R","B","B",null,"R","$","E","B",null],"character_chosen":"IRONCLAD","items_purchased":["Bag of Preparation","Feel No Pain","Happy Flower","Centennial Puzzle"],"campfire_rested":0,"item_purchase_floors":[28,28,54,54],"current_hp_per_floor":[74,63,63,69,62,62,68,68,68,69,69,65,65,71,71,51,69,73,75,54,50,50,56,56,54,54,60,60,66,66,72,75,75,75,75,75,75,74,74,74,75,75,85,85,85,85,85,85,85,80,80,84,85,85,85,80],"gold":59,"neow_bonus":"THREE_ENEMY_KILL","is_daily":false,"chose_seed":false,"campfire_upgraded":7,"win_rate":0.0,"timestamp":1613468296,"path_taken":["M","?","$","?","?","R","E","?","T","M","M","E","R","M","R","BOSS","M","M","?","M","?","E","R","E","T","E","?","?","?","M","R","BOSS","M","M","M","M","?","E","R","?","T","E","?","E","M","E","R","BOSS","BOSS","R","$","E","BOSS"],"items_purchased_type":["Relic","Card","Relic","Relic"],"build_version":"2020-12-22","purchased_purges":2,"victory":true,"max_hp_per_floor":[75,75,75,75,75,75,75,75,75,75,75,75,75,75,75,75,75,75,75,75,75,75,75,75,75,75,75,75,75,75,75,75,75,75,75,75,75,75,75,75,75,75,85,85,85,85,85,85,85,85,85,85,85,85,85,85],"relic_stats":{"Gremlin Horn":[4,4],"Happy Flower":[4],"counters":[31,115],"Self Forming Clay":[36],"Dead Branch":[258],"Eternal Feather":5,"PreservedInsect":540,"Pen Nib":[4],"Bag of Preparation":[34],"Orichalcum":[156],"War Paint":["Defend_R","Shrug It Off"],"Boot":[15],"Burning Blood":173,"Sozu":2,"Dream Catcher":0,"Centennial Puzzle":[6],"Mummified Hand":[108],"Black Star":5,"Champion Belt":[8],"obtain_stats":[{"Calipers":25,"Gremlin Horn":46,"Enchiridion":20,"Bag of Preparation":28,"Bottled Tornado":55,"Boot":48,"Burning Blood":0,"Sozu":17,"Dream Catcher":44,"Centennial Puzzle":54,"Mummified Hand":23,"Red Skull":46,"Pear":43,"NeowsBlessing":0,"Happy Flower":54,"Self Forming Clay":40,"Dead Branch":12,"Eternal Feather":27,"PreservedInsect":9,"Pen Nib":44,"Orichalcum":7,"War Paint":40,"Black Star":34,"Bag of Marbles":55,"Champion Belt":48},{"Calipers":13,"Gremlin Horn":25,"Enchiridion":10,"Bag of Preparation":14,"Bottled Tornado":30,"Boot":27,"Burning Blood":0,"Sozu":8,"Dream Catcher":24,"Centennial Puzzle":29,"Mummified Hand":12,"Red Skull":25,"Pear":23,"NeowsBlessing":0,"Happy Flower":29,"Self Forming Clay":22,"Dead Branch":6,"Eternal Feather":14,"PreservedInsect":3,"Pen Nib":24,"Orichalcum":3,"War Paint":22,"Black Star":17,"Bag of Marbles":30,"Champion Belt":27},{"Calipers":53,"Gremlin Horn":84,"Enchiridion":42,"Bag of Preparation":55,"Bottled Tornado":103,"Boot":88,"Burning Blood":0,"Sozu":36,"Dream Catcher":83,"Centennial Puzzle":101,"Mummified Hand":50,"Red Skull":84,"Pear":80,"NeowsBlessing":0,"Happy Flower":101,"Self Forming Clay":78,"Dead Branch":25,"Eternal Feather":55,"PreservedInsect":4,"Pen Nib":83,"Orichalcum":4,"War Paint":78,"Black Star":63,"Bag of Marbles":103,"Champion Belt":88}]},"card_choices":[{"not_picked":["Sword Boomerang","Seeing Red"],"picked":"Metallicize","floor":1},{"not_picked":["Twin Strike","Perfected Strike"],"picked":"Shockwave","floor":4},{"not_picked":["Dark Embrace","Rupture"],"picked":"Fiend Fire","floor":7},{"not_picked":["Dark Embrace","Sentinel"],"picked":"Inflame","floor":10},{"not_picked":["Shockwave","Twin Strike"],"picked":"Armaments","floor":12},{"not_picked":["Body Slam","Inflame","Iron Wave"],"picked":"SKIP","floor":14},{"not_picked":["Offering","Feed"],"picked":"Immolate","floor":16},{"not_picked":["Iron Wave","Blood for Blood","Reckless Charge"],"picked":"SKIP","floor":18},{"not_picked":["Blood for Blood","Armaments+1","Sword Boomerang"],"picked":"SKIP","floor":19},{"not_picked":["Clothesline","Twin Strike","Perfected Strike"],"picked":"SKIP","floor":21},{"not_picked":["Thunderclap","Fire Breathing"],"picked":"Body Slam+1","floor":23},{"not_picked":["Headbutt","Anger"],"picked":"Shrug It Off","floor":25},{"not_picked":["Warcry","Intimidate","Combust"],"picked":"SKIP","floor":27},{"not_picked":["Headbutt","Flex","Rupture"],"picked":"SKIP","floor":29},{"not_picked":["Brutality","Carnage"],"picked":"Burning Pact","floor":31},{"not_picked":["Bludgeon","Impervious"],"picked":"Offering","floor":33},{"not_picked":["Searing Blow","Anger+1","Cleave"],"picked":"SKIP","floor":35},{"not_picked":["Burning Pact+1","Sever Soul"],"picked":"Pommel Strike+1","floor":36},{"not_picked":["Shrug It Off","Flex","Clash"],"picked":"SKIP","floor":37},{"not_picked":["Body Slam+1","Headbutt","Thunderclap"],"picked":"SKIP","floor":38},{"not_picked":["Clash","Sever Soul"],"picked":"Juggernaut","floor":40},{"not_picked":["Headbutt+1","Havoc+1","Anger+1"],"picked":"SKIP","floor":42},{"not_picked":["Rampage","Juggernaut"],"picked":"Disarm+1","floor":44},{"not_picked":["Warcry","Armaments+1"],"picked":"Intimidate+1","floor":46},{"not_picked":["Thunderclap","Iron Wave","Brutality"],"picked":"SKIP","floor":47},{"not_picked":["Blood for Blood","Carnage","Searing Blow"],"picked":"SKIP","floor":48},{"not_picked":["Feel No Pain","Bloodletting","Rupture"],"picked":"SKIP","floor":55}],"player_experience":1432788,"relics_obtained":[{"floor":7,"key":"Orichalcum"},{"floor":9,"key":"PreservedInsect"},{"floor":12,"key":"Dead Branch"},{"floor":20,"key":"Enchiridion"},{"floor":23,"key":"Mummified Hand"},{"floor":25,"key":"Calipers"},{"floor":27,"key":"Eternal Feather"},{"floor":40,"key":"Self Forming Clay"},{"floor":40,"key":"War Paint"},{"floor":43,"key":"Pear"},{"floor":44,"key":"Dream Catcher"},{"floor":44,"key":"Pen Nib"},{"floor":46,"key":"Red Skull"},{"floor":46,"key":"Gremlin Horn"},{"floor":48,"key":"Boot"},{"floor":48,"key":"Champion Belt"},{"floor":55,"key":"Bag of Marbles"},{"floor":55,"key":"Bottled Tornado"}],"event_choices":[{"damage_healed":0,"gold_gain":0,"player_choice":"Damaged","damage_taken":11,"max_hp_gain":0,"max_hp_loss":0,"event_name":"Wheel of Change","floor":2,"gold_loss":0},{"cards_removed":["Strike_R"],"damage_healed":0,"gold_gain":0,"player_choice":"Card Removal","damage_taken":7,"max_hp_gain":0,"max_hp_loss":0,"event_name":"Golden Wing","floor":5,"gold_loss":0},{"damage_healed":0,"gold_gain":0,"player_choice":"Obtained Book","damage_taken":21,"max_hp_gain":0,"max_hp_loss":0,"event_name":"Cursed Tome","floor":20,"gold_loss":0},{"damage_healed":0,"gold_gain":0,"player_choice":"Ignored","damage_taken":0,"max_hp_gain":0,"max_hp_loss":0,"event_name":"The Mausoleum","floor":22,"gold_loss":0},{"cards_removed":["Strike_R"],"damage_healed":0,"gold_gain":0,"player_choice":"Gave Gold","damage_taken":0,"max_hp_gain":0,"max_hp_loss":0,"event_name":"Beggar","floor":30,"gold_loss":75},{"damage_healed":0,"gold_gain":50,"player_choice":"Pray","damage_taken":0,"max_hp_gain":0,"max_hp_loss":0,"event_name":"Golden Shrine","floor":39,"gold_loss":0},{"damage_healed":0,"gold_gain":0,"cards_transformed":["Strike_R"],"player_choice":"Transformed","damage_taken":0,"max_hp_gain":0,"max_hp_loss":0,"event_name":"Transmorgrifier","floor":45,"gold_loss":0,"cards_obtained":["Entrench"]}],"is_beta":false,"boss_relics":[{"not_picked":["Busted Crown","Pandora\u0027s Box"],"picked":"Sozu"},{"not_picked":["Runic Pyramid","Fusion Hammer"],"picked":"Black Star"}],"items_purged_floors":[3,28],"is_endless":false,"potions_floor_spawned":[4,12,16,18,19,21,29,31,37,38,42,46,55],"ascension_level":20}}