{"host":"nea7n2z8ef69uk76","time":1613439759,"event":{"mods":["BaseMod","Better Altar","Colored Powertips","Curses Come First","Emptier Cage","Lobotomy","LobotomyExtend","Minty Spire (QoL Compilation)","Permanent Neow","Quick Restart","SacredBarkPlus","Spicy Shops","StSLib"],"gold_per_floor":[114,114,114,114,129,129,155,168,168,179,179,52,71,85,85,188,188,203,302,313,313,313,313,346,346,397,397,97,97,107,118,118,215,215,226,243,254,269,288,288,323,323,323,323,0,35,50,84,84,84],"floor_reached":51,"language":"ENG","playtime":4055,"items_purged":["CentralCode"],"score":974,"play_id":"e962d1e3-da9f-4960-a44f-0a80ac7a7ad3","local_time":"20210215204239","is_ascension_mode":true,"campfire_choices":[{"floor":44,"key":"RECALL"}],"circlet_count":0,"master_deck":["SpecialBullet","SpecialBullet","SpecialBullet","SpecialBullet","SpecialBullet","SpecialBullet","SpecialBullet","SpecialBullet","InformationCode","ExtractionCode","SecurityCode","RapturousDream","Murderer","WristCuter","Harvest","OldLady","Adoration","MeatLantern","CENSORED_ego","WallGazer","Amita+1","Regret_ego+1","UniverseFragment","SomewhereSpear+1","MHz","Soda+1","GoldRush+1","Mimicry+1","TodaysExpression+1","Scorched","GrinderMk4+1","OSAHOGD","Twilight+1","CENSORED","Beak+1","BloodyDesire+1","Master of Strategy+1","RedEyes+1","Variant","TrainingCode","LongBird","GoldRush+1","Twilight+1","MeltingLove","Harvest+1","QueenOfHatred","WristCuter+1","CherryBlossom+1","Rudolta","BlueStar","GreenStem+1","CherryBlossom+1","GreedKing","WelfareCode","BlackArmy","Scarecrow","Hornet+1"],"relics":["CogitoBucket","NeowsBlessing","LetterFromLob","Bird Faced Urn","CaptainsWheel","Lizard Tail","Shuriken","BehaviorAdjustment","Fusion Hammer","MutagenicStrength","Shovel","Bag of Marbles","Singing Bowl","Theresia","SacredBark","InkBottle","Red Mask","TungstenRod","Orichalcum"],"acts_visited":["Exordium","TheCity","TheBeyond"],"potions_floor_usage":[13,30,30,37,51,51],"damage_taken":[{"damage":0,"enemies":"2 Louse","floor":1,"turns":2},{"damage":0,"enemies":"Small Slimes","floor":5,"turns":1},{"damage":0,"enemies":"3 Sentries","floor":7,"turns":1},{"damage":0,"enemies":"Cultist","floor":8,"turns":2},{"damage":5,"enemies":"Looter","floor":10,"turns":3},{"damage":17,"enemies":"Blue Slaver","floor":13,"turns":9},{"damage":0,"enemies":"Large Slime","floor":14,"turns":3},{"damage":12,"enemies":"The Guardian","floor":16,"turns":8},{"damage":7,"enemies":"Shell Parasite","floor":18,"turns":4},{"damage":7,"enemies":"2 Thieves","floor":20,"turns":2},{"damage":14,"enemies":"Gremlin Leader","floor":24,"turns":3},{"damage":11,"enemies":"Snake Plant","floor":30,"turns":4},{"damage":2,"enemies":"Shelled Parasite and Fungi","floor":31,"turns":1},{"damage":9,"enemies":"Automaton","floor":33,"turns":4},{"damage":0,"enemies":"3 Shapes","floor":35,"turns":1},{"damage":0,"enemies":"3 Darklings","floor":36,"turns":2},{"damage":99,"enemies":"Sphere and 2 Shapes","floor":37,"turns":7},{"damage":0,"enemies":"Jaw Worm Horde","floor":38,"turns":1},{"damage":0,"enemies":"4 Shapes","floor":39,"turns":2},{"damage":0,"enemies":"Reptomancer","floor":41,"turns":2},{"damage":2,"enemies":"Giant Head","floor":46,"turns":2},{"damage":0,"enemies":"3 Darklings","floor":47,"turns":2},{"damage":0,"enemies":"Nemesis","floor":48,"turns":1},{"damage":72,"enemies":"FixerMidnight","floor":50,"turns":3},{"damage":6,"enemies":"Malkuth","floor":51,"turns":3},{"damage":23,"enemies":"Netzach","floor":51,"turns":5},{"damage":124,"enemies":"Geburah","floor":51,"turns":8},{"damage":141,"enemies":"Binah","floor":51,"turns":7},{"damage":43,"enemies":"Angela","floor":51,"turns":8}],"seed_played":"201781393687029562","potions_obtained":[{"floor":4,"key":"Ancient Potion"},{"floor":4,"key":"CultistPotion"},{"floor":4,"key":"FairyPotion"},{"floor":13,"key":"SmokeBomb"},{"floor":14,"key":"Block Potion"},{"floor":24,"key":"DistilledChaos"},{"floor":31,"key":"Ancient Potion"},{"floor":36,"key":"Block Potion"},{"floor":38,"key":"LiquidBronze"},{"floor":39,"key":"Regen Potion"},{"floor":46,"key":"Swift Potion"}],"is_trial":false,"path_per_floor":["M","?","?","?","M","R","E","M","T","M","R","$","M","M","R","B",null,"M","?","M","?","?","R","E","?","T","T","$","R","M","M","R","B",null,"M","M","M","M","M","R","E","R","T","R","?","E","M","E","R","B",null],"character_chosen":"Angela","items_purchased":["Shuriken","Master of Strategy+1","RedEyes+1"],"campfire_rested":0,"item_purchase_floors":[12,28,28],"current_hp_per_floor":[70,70,52,52,60,60,68,70,70,70,70,70,61,69,69,70,70,74,74,78,78,78,78,79,79,79,79,79,79,88,94,94,94,94,98,102,62,74,102,102,118,118,118,118,118,120,126,130,130,104],"gold":84,"neow_bonus":"THREE_ENEMY_KILL","is_daily":false,"chose_seed":false,"campfire_upgraded":0,"win_rate":0.0,"timestamp":1613439759,"path_taken":["M","?","?","?","?","R","E","M","T","M","R","$","M","M","R","BOSS","M","?","M","?","?","R","E","?","T","?","?","R","?","M","R","BOSS","M","M","?","M","M","R","E","R","T","R","?","E","M","E","R","BOSS"],"items_purchased_type":["Relic","Card","Card"],"build_version":"2020-12-22","purchased_purges":1,"victory":true,"max_hp_per_floor":[70,70,70,70,70,70,70,70,70,70,70,70,70,70,70,70,70,74,74,78,78,78,78,82,82,82,82,82,82,88,94,94,94,94,98,102,108,112,112,112,118,118,118,118,118,120,126,130,130,130],"card_choices":[{"not_picked":["Wingbeat"],"picked":"RapturousDream","floor":1},{"not_picked":["Woodsman","Scorched"],"picked":"Murderer","floor":1},{"not_picked":["Tough"],"picked":"WristCuter","floor":1},{"not_picked":["BearPaw"],"picked":"Harvest","floor":5},{"not_picked":["VoidDream","Bloodbath"],"picked":"OldLady","floor":7},{"not_picked":["SolemnVow","FourthMatchFlame"],"picked":"Adoration","floor":7},{"not_picked":["CrumblingArmor","CherryBlossoms"],"picked":"MeatLantern","floor":8},{"not_picked":["FrostShard","BlackSwan_ego"],"picked":"CENSORED_ego","floor":8},{"not_picked":["PunishingBird","Mercenary","SingingMachine"],"picked":"Singing Bowl","floor":10},{"not_picked":["MHz","CherryBlossoms"],"picked":"WallGazer","floor":10},{"not_picked":["Lantern","Penitence"],"picked":"Amita","floor":10},{"not_picked":["Lantern+1","CrimsonScar+1"],"picked":"Regret_ego+1","floor":13},{"not_picked":["HappyTeddy","FairyFestival"],"picked":"UniverseFragment","floor":13},{"not_picked":["Gaze+1","Noise+1"],"picked":"SomewhereSpear+1","floor":13},{"not_picked":["Wellcheers","Bloodbath"],"picked":"MHz","floor":14},{"not_picked":["Amita+1","Beak+1"],"picked":"Soda+1","floor":14},{"not_picked":["SoundOfStar+1","CENSORED_ego+1"],"picked":"GoldRush+1","floor":16},{"not_picked":["DreamingCurrent","SpiderBud","Wellcheers"],"picked":"Singing Bowl","floor":16},{"not_picked":["Pinks+1","TheSmile+1"],"picked":"Mimicry+1","floor":16},{"not_picked":["SwordSharpenedByTears+1","Lantern+1"],"picked":"TodaysExpression+1","floor":18},{"not_picked":["BigBadWolf","PunishingBird","Mercenary"],"picked":"Singing Bowl","floor":18},{"not_picked":["ShyLook","VoidDream"],"picked":"Scorched","floor":18},{"not_picked":["ShedSkin+1","Lantern+1"],"picked":"GrinderMk4+1","floor":18},{"not_picked":["Wellcheers","WhiteNight","SpiderBud"],"picked":"Singing Bowl","floor":20},{"not_picked":["Yin","PunishingBird"],"picked":"OSAHOGD","floor":20},{"not_picked":["Tough+1","Noise+1"],"picked":"Twilight+1","floor":20},{"not_picked":["BeautyBeast","BodiesMountain","CrumblingArmor"],"picked":"Singing Bowl","floor":24},{"not_picked":["SpiderBud","LittleHelper"],"picked":"CENSORED","floor":24},{"not_picked":["Pinks+1","Lantern+1"],"picked":"Beak+1","floor":24},{"not_picked":["CrumblingArmor","SingingMachine"],"picked":"Variant","floor":30},{"not_picked":["Tough+1","FourthMatchFlame+1","SolemnVow+1"],"picked":"Singing Bowl","floor":30},{"not_picked":["SpiderBud","BigBird","Porccubus"],"picked":"Singing Bowl","floor":31},{"not_picked":["VoidDream","HeroicMonk"],"picked":"LongBird","floor":31},{"not_picked":["SwordSharpenedByTears+1","Beak+1","Tough+1"],"picked":"Singing Bowl","floor":31},{"not_picked":["TheSmile+1","Twilight+1"],"picked":"GoldRush+1","floor":33},{"not_picked":["FieryBird","Yin","SpiderBud"],"picked":"Singing Bowl","floor":33},{"not_picked":["SoundOfStar+1","TheSmile+1"],"picked":"Twilight+1","floor":33},{"not_picked":["Freischutz","NakedNest","PunishingBird"],"picked":"Singing Bowl","floor":35},{"not_picked":["Woodsman","LittleHelper"],"picked":"MeltingLove","floor":35},{"not_picked":["SolemnVow+1","Amita+1"],"picked":"Harvest+1","floor":35},{"not_picked":["Freischutz","QueenBee"],"picked":"QueenOfHatred","floor":36},{"not_picked":["Noise+1","Wingbeat+1"],"picked":"WristCuter+1","floor":36},{"not_picked":["Noise+1","Mimicry+1"],"picked":"CherryBlossom+1","floor":37},{"not_picked":["Yin","PunishingBird","ShyLook"],"picked":"Singing Bowl","floor":37},{"not_picked":["Alriune","WhiteNight"],"picked":"Rudolta","floor":37},{"not_picked":["SomewhereSpear+1","Horn+1","RedEyes+1"],"picked":"Singing Bowl","floor":37},{"not_picked":["LittleHelper","WhitesApple"],"picked":"BlueStar","floor":38},{"not_picked":["SwordSharpenedByTears+1","CherryBlossom+1"],"picked":"GreenStem+1","floor":38},{"not_picked":["HeroicMonk","SnowQueen","ShyLook"],"picked":"Singing Bowl","floor":39},{"not_picked":["Noise+1","Hypocrisy+1"],"picked":"CherryBlossom+1","floor":39},{"not_picked":["BigBird","LaLuna"],"picked":"GreedKing","floor":41},{"not_picked":["SoundOfStar+1","Discord+1","Noise+1"],"picked":"Singing Bowl","floor":41},{"not_picked":["LaLuna","RedShoes","BlackSwan"],"picked":"Singing Bowl","floor":46},{"not_picked":["Heaven+1","Tough+1","FrostShard+1"],"picked":"Singing Bowl","floor":46},{"not_picked":["FieryBird","GalaxyChild","Yin"],"picked":"Singing Bowl","floor":47},{"not_picked":["FieryBird","ShyLook"],"picked":"BlackArmy","floor":47},{"not_picked":["SomewhereSpear+1","Wingbeat+1","Penitence+1"],"picked":"Singing Bowl","floor":47},{"not_picked":["GalaxyChild","ShyLook"],"picked":"Scarecrow","floor":48},{"not_picked":["BearPaw+1","Galaxy+1"],"picked":"Hornet+1","floor":48}],"player_experience":439055,"relics_obtained":[{"floor":1,"key":"LetterFromLob"},{"floor":7,"key":"CaptainsWheel"},{"floor":9,"key":"Lizard Tail"},{"floor":24,"key":"Shovel"},{"floor":26,"key":"Bag of Marbles"},{"floor":27,"key":"Singing Bowl"},{"floor":41,"key":"InkBottle"},{"floor":46,"key":"TungstenRod"},{"floor":48,"key":"Orichalcum"}],"event_choices":[{"damage_healed":0,"gold_gain":0,"player_choice":"Leave","damage_taken":0,"max_hp_gain":0,"max_hp_loss":0,"event_name":"The Cleric","floor":2,"gold_loss":0},{"damage_healed":0,"gold_gain":0,"player_choice":"Success","damage_taken":18,"relics_obtained":["Bird Faced Urn"],"max_hp_gain":0,"max_hp_loss":0,"event_name":"Scrap Ooze","floor":3,"gold_loss":0},{"damage_healed":0,"gold_gain":0,"player_choice":"Got Potions","damage_taken":0,"max_hp_gain":0,"max_hp_loss":0,"event_name":"Lab","floor":4,"gold_loss":0},{"damage_healed":0,"gold_gain":99,"player_choice":"Stole From Cult","damage_taken":0,"max_hp_gain":0,"max_hp_loss":0,"event_name":"Nest","floor":19,"gold_loss":0},{"damage_healed":0,"gold_gain":0,"player_choice":"Ignored","damage_taken":0,"max_hp_gain":0,"max_hp_loss":0,"event_name":"Ghosts","floor":21,"gold_loss":0},{"damage_healed":0,"gold_gain":0,"player_choice":"Inject Mutagens","damage_taken":0,"relics_obtained":["MutagenicStrength"],"max_hp_gain":0,"max_hp_loss":0,"event_name":"Drug Dealer","floor":22,"gold_loss":0},{"damage_healed":0,"gold_gain":0,"player_choice":"Read","damage_taken":0,"max_hp_gain":0,"max_hp_loss":0,"event_name":"The Library","floor":25,"gold_loss":0,"cards_obtained":["BloodyDesire"]},{"damage_healed":0,"gold_gain":0,"player_choice":"Paid","damage_taken":0,"relics_obtained":["Red Mask"],"max_hp_gain":0,"max_hp_loss":0,"event_name":"Tomb of Lord Red Mask","floor":45,"gold_loss":323}],"is_beta":false,"boss_relics":[{"not_picked":["Calling Bell","Busted Crown"],"picked":"Fusion Hammer"},{"not_picked":["Snecko Eye","Sozu"],"picked":"SacredBark"}],"items_purged_floors":[28],"is_endless":false,"potions_floor_spawned":[13,14,16,18,24,31,36,38,39,46],"ascension_level":1}}