{"host":"jwpp8hxpigr0nknu","time":1613504758,"event":{"mods":["BaseMod","BetterRewards","Colored Map","Colored Powertips","Minty Spire (QoL Compilation)","Rare Cards Sparkle","Shop Mod","StSLib"],"gold_per_floor":[115,115,115,129,1,36,36,72,72,103,147,180,201,126,126,249,249,269,269,24,24,60,113,154,194,194,241,141,141,189,229,238,368,368,401,401,63,86,86,128,128,470,544,580,580,618,658,667,667,807,807,832,863,813,813,834,869,905,949,949,997,1022,1067,645,190,190,316,316,343,14,14,27,41,76,76],"floor_reached":74,"language":"ENG","playtime":3862,"items_purged":["Headbutt","Twin Strike","Heavy Blade","Twin Strike+1"],"score":3022,"play_id":"1ea3cf8b-28b3-422b-b981-c141797632dd","local_time":"20210216134558","daily_mods":["Draft","Heirloom","Flight","DeadlyEvents","Elite Swarm"],"is_ascension_mode":true,"campfire_choices":[{"data":"Seeing Red","floor":7.0,"key":"SMITH"},{"data":"Dark Embrace","floor":15.0,"key":"SMITH"},{"data":"Exhume","floor":29.0,"key":"SMITH"},{"floor":32.0,"key":"REST"},{"data":"Berserk","floor":41.0,"key":"SMITH"},{"data":"Exhume","floor":45.0,"key":"SMITH"},{"data":"Sentinel","floor":49.0,"key":"SMITH"},{"data":"Limit Break","floor":66.0,"key":"SMITH"}],"circlet_count":0,"master_deck":["Havoc","Rage","Sword Boomerang+1","Inflame","Uppercut","Warcry","Havoc+1","Seeing Red+1","Ghostly Armor+1","Carnage","Sentinel","Demon Form","Immolate","Reaper","Offering","Offering","Fiend Fire","Dark Embrace+1","Berserk+1","Necronomicurse","Sentinel+1","Corruption","Double Tap","Exhume+1","Reaper","Limit Break+1","Inflame","Impervious","Seeing Red+1","Feel No Pain","Offering","Impervious","Exhume+1","Thinking Ahead","Limit Break","Offering","Reaper","Rage+1","Whirlwind"],"relics":["Black Blood","Ginger","Golden Idol","Pocketwatch","Du-Vu Doll","Meat on the Bone","Bird Faced Urn","InkBottle","Whetstone","Black Star","Necronomicon","Mummified Hand","Ice Cream","Charon\u0027s Ashes","CeramicFish","CaptainsWheel","Thread and Needle","White Beast Statue","Unceasing Top","Incense Burner","FossilizedHelix","Vajra","Mango","Anchor","Magic Flower","Dream Catcher","Prayer Wheel","SacredBark","Pen Nib","Champion Belt","Centennial Puzzle","Pear","Old Coin","Sundial","Bottled Tornado","HornCleat","Singing Bowl","Boot","Shuriken","Calipers","Odd Mushroom","Torii","Lantern","Toy Ornithopter","War Paint","Oddly Smooth Stone","Runic Dome","Kunai"],"acts_visited":["Exordium","TheCity","TheBeyond","Exordium","TheCity"],"potions_floor_usage":[],"damage_taken":[{"damage":12.0,"enemies":"Small Slimes","floor":1.0,"turns":2.0},{"damage":0.0,"enemies":"Jaw Worm","floor":4.0,"turns":3.0},{"damage":20.0,"enemies":"Lagavulin","floor":6.0,"turns":5.0},{"damage":0.0,"enemies":"Gremlin Nob","floor":8.0,"turns":2.0},{"damage":10.0,"enemies":"Lagavulin","floor":10.0,"turns":5.0},{"damage":20.0,"enemies":"3 Sentries","floor":11.0,"turns":3.0},{"damage":24.0,"enemies":"Gremlin Nob","floor":12.0,"turns":3.0},{"damage":0.0,"enemies":"2 Louse","floor":13.0,"turns":2.0},{"damage":37.0,"enemies":"The Guardian","floor":16.0,"turns":5.0},{"damage":27.0,"enemies":"Shell Parasite","floor":18.0,"turns":3.0},{"damage":47.0,"enemies":"Slavers","floor":22.0,"turns":3.0},{"damage":38.0,"enemies":"Gremlin Leader","floor":23.0,"turns":3.0},{"damage":36.0,"enemies":"Slavers","floor":24.0,"turns":2.0},{"damage":12.0,"enemies":"Gremlin Leader","floor":25.0,"turns":2.0},{"damage":6.0,"enemies":"Book of Stabbing","floor":27.0,"turns":1.0},{"damage":39.0,"enemies":"Slavers","floor":30.0,"turns":3.0},{"damage":3.0,"enemies":"Book of Stabbing","floor":31.0,"turns":2.0},{"damage":12.0,"enemies":"Champ","floor":33.0,"turns":4.0},{"damage":12.0,"enemies":"Orb Walker","floor":35.0,"turns":1.0},{"damage":0.0,"enemies":"3 Shapes","floor":38.0,"turns":1.0},{"damage":18.0,"enemies":"Giant Head","floor":40.0,"turns":2.0},{"damage":6.0,"enemies":"Nemesis","floor":42.0,"turns":3.0},{"damage":1.0,"enemies":"Reptomancer","floor":44.0,"turns":1.0},{"damage":18.0,"enemies":"Nemesis","floor":46.0,"turns":3.0},{"damage":6.0,"enemies":"Reptomancer","floor":47.0,"turns":2.0},{"damage":12.0,"enemies":"Donu and Deca","floor":50.0,"turns":2.0},{"damage":6.0,"enemies":"Small Slimes","floor":52.0,"turns":1.0},{"damage":6.0,"enemies":"The Mushroom Lair","floor":53.0,"turns":1.0},{"damage":6.0,"enemies":"Cultist","floor":56.0,"turns":1.0},{"damage":2.0,"enemies":"Lagavulin","floor":57.0,"turns":2.0},{"damage":12.0,"enemies":"3 Sentries","floor":58.0,"turns":2.0},{"damage":12.0,"enemies":"Lagavulin","floor":59.0,"turns":1.0},{"damage":0.0,"enemies":"Gremlin Nob","floor":61.0,"turns":2.0},{"damage":0.0,"enemies":"2 Louse","floor":62.0,"turns":1.0},{"damage":12.0,"enemies":"3 Sentries","floor":63.0,"turns":1.0},{"damage":24.0,"enemies":"Hexaghost","floor":67.0,"turns":1.0},{"damage":6.0,"enemies":"3 Byrds","floor":69.0,"turns":1.0},{"damage":12.0,"enemies":"2 Thieves","floor":72.0,"turns":1.0},{"damage":6.0,"enemies":"Sentry and Sphere","floor":73.0,"turns":1.0},{"damage":3.0,"enemies":"Gremlin Leader","floor":74.0,"turns":1.0}],"seed_played":"-8372215974664707031","potions_obtained":[{"floor":4.0,"key":"ColorlessPotion"},{"floor":8.0,"key":"ElixirPotion"},{"floor":12.0,"key":"ColorlessPotion"},{"floor":16.0,"key":"BloodPotion"},{"floor":18.0,"key":"Energy Potion"},{"floor":25.0,"key":"Energy Potion"},{"floor":27.0,"key":"LiquidBronze"},{"floor":30.0,"key":"EssenceOfSteel"},{"floor":31.0,"key":"SteroidPotion"},{"floor":33.0,"key":"PowerPotion"},{"floor":35.0,"key":"EssenceOfSteel"},{"floor":38.0,"key":"Block Potion"},{"floor":40.0,"key":"Swift Potion"},{"floor":42.0,"key":"Ancient Potion"},{"floor":47.0,"key":"Swift Potion"},{"floor":50.0,"key":"Dexterity Potion"},{"floor":52.0,"key":"LiquidMemories"},{"floor":53.0,"key":"SkillPotion"},{"floor":58.0,"key":"Energy Potion"},{"floor":63.0,"key":"Energy Potion"},{"floor":67.0,"key":"Energy Potion"},{"floor":69.0,"key":"SkillPotion"},{"floor":74,"key":"Weak Potion"}],"is_trial":true,"path_per_floor":["M","?","?","M","$","E","R","E","T","E","E","E","M","$","R","B",null,"M","?","$","?","E","E","E","E","T","E","$","R","E","E","R","B",null,"M","?","$","M","?","E","R","E","T","E","R","E","E","?","R","B",null,"M","?","?","?","M","E","E","E","T","E","M","E","$","$","R","B",null,"M","$","?","M","M","E"],"character_chosen":"IRONCLAD","items_purchased":["Demon Form","Twin Strike","Mummified Hand","Pen Nib","Feel No Pain","Offering","Lantern","Toy Ornithopter","War Paint","Oddly Smooth Stone","Kunai","Whirlwind"],"campfire_rested":1,"item_purchase_floors":[5,5,20,37,37,37,64,64,65,65,70,70],"current_hp_per_floor":[66,71,50,56,56,42,42,48,48,54,71,63,69,69,69,51,77,64,48,48,48,43,49,51,85,85,99,99,99,68,99,99,99,99,99,99,99,99,94,94,94,104,104,104,104,103,108,108,108,108,108,112,114,114,107,118,120,122,124,124,124,128,128,128,128,128,130,130,132,132,132,136,140,140,140],"gold":76,"neow_bonus":"","is_daily":false,"chose_seed":false,"campfire_upgraded":7,"win_rate":0.0,"timestamp":1613504758,"path_taken":["M","?","?","M","?","E","R","E","T","E","E","E","?","$","R","BOSS","M","?","?","?","?","E","E","E","T","E","$","R","E","E","R","BOSS","M","?","$","M","?","E","R","E","T","E","R","E","E","?","R","BOSS","M","?","?","?","?","E","E","E","T","E","M","E","$","$","R","BOSS","M","$","?","?","?","E"],"items_purchased_type":["Card","Card","Relic","Relic","Card","Card","Relic","Relic","Relic","Relic","Relic","Card"],"build_version":"2020-12-22","purchased_purges":4,"victory":false,"max_hp_per_floor":[80,85,85,85,85,85,85,85,85,85,85,85,85,85,85,85,85,85,85,85,85,85,85,85,85,85,99,99,99,99,99,99,99,99,99,99,99,99,94,94,94,104,104,104,104,106,108,108,108,108,108,112,114,114,114,118,120,122,124,124,124,128,128,128,128,128,130,130,132,132,132,136,140,140,140],"card_choices":[{"not_picked":["Pommel Strike","Warcry"],"picked":"Heavy Blade","floor":0.0},{"not_picked":["Rampage","Pommel Strike"],"picked":"Havoc","floor":0.0},{"not_picked":["Wild Strike","Anger"],"picked":"Twin Strike","floor":0.0},{"not_picked":["Thunderclap","Wild Strike"],"picked":"Rage","floor":0.0},{"not_picked":["Warcry","Perfected Strike"],"picked":"Spot Weakness","floor":0.0},{"not_picked":["Havoc","Clothesline"],"picked":"Sword Boomerang","floor":0.0},{"not_picked":["Pommel Strike","Dark Embrace"],"picked":"Inflame","floor":0.0},{"not_picked":["Pommel Strike","Anger"],"picked":"Uppercut","floor":0.0},{"not_picked":["Clash","Rampage"],"picked":"Warcry","floor":0.0},{"not_picked":["Havoc","Iron Wave"],"picked":"Armaments","floor":0.0},{"not_picked":["Searing Blow","Clash"],"picked":"Headbutt","floor":0.0},{"not_picked":["Clash","Body Slam"],"picked":"Havoc","floor":0.0},{"not_picked":["Body Slam","Feel No Pain"],"picked":"Seeing Red","floor":0.0},{"not_picked":["Body Slam","Clothesline"],"picked":"Ghostly Armor","floor":0.0},{"not_picked":["Pummel","Clash"],"picked":"Carnage","floor":0.0},{"not_picked":["Disarm","Shrug It Off"],"picked":"Sentinel","floor":1.0},{"not_picked":["Pommel Strike","Iron Wave","Rupture"],"picked":"SKIP","floor":4.0},{"not_picked":["Barricade","Corruption"],"picked":"Immolate","floor":6.0},{"not_picked":["Corruption","Brutality"],"picked":"Reaper","floor":8.0},{"not_picked":["Barricade","Immolate"],"picked":"Offering","floor":10.0},{"not_picked":["Demon Form","Berserk"],"picked":"Offering","floor":11.0},{"not_picked":["Juggernaut","Barricade"],"picked":"Fiend Fire","floor":12.0},{"not_picked":["Reckless Charge","Hemokinesis"],"picked":"Dark Embrace","floor":13.0},{"not_picked":["Immolate","Bludgeon"],"picked":"Berserk","floor":16.0},{"not_picked":["Anger","Havoc+1","Shrug It Off"],"picked":"SKIP","floor":18.0},{"not_picked":["Offering","Demon Form"],"picked":"Corruption","floor":22.0},{"not_picked":["Immolate","Feed"],"picked":"Double Tap","floor":23.0},{"not_picked":["Brutality","Juggernaut","Bludgeon"],"picked":"SKIP","floor":24.0},{"not_picked":["Brutality","Immolate"],"picked":"Double Tap","floor":25.0},{"not_picked":["Reaper","Impervious"],"picked":"Exhume","floor":27.0},{"not_picked":["Juggernaut","Bludgeon"],"picked":"Reaper","floor":30.0},{"not_picked":["Bludgeon","Brutality"],"picked":"Limit Break","floor":31.0},{"not_picked":["Havoc","Iron Wave"],"picked":"Inflame","floor":32.0},{"not_picked":["Fiend Fire","Double Tap"],"picked":"Impervious","floor":33.0},{"not_picked":["Pummel","Feel No Pain"],"picked":"Seeing Red+1","floor":35.0},{"not_picked":["Headbutt+1","Disarm","Cleave"],"picked":"SKIP","floor":35.0},{"not_picked":["Shrug It Off","Clash+1","Flex+1"],"picked":"SKIP","floor":38.0},{"not_picked":["Clash","Hemokinesis+1","Rampage"],"picked":"SKIP","floor":38.0},{"not_picked":["Feed","Demon Form"],"picked":"Impervious","floor":40.0},{"not_picked":["Impervious","Double Tap"],"picked":"Exhume","floor":42.0},{"not_picked":["Double Tap","Bludgeon","Brutality"],"picked":"SKIP","floor":44.0},{"not_picked":["Immolate","Fiend Fire","Corruption"],"picked":"Singing Bowl","floor":46.0},{"not_picked":["Bludgeon","Demon Form","Juggernaut"],"picked":"Singing Bowl","floor":47.0},{"not_picked":["Impatience","Flash of Steel"],"picked":"Thinking Ahead","floor":48.0},{"not_picked":["Impervious","Corruption"],"picked":"Limit Break","floor":50.0},{"not_picked":["Dropkick","Rampage","Iron Wave"],"picked":"Singing Bowl","floor":52.0},{"not_picked":["Heavy Blade","Clothesline","Anger"],"picked":"Singing Bowl","floor":52.0},{"not_picked":["Armaments","Pummel","Uppercut"],"picked":"Singing Bowl","floor":53.0},{"not_picked":["Anger","Sword Boomerang","Juggernaut"],"picked":"Singing Bowl","floor":56.0},{"not_picked":["Flex","Wild Strike","Clothesline"],"picked":"Singing Bowl","floor":56.0},{"not_picked":["Immolate","Bludgeon","Brutality"],"picked":"Singing Bowl","floor":57.0},{"not_picked":["Reaper","Limit Break","Fiend Fire"],"picked":"Singing Bowl","floor":58.0},{"not_picked":["Fiend Fire","Juggernaut","Berserk"],"picked":"Singing Bowl","floor":59.0},{"not_picked":["Juggernaut","Immolate"],"picked":"Offering","floor":61.0},{"not_picked":["Spot Weakness","Perfected Strike","Body Slam"],"picked":"Singing Bowl","floor":62.0},{"not_picked":["Inflame","Wild Strike","Perfected Strike"],"picked":"Singing Bowl","floor":62.0},{"not_picked":["Impervious","Bludgeon"],"picked":"Reaper","floor":63.0},{"not_picked":["Feed","Bludgeon","Immolate"],"picked":"Singing Bowl","floor":67.0},{"not_picked":["Pommel Strike","Clash"],"picked":"Rage+1","floor":69.0},{"not_picked":["Thunderclap","Blood for Blood","Pommel Strike+1"],"picked":"Singing Bowl","floor":69.0},{"not_picked":["Hemokinesis","Heavy Blade+1","Clothesline+1"],"picked":"Singing Bowl","floor":72.0},{"not_picked":["Heavy Blade","Power Through","Dropkick"],"picked":"Singing Bowl","floor":72.0},{"not_picked":["Combust+1","Fiend Fire","Perfected Strike"],"picked":"Singing Bowl","floor":73.0},{"not_picked":["Perfected Strike","Fire Breathing","Ghostly Armor+1"],"picked":"Singing Bowl","floor":73.0}],"player_experience":384278,"relics_obtained":[{"floor":6.0,"key":"Pocketwatch"},{"floor":8.0,"key":"Du-Vu Doll"},{"floor":9.0,"key":"Meat on the Bone"},{"floor":10.0,"key":"Bird Faced Urn"},{"floor":11.0,"key":"InkBottle"},{"floor":12.0,"key":"Whetstone"},{"floor":19.0,"key":"Necronomicon"},{"floor":22.0,"key":"Ice Cream"},{"floor":22.0,"key":"Charon\u0027s Ashes"},{"floor":23.0,"key":"CeramicFish"},{"floor":23.0,"key":"CaptainsWheel"},{"floor":24.0,"key":"Thread and Needle"},{"floor":24.0,"key":"White Beast Statue"},{"floor":25.0,"key":"Unceasing Top"},{"floor":25.0,"key":"Incense Burner"},{"floor":26.0,"key":"FossilizedHelix"},{"floor":27.0,"key":"Vajra"},{"floor":27.0,"key":"Mango"},{"floor":30.0,"key":"Anchor"},{"floor":30.0,"key":"Magic Flower"},{"floor":31.0,"key":"Dream Catcher"},{"floor":31.0,"key":"Prayer Wheel"},{"floor":40.0,"key":"Champion Belt"},{"floor":40.0,"key":"Centennial Puzzle"},{"floor":42.0,"key":"Pear"},{"floor":42.0,"key":"Old Coin"},{"floor":43.0,"key":"Sundial"},{"floor":44.0,"key":"Bottled Tornado"},{"floor":44.0,"key":"HornCleat"},{"floor":46.0,"key":"Singing Bowl"},{"floor":46.0,"key":"Boot"},{"floor":47.0,"key":"Shuriken"},{"floor":47.0,"key":"Calipers"},{"floor":53.0,"key":"Odd Mushroom"},{"floor":60.0,"key":"Torii"}],"event_choices":[{"damage_healed":0.0,"max_hp_gain":5.0,"max_hp_loss":0.0,"gold_gain":0.0,"event_name":"Big Fish","player_choice":"Donut","floor":2.0,"gold_loss":0.0,"damage_taken":0.0},{"damage_healed":0.0,"max_hp_gain":0.0,"max_hp_loss":0.0,"gold_gain":0.0,"event_name":"Golden Idol","player_choice":"Take Damage","floor":3.0,"gold_loss":0.0,"damage_taken":21.0,"relics_obtained":["Golden Idol"]},{"damage_healed":0.0,"max_hp_gain":0.0,"max_hp_loss":0.0,"gold_gain":0.0,"event_name":"Cursed Tome","player_choice":"Obtained Book","floor":19.0,"gold_loss":0.0,"damage_taken":16.0},{"damage_healed":0.0,"max_hp_gain":0.0,"max_hp_loss":0.0,"gold_gain":0.0,"event_name":"Duplicator","player_choice":"Copied","floor":21.0,"gold_loss":0.0,"damage_taken":0.0,"cards_obtained":["Sentinel"]},{"cards_removed":["Double Tap"],"damage_healed":0.0,"max_hp_gain":0.0,"max_hp_loss":0.0,"gold_gain":0.0,"event_name":"Falling","player_choice":"Removed Skill","floor":36.0,"gold_loss":0.0,"damage_taken":0.0},{"damage_healed":0.0,"max_hp_gain":0.0,"max_hp_loss":5.0,"gold_gain":0.0,"event_name":"Winding Halls","player_choice":"Max HP","floor":39.0,"gold_loss":0.0,"damage_taken":0.0},{"damage_healed":0.0,"max_hp_gain":0.0,"max_hp_loss":0.0,"gold_gain":0.0,"event_name":"SensoryStone","player_choice":"Memory 1","floor":48.0,"gold_loss":0.0,"damage_taken":0.0},{"damage_healed":0.0,"max_hp_gain":0.0,"max_hp_loss":0.0,"gold_gain":0.0,"event_name":"Mushrooms","player_choice":"Fought Mushrooms","floor":53.0,"gold_loss":0.0,"damage_taken":0.0},{"cards_removed":["Armaments"],"damage_healed":0.0,"max_hp_gain":0.0,"max_hp_loss":0.0,"gold_gain":0.0,"event_name":"The Cleric","player_choice":"Card Removal","floor":54.0,"gold_loss":50.0,"damage_taken":0.0},{"cards_removed":["Spot Weakness"],"damage_healed":0.0,"max_hp_gain":0.0,"max_hp_loss":0.0,"gold_gain":0.0,"event_name":"Golden Wing","player_choice":"Card Removal","floor":55.0,"gold_loss":0.0,"damage_taken":7.0},{"damage_healed":0.0,"max_hp_gain":0.0,"max_hp_loss":0.0,"gold_gain":0.0,"event_name":"Ghosts","player_choice":"Ignored","floor":71.0,"gold_loss":0.0,"damage_taken":0.0}],"is_beta":false,"boss_relics":[{"not_picked":["Snecko Eye","Mark of Pain"],"picked":"Black Star"},{"not_picked":["Busted Crown","Calling Bell"],"picked":"SacredBark"},{"not_picked":["Runic Pyramid","SlaversCollar"],"picked":"Black Blood"},{"not_picked":["Runic Cube","Velvet Choker"],"picked":"Runic Dome"}],"items_purged_floors":[14,28,64,65],"is_endless":true,"potions_floor_spawned":[4,8,12,16,18,25,27,30,31,33,35,38,40,42,44,46,47,50,52,53,56,57,58,59,61,62,63,67,69,72,73,74],"killed_by":"Gremlin Leader","ascension_level":9}}