{"host":"97k3n5kp0psabqmo","time":1613449988,"event":{"mods":["BaseMod","Colored Powertips","Minty Spire (QoL Compilation)","StSLib"],"gold_per_floor":[16,91,102,120,0,30,30,62,62,79,79,28,41,51,51,152,152,165,165,165,180,30,62,62,62,62,88,107,107,123,137,137,233,233,245,40,59,59,109,141,141,194,270,290,301,332,332,366,366,366],"floor_reached":51,"language":"ENG","playtime":1898,"items_purged":["Strike_R","Strike_R","Bash"],"score":1150,"play_id":"50b279f7-72a5-402a-a567-b168b7f8957b","local_time":"20210215233308","is_ascension_mode":true,"campfire_choices":[{"data":"Body Slam","floor":7.0,"key":"SMITH"},{"data":"Juggernaut","floor":11.0,"key":"SMITH"},{"data":"True Grit","floor":15.0,"key":"SMITH"},{"data":"Body Slam","floor":24.0,"key":"SMITH"},{"data":"True Grit","floor":32,"key":"SMITH"},{"data":"Entrench","floor":41,"key":"SMITH"},{"data":"Strike_R+1","floor":47,"key":"PURGE"},{"data":"Strike_R+1","floor":49,"key":"PURGE"}],"circlet_count":0,"master_deck":["Strike_R+1","Defend_R+1","Defend_R+1","Defend_R+1","Defend_R+1","Juggernaut+1","Body Slam+1","Battle Trance","Shrug It Off","Body Slam+1","True Grit+1","Disarm","Flame Barrier","Impervious","Ghostly Armor","Shrug It Off","True Grit+1","Fire Breathing+1","Barricade+1","Body Slam+1","Juggernaut","Entrench+1","Dramatic Entrance"],"relics":["Burning Blood","Happy Flower","Thread and Needle","Bottled Tornado","Mark of Pain","Enchiridion","MutagenicStrength","Shuriken","Eternal Feather","Mango","Busted Crown","TungstenRod","Juzu Bracelet","Peace Pipe","Gremlin Horn","MealTicket","Singing Bowl"],"acts_visited":["Exordium","TheCity","TheBeyond"],"potions_floor_usage":[30,33,33,39,42,50,50],"damage_taken":[{"damage":18.0,"enemies":"2 Louse","floor":1.0,"turns":3.0},{"damage":0.0,"enemies":"Cultist","floor":3.0,"turns":4.0},{"damage":7.0,"enemies":"Jaw Worm","floor":4.0,"turns":4.0},{"damage":20.0,"enemies":"Lagavulin","floor":6.0,"turns":9.0},{"damage":24.0,"enemies":"Gremlin Nob","floor":8.0,"turns":4.0},{"damage":4.0,"enemies":"Blue Slaver","floor":10.0,"turns":2.0},{"damage":1.0,"enemies":"2 Fungi Beasts","floor":13.0,"turns":3.0},{"damage":3.0,"enemies":"Red Slaver","floor":14.0,"turns":3.0},{"damage":0.0,"enemies":"Slime Boss","floor":16.0,"turns":9.0},{"damage":0.0,"enemies":"3 Byrds","floor":18.0,"turns":4.0},{"damage":3.0,"enemies":"Shell Parasite","floor":21.0,"turns":4.0},{"damage":7.0,"enemies":"Book of Stabbing","floor":23.0,"turns":4.0},{"damage":0,"enemies":"Gremlin Leader","floor":27,"turns":6},{"damage":0,"enemies":"Cultist and Chosen","floor":28,"turns":4},{"damage":1,"enemies":"Sentry and Sphere","floor":30,"turns":3},{"damage":0,"enemies":"Centurion and Healer","floor":31,"turns":4},{"damage":0,"enemies":"Collector","floor":33,"turns":6},{"damage":0,"enemies":"3 Shapes","floor":35,"turns":3},{"damage":9,"enemies":"3 Darklings","floor":37,"turns":3},{"damage":20,"enemies":"Mind Bloom Boss Battle","floor":39,"turns":5},{"damage":3,"enemies":"Reptomancer","floor":40,"turns":4},{"damage":15,"enemies":"2 Orb Walkers","floor":42,"turns":4},{"damage":25,"enemies":"4 Shapes","floor":44,"turns":3},{"damage":0,"enemies":"Transient","floor":45,"turns":5},{"damage":0,"enemies":"Nemesis","floor":46,"turns":6},{"damage":0,"enemies":"Giant Head","floor":48,"turns":4},{"damage":9,"enemies":"Donu and Deca","floor":50,"turns":6}],"seed_played":"-5197079559017604207","potions_obtained":[{"floor":3.0,"key":"DistilledChaos"},{"floor":10.0,"key":"Ancient Potion"},{"floor":13.0,"key":"Dexterity Potion"},{"floor":16.0,"key":"Strength Potion"},{"floor":18.0,"key":"Explosive Potion"},{"floor":27,"key":"GamblersBrew"},{"floor":30,"key":"AttackPotion"},{"floor":33,"key":"Block Potion"},{"floor":37,"key":"Regen Potion"},{"floor":44,"key":"BlessingOfTheForge"},{"floor":48,"key":"Ancient Potion"}],"is_trial":false,"path_per_floor":["M","?","M","M","$","E","R","E","T","M","R","$","M","M","R","B",null,"M","?","?","M","$","E","R","?","T","E","M","?","M","M","R","B",null,"M","$","M","?","?","E","R","?","T","M","M","E","R","E","R","B",null],"character_chosen":"IRONCLAD","items_purchased":["Shrug It Off","True Grit","Shrug It Off","Entrench"],"campfire_rested":0,"item_purchase_floors":[5,12,22,36],"current_hp_per_floor":[68,60,66,65,65,51,51,33,33,35,35,35,40,43,43,49,80,80,64,64,67,67,66,66,66,66,86,92,92,94,94,94,94,94,94,94,91,86,81,84,94,85,85,66,72,78,93,96,96,93],"gold":366,"neow_bonus":"THREE_RARE_CARDS","is_daily":false,"chose_seed":false,"campfire_upgraded":6,"win_rate":0.0,"timestamp":1613449988,"path_taken":["M","?","M","?","?","E","R","E","T","?","R","?","M","M","R","BOSS","M","?","?","M","$","E","R","?","T","E","M","?","?","M","R","BOSS","M","$","M","?","?","E","R","?","T","M","M","E","R","E","R","BOSS"],"items_purchased_type":["Card","Card","Card","Card"],"build_version":"2020-12-22","purchased_purges":3,"victory":true,"max_hp_per_floor":[80,80,80,80,80,80,80,80,80,80,80,80,80,80,80,80,80,80,80,80,80,80,80,80,80,80,94,94,94,94,94,94,94,94,94,94,94,94,94,94,94,94,94,94,94,94,94,96,96,96],"card_choices":[{"not_picked":["Limit Break","Demon Form"],"picked":"Juggernaut","floor":0.0},{"not_picked":["Heavy Blade","Thunderclap"],"picked":"Body Slam","floor":1.0},{"not_picked":["Twin Strike","Cleave"],"picked":"Battle Trance","floor":3.0},{"not_picked":["Twin Strike","Rampage","Anger"],"picked":"SKIP","floor":4.0},{"not_picked":["Headbutt","Havoc","Second Wind"],"picked":"SKIP","floor":6.0},{"not_picked":["Combust","Wild Strike","Perfected Strike"],"picked":"SKIP","floor":8.0},{"not_picked":["Wild Strike","Thunderclap"],"picked":"Body Slam","floor":10.0},{"not_picked":["Exhume","Flex"],"picked":"Disarm","floor":13.0},{"not_picked":["Anger","True Grit"],"picked":"Flame Barrier","floor":14.0},{"not_picked":["Fiend Fire","Reaper"],"picked":"Impervious","floor":16.0},{"not_picked":["Flex","Warcry","Heavy Blade"],"picked":"SKIP","floor":18.0},{"not_picked":["Pommel Strike+1","Anger"],"picked":"Ghostly Armor","floor":21.0},{"not_picked":["Havoc","Whirlwind"],"picked":"True Grit","floor":23.0},{"not_picked":["Sword Boomerang","Power Through"],"picked":"Fire Breathing+1","floor":27},{"not_picked":["Rampage","Havoc+1"],"picked":"Barricade","floor":28},{"not_picked":["Rupture","Clash","Twin Strike"],"picked":"SKIP","floor":30},{"not_picked":["Iron Wave","Wild Strike+1"],"picked":"Body Slam+1","floor":31},{"not_picked":["Berserk","Feed"],"picked":"Juggernaut","floor":33},{"not_picked":["Warcry"],"picked":"SKIP","floor":35},{"not_picked":["Thunderclap"],"picked":"SKIP","floor":37},{"not_picked":[],"picked":"Dramatic Entrance","floor":38},{"not_picked":["Clothesline+1"],"picked":"SKIP","floor":40},{"not_picked":["Dropkick"],"picked":"SKIP","floor":44},{"not_picked":["Thunderclap"],"picked":"SKIP","floor":45},{"not_picked":["Second Wind+1"],"picked":"SKIP","floor":46},{"not_picked":["Second Wind+1"],"picked":"SKIP","floor":46},{"not_picked":["Rupture+1"],"picked":"Singing Bowl","floor":48}],"player_experience":74826,"relics_obtained":[{"floor":6.0,"key":"Happy Flower"},{"floor":8.0,"key":"Thread and Needle"},{"floor":9.0,"key":"Bottled Tornado"},{"floor":19.0,"key":"Enchiridion"},{"floor":23.0,"key":"Shuriken"},{"floor":26,"key":"Eternal Feather"},{"floor":27,"key":"Mango"},{"floor":39,"key":"TungstenRod"},{"floor":40,"key":"Juzu Bracelet"},{"floor":42,"key":"Peace Pipe"},{"floor":43,"key":"Gremlin Horn"},{"floor":46,"key":"MealTicket"},{"floor":48,"key":"Singing Bowl"}],"event_choices":[{"damage_healed":0.0,"max_hp_gain":0.0,"max_hp_loss":0.0,"gold_gain":75.0,"event_name":"FaceTrader","player_choice":"Touch","floor":2.0,"gold_loss":0.0,"damage_taken":8.0},{"damage_healed":0.0,"max_hp_gain":0.0,"max_hp_loss":0.0,"gold_gain":0.0,"event_name":"Cursed Tome","player_choice":"Obtained Book","floor":19.0,"gold_loss":0.0,"damage_taken":16.0},{"damage_healed":0.0,"max_hp_gain":0.0,"max_hp_loss":0.0,"gold_gain":0.0,"event_name":"Drug Dealer","player_choice":"Inject Mutagens","floor":20.0,"gold_loss":0.0,"damage_taken":0.0,"relics_obtained":["MutagenicStrength"]},{"damage_healed":0,"gold_gain":0,"player_choice":"Simplicity","damage_taken":0,"max_hp_gain":0,"max_hp_loss":0,"event_name":"Back to Basics","floor":25,"gold_loss":0,"cards_upgraded":["Strike_R","Strike_R","Strike_R","Defend_R","Defend_R","Defend_R","Defend_R"]},{"damage_healed":0,"gold_gain":0,"player_choice":"Upgraded","damage_taken":0,"max_hp_gain":0,"max_hp_loss":0,"event_name":"Upgrade Shrine","floor":29,"gold_loss":0,"cards_upgraded":["Barricade"]},{"damage_healed":0,"gold_gain":0,"player_choice":"Memory 2","damage_taken":5,"max_hp_gain":0,"max_hp_loss":0,"event_name":"SensoryStone","floor":38,"gold_loss":0},{"damage_healed":0,"gold_gain":0,"player_choice":"Fight","damage_taken":0,"max_hp_gain":0,"max_hp_loss":0,"event_name":"MindBloom","floor":39,"gold_loss":0},{"damage_healed":0,"gold_gain":0,"player_choice":"Fight","damage_taken":0,"max_hp_gain":0,"max_hp_loss":0,"event_name":"Mysterious Sphere","floor":42,"gold_loss":0}],"is_beta":false,"boss_relics":[{"not_picked":["Calling Bell","SlaversCollar"],"picked":"Mark of Pain"},{"not_picked":["Astrolabe","Snecko Eye"],"picked":"Busted Crown"}],"items_purged_floors":[5,22,36],"is_endless":false,"potions_floor_spawned":[3,10,13,16,18,27,30,33,37,44,48],"ascension_level":3}}