{"host":"aapp7ew3jk5k1bvd","time":1613445345,"event":{"mods":["AchievementEnabler","BaseMod","Colored Map","Custom Start","Keyboard Shortcuts","Minty Spire (QoL Compilation)","Permanent Neow","Quick Restart","StSLib","SuperFastMode"],"gold_per_floor":[113,125,139,12,12,12,12,37,89,114,182,332,346,382,382,511,511,532,603,434,583,604,644,350,385,385,428,442,299,349,399,399,498,498,516,328,378,428,438,438,538,538,563,580,590,601,601,651,651,651,651],"floor_reached":50,"language":"KOR","playtime":1972,"items_purged":["Strike_G","Strike_G","Defend_G","Defend_G"],"score":603,"play_id":"e1a2b1c8-ed28-46cd-845a-eb26ca5a7a80","local_time":"20210216121545","is_ascension_mode":true,"campfire_choices":[{"data":"Footwork","floor":6.0,"key":"SMITH"},{"data":"Storm of Steel","floor":15.0,"key":"SMITH"},{"floor":32.0,"key":"REST"},{"data":"Apotheosis","floor":40.0,"key":"SMITH"},{"floor":42.0,"key":"DIG"},{"floor":47.0,"key":"DIG"},{"floor":49.0,"key":"REST"}],"circlet_count":0,"master_deck":["Defend_G","Defend_G","Survivor","Neutralize+1","PiercingWail","Footwork+1","Backstab","Cloak And Dagger","Storm of Steel+1","Blade Dance","Cloak And Dagger","Backstab+1","Phantasmal Killer","Footwork","Apotheosis+1","Footwork","PiercingWail","Envenom+1","Adrenaline","Infinite Blades+1","Madness","Madness","Footwork+1","Flash of Steel"],"relics":["Ring of the Snake","Bloody Idol","SsserpentHead","Bag of Preparation","Bronze Scales","Empty Cage","Whetstone","Pocketwatch","Meat on the Bone","Frozen Egg 2","SacredBark","Shovel","Art of War","Dream Catcher","Gremlin Horn"],"acts_visited":["Exordium","TheCity","TheBeyond"],"potions_floor_usage":[],"damage_taken":[{"damage":0.0,"enemies":"Cultist","floor":1.0,"turns":4.0},{"damage":0.0,"enemies":"Small Slimes","floor":2.0,"turns":4.0},{"damage":0.0,"enemies":"2 Louse","floor":3.0,"turns":4.0},{"damage":0.0,"enemies":"Looter","floor":8.0,"turns":4.0},{"damage":0.0,"enemies":"Red Slaver","floor":10.0,"turns":3.0},{"damage":0.0,"enemies":"Blue Slaver","floor":11.0,"turns":4.0},{"damage":0.0,"enemies":"Looter","floor":13.0,"turns":2.0},{"damage":9.0,"enemies":"3 Sentries","floor":14.0,"turns":9.0},{"damage":16.0,"enemies":"The Guardian","floor":16.0,"turns":15.0},{"damage":3.0,"enemies":"3 Byrds","floor":18.0,"turns":4.0},{"damage":0.0,"enemies":"Shell Parasite","floor":19.0,"turns":2.0},{"damage":5.0,"enemies":"3 Cultists","floor":22.0,"turns":8.0},{"damage":5.0,"enemies":"Book of Stabbing","floor":23.0,"turns":8.0},{"damage":0.0,"enemies":"Gremlin Leader","floor":25.0,"turns":8.0},{"damage":10.0,"enemies":"Slavers","floor":27.0,"turns":7.0},{"damage":9.0,"enemies":"Centurion and Healer","floor":28.0,"turns":8.0},{"damage":19.0,"enemies":"Champ","floor":33.0,"turns":13.0},{"damage":2.0,"enemies":"3 Darklings","floor":35.0,"turns":5.0},{"damage":5.0,"enemies":"Orb Walker","floor":39.0,"turns":5.0},{"damage":0.0,"enemies":"Mind Bloom Boss Battle","floor":41.0,"turns":7.0},{"damage":9.0,"enemies":"4 Shapes","floor":44.0,"turns":9.0},{"damage":0.0,"enemies":"Maw","floor":45.0,"turns":9.0},{"damage":33.0,"enemies":"Sphere and 2 Shapes","floor":46.0,"turns":9.0},{"damage":112,"enemies":"Time Eater","floor":50,"turns":15}],"seed_played":"5986072571416678736","potions_obtained":[{"floor":2.0,"key":"EssenceOfSteel"},{"floor":8.0,"key":"Fire Potion"},{"floor":11.0,"key":"CunningPotion"},{"floor":14.0,"key":"DuplicationPotion"},{"floor":19.0,"key":"PowerPotion"},{"floor":27.0,"key":"Energy Potion"},{"floor":33.0,"key":"SteroidPotion"},{"floor":44.0,"key":"FairyPotion"}],"is_trial":false,"path_per_floor":["M","M","M","$","?","R","?","M","T","M","M","?","M","E","R","B",null,"M","M","$","?","M","E","$","E","T","E","M","$","?","?","R","B",null,"M","$","?","?","M","R","?","R","T","M","M","M","R","?","R","B"],"character_chosen":"THE_SILENT","items_purchased":["Cloak And Dagger","Footwork","Apotheosis","Envenom+1","Infinite Blades+1"],"campfire_rested":2,"item_purchase_floors":[4,20,24,29,36],"current_hp_per_floor":[63,63,63,63,48,48,48,48,48,48,48,48,48,39,39,23,63,60,60,60,60,55,50,50,50,50,40,43,43,43,42,60,46,63,63,63,55,60,60,60,63,63,63,59,63,47,47,52,63,0,0],"gold":651,"neow_bonus":"REMOVE_TWO","is_daily":false,"chose_seed":false,"campfire_upgraded":3,"win_rate":0.0,"timestamp":1613445345,"path_taken":["M","M","?","$","?","R","?","M","T","M","?","?","M","E","R","BOSS","M","?","$","?","M","E","$","E","T","E","M","$","?","?","R","BOSS","M","$","?","?","M","R","?","R","T","M","M","M","R","?","R","BOSS"],"items_purchased_type":["Card","Card","Card","Card","Card"],"build_version":"2020-12-22","purchased_purges":4,"victory":false,"max_hp_per_floor":[63,63,63,63,63,63,63,63,63,63,63,63,63,63,63,63,63,63,63,63,63,63,63,63,63,63,63,63,63,63,63,63,63,63,63,63,63,63,63,63,63,63,63,63,63,63,63,63,63,63,63],"card_choices":[{"not_picked":["Bane","Dodge and Roll"],"picked":"PiercingWail","floor":1.0},{"not_picked":["Flechettes","Dodge and Roll"],"picked":"Footwork","floor":2.0},{"not_picked":["Dash","Flechettes"],"picked":"Backstab","floor":3.0},{"not_picked":["Sucker Punch","Backflip"],"picked":"Storm of Steel","floor":8.0},{"not_picked":["Flying Knee","Terror","Finisher"],"picked":"SKIP","floor":10.0},{"not_picked":["Footwork","Slice"],"picked":"Blade Dance","floor":11.0},{"not_picked":["Acrobatics","Caltrops"],"picked":"Cloak And Dagger","floor":13.0},{"not_picked":["Calculated Gamble","Blade Dance"],"picked":"Backstab","floor":14.0},{"not_picked":["Venomology","Malaise"],"picked":"Phantasmal Killer","floor":16.0},{"not_picked":["Blur","Riddle With Holes","Setup"],"picked":"SKIP","floor":18.0},{"not_picked":["Sucker Punch+1","Leg Sweep","Choke"],"picked":"SKIP","floor":19.0},{"not_picked":["Flying Knee+1","Setup","Sucker Punch"],"picked":"SKIP","floor":22.0},{"not_picked":["Bouncing Flask+1","Dodge and Roll","Deadly Poison"],"picked":"SKIP","floor":23.0},{"not_picked":["Tools of the Trade","Acrobatics+1"],"picked":"Footwork","floor":25.0},{"not_picked":["Outmaneuver","Blur+1"],"picked":"PiercingWail","floor":27.0},{"not_picked":["Prepared","PiercingWail","Predator"],"picked":"SKIP","floor":28.0},{"not_picked":["Bullet Time","Die Die Die"],"picked":"Adrenaline","floor":33.0},{"not_picked":["Deadly Poison+1","Backflip","Concentrate"],"picked":"SKIP","floor":35.0},{"not_picked":["Sucker Punch+1","Underhanded Strike","Endless Agony"],"picked":"SKIP","floor":39.0},{"not_picked":["Prepared+1","Concentrate+1","Grand Finale"],"picked":"SKIP","floor":44.0},{"not_picked":["All Out Attack+1","PiercingWail+1"],"picked":"Footwork+1","floor":45.0},{"not_picked":["Dagger Throw","Deflect","Quick Slash+1"],"picked":"SKIP","floor":46.0},{"not_picked":["Dagger Throw","Deflect","Quick Slash+1"],"picked":"SKIP","floor":46.0},{"not_picked":["Good Instincts","Enlightenment"],"picked":"Flash of Steel","floor":48.0}],"player_experience":1003919,"relics_obtained":[{"floor":9.0,"key":"Bag of Preparation"},{"floor":14.0,"key":"Bronze Scales"},{"floor":23.0,"key":"Whetstone"},{"floor":25.0,"key":"Pocketwatch"},{"floor":26.0,"key":"Meat on the Bone"},{"floor":27.0,"key":"Frozen Egg 2"},{"floor":41.0,"key":"Shovel"},{"floor":42.0,"key":"Art of War"},{"floor":43.0,"key":"Dream Catcher"},{"floor":47.0,"key":"Gremlin Horn"}],"event_choices":[{"damage_healed":0.0,"max_hp_gain":0.0,"max_hp_loss":0.0,"gold_gain":0.0,"event_name":"Golden Idol","player_choice":"Take Damage","floor":5.0,"gold_loss":0.0,"damage_taken":15.0,"relics_obtained":["Golden Idol"]},{"damage_healed":0.0,"max_hp_gain":0.0,"max_hp_loss":0.0,"gold_gain":0.0,"event_name":"FaceTrader","player_choice":"Trade","floor":7.0,"gold_loss":0.0,"damage_taken":0.0,"relics_obtained":["SsserpentHead"]},{"damage_healed":0.0,"max_hp_gain":0.0,"max_hp_loss":0.0,"gold_gain":100.0,"event_name":"Golden Shrine","player_choice":"Pray","floor":12.0,"gold_loss":0.0,"damage_taken":0.0},{"damage_healed":0.0,"max_hp_gain":0.0,"max_hp_loss":0.0,"gold_gain":99.0,"event_name":"Nest","player_choice":"Stole From Cult","floor":21.0,"gold_loss":0.0,"damage_taken":0.0},{"damage_healed":0.0,"max_hp_gain":0.0,"max_hp_loss":0.0,"gold_gain":0.0,"event_name":"Forgotten Altar","player_choice":"Gave Idol","floor":30.0,"relics_lost":["Golden Idol"],"gold_loss":0.0,"damage_taken":0.0,"relics_obtained":["Bloody Idol"]},{"damage_healed":0.0,"max_hp_gain":0.0,"max_hp_loss":0.0,"gold_gain":0.0,"event_name":"Knowing Skull","player_choice":"","floor":31.0,"potions_obtained":[],"gold_loss":0.0,"damage_taken":6.0,"cards_obtained":[]},{"damage_healed":0.0,"max_hp_gain":0.0,"max_hp_loss":0.0,"gold_gain":0.0,"event_name":"Winding Halls","player_choice":"Embrace Madness","floor":37.0,"gold_loss":0.0,"damage_taken":8.0,"cards_obtained":["Madness","Madness"]},{"damage_healed":0.0,"max_hp_gain":0.0,"max_hp_loss":0.0,"gold_gain":0.0,"event_name":"Tomb of Lord Red Mask","player_choice":"Ignored","floor":38.0,"gold_loss":0.0,"damage_taken":0.0},{"damage_healed":0.0,"max_hp_gain":0.0,"max_hp_loss":0.0,"gold_gain":0.0,"event_name":"MindBloom","player_choice":"Fight","floor":41.0,"gold_loss":0.0,"damage_taken":0.0},{"damage_healed":0.0,"max_hp_gain":0.0,"max_hp_loss":0.0,"gold_gain":0.0,"event_name":"SensoryStone","player_choice":"Memory 1","floor":48.0,"gold_loss":0.0,"damage_taken":0.0}],"is_beta":false,"boss_relics":[{"not_picked":["Runic Dome","Tiny House"],"picked":"Empty Cage"},{"not_picked":["Snecko Eye","Philosopher\u0027s Stone"],"picked":"SacredBark"}],"items_purged_floors":[4,20,24,36],"is_endless":false,"potions_floor_spawned":[2,8,11,14,16,18,19,23,27,33,35,44,46],"killed_by":"Time Eater","ascension_level":1}}