{"host":"6z6y4ky8uzsz1dpj","time":1613492743,"event":{"mods":["AchievementEnabler","BaseMod","BetterRewards","Challenge The Spire","Colored Map","Hubris","Minty Spire (QoL Compilation)","Quick Restart","Relic Stats","Replay The Spire","StSLib"],"gold_per_floor":[117,136,110,110,127,156,156,183,242,254,266,313,336,359,371,487,499,523,535,560,572,601,613,613],"floor_reached":23,"language":"ENG","playtime":2266,"items_purged":["Strike_B"],"score":295,"play_id":"306480d6-8642-4c8d-aeb1-c7cda47e834d","local_time":"20210216112543","is_ascension_mode":true,"campfire_choices":[{"floor":7,"key":"REST"},{"data":"Redo","floor":10,"key":"SMITH"},{"data":"Hologram","floor":15,"key":"SMITH"}],"circlet_count":0,"master_deck":["Strike_B","Strike_B","Strike_B","Defend_B","Defend_B","Defend_B","Defend_B","Zap","Dualcast","Lockon+1","Sweeping Beam","Cold Snap","Redo+1","Hologram","Echo Form","Ball Lightning+1","Defragment","Hologram+1","ReplayTheSpireMod:Omega Cannon+1","AbeCurse","Compile Driver+1","Sunder+1","Conserve Battery"],"relics":["Cracked Core","FossilizedHelix","Raider\u0027s Mask","Molten Egg 2","Incense Burner","MawBank","PreservedInsect","hubris:AstralHammer","Abe\u0027s Treasure","Pantograph","Gremlin Horn"],"acts_visited":["Exordium","TheCity"],"potions_floor_usage":[6,13,18,20,23],"damage_taken":[{"damage":0,"enemies":"Cultist","floor":1,"turns":2},{"damage":0,"enemies":"2 Louse","floor":2,"turns":2},{"damage":0,"enemies":"Small Slimes","floor":5,"turns":2},{"damage":20,"enemies":"Gremlin Nob","floor":6,"turns":4},{"damage":13,"enemies":"Lagavulin","floor":8,"turns":6},{"damage":6,"enemies":"3 Sentries","floor":12,"turns":7},{"damage":0,"enemies":"Red Slaver","floor":13,"turns":2},{"damage":0,"enemies":"3 Louse","floor":14,"turns":2},{"damage":19,"enemies":"Fading Forest","floor":16,"turns":11},{"damage":9,"enemies":"Chosen","floor":18,"turns":4},{"damage":16,"enemies":"3 Byrds","floor":20,"turns":3},{"damage":0,"enemies":"Snake Plant","floor":22,"turns":4},{"damage":20,"enemies":"Slavers","floor":23,"turns":2}],"seed_played":"8553591934220007431","potions_obtained":[{"floor":2,"key":"Toxic Potion"},{"floor":6,"key":"FearPotion"},{"floor":8,"key":"Weak Potion"},{"floor":14,"key":"Elixir"},{"floor":16,"key":"ColorlessPotion"},{"floor":18,"key":"Explosive Potion"}],"is_trial":false,"path_per_floor":["M","M","$","?","M","E","R","E","T","R","?","E","M","M","R","B",null,"M","$","M","T","M","E"],"character_chosen":"DEFECT","items_purchased":["Raider\u0027s Mask","Lockon+1","Redo","Pantograph"],"campfire_rested":1,"item_purchase_floors":[0,0,3,19],"current_hp_per_floor":[60,60,60,57,57,37,59,46,46,46,46,40,40,40,40,21,62,53,36,20,20,20,0,0],"gold":613,"neow_bonus":"","is_daily":false,"chose_seed":false,"campfire_upgraded":2,"win_rate":0.0,"timestamp":1613492743,"path_taken":["M","M","?","?","M","E","R","E","T","R","?","E","M","M","R","BOSS","M","?","?","?","M","E"],"items_purchased_type":["Relic","Card","Card","Relic"],"build_version":"2020-12-22","purchased_purges":1,"victory":false,"max_hp_per_floor":[75,75,75,75,75,75,75,75,75,75,75,75,75,75,75,75,75,75,75,75,75,75,75,75],"relic_stats":{"Gremlin Horn":[1,1],"counters":[121,538],"Pantograph":0,"PreservedInsect":72,"MawBank":180,"obtain_stats":[{"hubris:BallOfYels":8,"Tiny House":17,"Calipers":0,"Gremlin Horn":23,"CeramicFish":23,"hubris:VirtuousBlindfold":17,"Raider\u0027s Mask":0,"Boot":8,"HornCleat":38,"hubris:AstralHammer":12,"Replay:Bronze Core":17,"Iron Hammer":9,"Kunai":43,"Toxic Egg 2":28,"Byrd Skull":0,"Replay:Bottled Steam":26,"Girya":43,"Counterbalance":0,"Oddly Smooth Stone":25,"hubris:SphereOfDissonance":48,"Akabeko":24,"Du-Vu Doll":0,"SlaversCollar":34,"ReplayTheSpireMod:Shallot":26,"Shuriken":13,"Bronze Scales":9,"hubris:PeanutButter":28,"Pandora\u0027s Box":17,"Molten Egg 2":4,"ReplayTheSpireMod:TigerMarble":23,"Abe\u0027s Treasure":17,"Lantern":28,"StoneCalendar":0,"Snake Skull":9,"Bag of Preparation":25,"hubris:SlimyHat":25,"Incense Burner":6,"Ancient Tea Set":10,"Pet Ghost":7,"Tough Bandages":41,"Nunchaku":34,"Replay:Bandana":7,"Mummified Hand":40,"Pantograph":19,"Tiny Chest":10,"Red Mask":39,"Cracked Core":0,"Ring of the Snake":0,"hubris:GlazedTorus":47,"Gremlin Food":8,"hubris:DisguiseKit":34,"ReplayTheSpireMod:Ninjato":6,"Replay:Towering Pillar of Hats":0,"Golden Idol":3,"Quantum Egg":31,"Guide Book":36,"Basket Of Snakes":0,"Thread and Needle":0,"PreservedInsect":9,"hubris:Towel":21,"Frozen Egg 2":28,"Orichalcum":29,"MawBank":26,"Calling Bell":34,"CaptainsWheel":0,"Anchor":9,"Ectoplasm":17,"Coffee Dripper":17,"Membership Card":0,"hubris:Potato":14,"hubris:OldNail":10,"TungstenRod":14,"FossilizedHelix":0},{"hubris:BallOfYels":101,"Tiny House":8,"Calipers":16,"Gremlin Horn":12,"CeramicFish":83,"hubris:VirtuousBlindfold":25,"Raider\u0027s Mask":108,"Boot":44,"HornCleat":37,"hubris:AstralHammer":114,"Replay:Bronze Core":79,"Iron Hammer":4,"Kunai":39,"Toxic Egg 2":58,"Byrd Skull":84,"Replay:Bottled Steam":56,"Girya":65,"Counterbalance":16,"Oddly Smooth Stone":13,"hubris:SphereOfDissonance":41,"Akabeko":29,"Du-Vu Doll":71,"SlaversCollar":35,"ReplayTheSpireMod:Shallot":13,"Shuriken":77,"Bronze Scales":89,"hubris:PeanutButter":31,"Pandora\u0027s Box":93,"Molten Egg 2":110,"ReplayTheSpireMod:TigerMarble":55,"Abe\u0027s Treasure":117,"Lantern":14,"StoneCalendar":71,"Snake Skull":76,"Bag of Preparation":30,"hubris:SlimyHat":56,"Incense Burner":112,"Ancient Tea Set":90,"Pet Ghost":4,"Tough Bandages":39,"Nunchaku":60,"Replay:Bandana":76,"Mummified Hand":63,"Pantograph":118,"Tiny Chest":102,"Red Mask":62,"Cracked Core":0,"Ring of the Snake":0,"hubris:GlazedTorus":69,"Gremlin Food":21,"hubris:DisguiseKit":60,"ReplayTheSpireMod:Ninjato":44,"Replay:Towering Pillar of Hats":96,"Golden Idol":73,"Quantum Egg":34,"Guide Book":36,"Basket Of Snakes":42,"Thread and Needle":71,"PreservedInsect":113,"hubris:Towel":11,"Frozen Egg 2":31,"Orichalcum":32,"MawBank":30,"Calling Bell":60,"CaptainsWheel":0,"Anchor":44,"Ectoplasm":50,"Coffee Dripper":106,"Membership Card":16,"hubris:Potato":7,"hubris:OldNail":22,"TungstenRod":49,"FossilizedHelix":108},{"hubris:BallOfYels":457,"Tiny House":42,"Calipers":85,"Gremlin Horn":65,"CeramicFish":384,"hubris:VirtuousBlindfold":140,"Raider\u0027s Mask":487,"Boot":251,"HornCleat":211,"hubris:AstralHammer":510,"Replay:Bronze Core":370,"Iron Hammer":17,"Kunai":223,"Toxic Egg 2":299,"Byrd Skull":388,"Replay:Bottled Steam":294,"Girya":319,"Counterbalance":85,"Oddly Smooth Stone":70,"hubris:SphereOfDissonance":235,"Akabeko":162,"Du-Vu Doll":332,"SlaversCollar":201,"ReplayTheSpireMod:Shallot":70,"Shuriken":359,"Bronze Scales":409,"hubris:PeanutButter":173,"Pandora\u0027s Box":429,"Molten Egg 2":491,"ReplayTheSpireMod:TigerMarble":291,"Abe\u0027s Treasure":525,"Lantern":76,"StoneCalendar":332,"Snake Skull":355,"Bag of Preparation":168,"hubris:SlimyHat":294,"Incense Burner":497,"Ancient Tea Set":415,"Pet Ghost":17,"Tough Bandages":223,"Nunchaku":305,"Replay:Bandana":355,"Mummified Hand":313,"Pantograph":529,"Tiny Chest":461,"Red Mask":310,"Cracked Core":0,"Ring of the Snake":0,"hubris:GlazedTorus":327,"Gremlin Food":113,"hubris:DisguiseKit":305,"ReplayTheSpireMod:Ninjato":251,"Replay:Towering Pillar of Hats":441,"Golden Idol":338,"Quantum Egg":190,"Guide Book":206,"Basket Of Snakes":243,"Thread and Needle":332,"PreservedInsect":503,"hubris:Towel":56,"Frozen Egg 2":173,"Orichalcum":179,"MawBank":168,"Calling Bell":305,"CaptainsWheel":0,"Anchor":251,"Ectoplasm":271,"Coffee Dripper":481,"Membership Card":85,"hubris:Potato":31,"hubris:OldNail":121,"TungstenRod":265,"FossilizedHelix":487}]},"card_choices":[{"not_picked":["Rebound","Coolheaded"],"picked":"Sweeping Beam","floor":1},{"not_picked":["Sweeping Beam","BasicCrystalCard"],"picked":"Cold Snap","floor":2},{"not_picked":["Storm","Steam","Panic Button"],"picked":"SKIP","floor":5},{"not_picked":["Mirror Shield","Turbo","Chill"],"picked":"SKIP","floor":6},{"not_picked":["ReplayTheSpireMod:GoodbyeWorld","Beam Cell+1","Stack"],"picked":"SKIP","floor":8},{"not_picked":["Turbo","Tempest"],"picked":"Ball Lightning+1","floor":12},{"not_picked":["Loop","Rip and Tear+1"],"picked":"Defragment","floor":13},{"not_picked":["Steam","Steam Power"],"picked":"Hologram","floor":14},{"not_picked":["Mirror Shield","hubris:SpecializedCircuitry"],"picked":"ReplayTheSpireMod:Omega Cannon+1","floor":16},{"not_picked":["Rebound+1","Steam"],"picked":"Compile Driver+1","floor":18},{"not_picked":["BootSequence","Streamline+1"],"picked":"Sunder+1","floor":20},{"not_picked":["Chill+1","Cold Snap+1"],"picked":"Conserve Battery","floor":22}],"player_experience":627914,"relics_obtained":[{"floor":6,"key":"Incense Burner"},{"floor":8,"key":"MawBank"},{"floor":9,"key":"PreservedInsect"},{"floor":12,"key":"hubris:AstralHammer"},{"floor":21,"key":"Gremlin Horn"}],"event_choices":[{"damage_healed":0,"gold_gain":0,"player_choice":"Success","damage_taken":3,"relics_obtained":["Molten Egg 2"],"max_hp_gain":0,"max_hp_loss":0,"event_name":"Scrap Ooze","floor":4,"gold_loss":0},{"damage_healed":0,"gold_gain":0,"player_choice":"2 cards matched","damage_taken":0,"max_hp_gain":0,"max_hp_loss":0,"event_name":"Match and Keep!","floor":11,"gold_loss":0,"cards_obtained":["Hologram","Echo Form"]}],"is_beta":false,"boss_relics":[{"not_picked":["Replay:Drink Me","ReplayTheSpireMod:DimensionalGlitch"],"picked":"Abe\u0027s Treasure"}],"items_purged_floors":[0],"is_endless":false,"potions_floor_spawned":[2,6,8,14,16,18],"killed_by":"Slavers","ascension_level":8}}