{"host":"h2riq1vifvx9pvqe","time":1613491142,"event":{"mods":["Act Like it!","Bartender","BaseMod","Better Match","Bossed Relics","Chen","FTL Soundtrack","Friendly Minions","Gensokyo","Hallownest","HololiveMod","Hubris","Hyrulean Relics","Infinite Spire","KinomotoSakuraMod(????)","Koishi","Marisa????????","Minty Spire (QoL Compilation)","Nova Terra(??·??)","Prisma Mod","Quick Restart","Railgun Mod","Rare Cards Sparkle","Reimu??????","Relic Sorter","Reliquary","Remilia??????","Replay The Spire","Spikes Relics","StSLib","Synergy Search","The Administrix","The Animator","The Bug Knight","The Construct","The Disciple","The Saiyan","The Senshi","The Servant 0.9.4","TheHero","WarShipGirlsR/????R mod","Yuri Mod","Yuyuko"],"gold_per_floor":[117,117,135,148,172,172,211,211,211,211,211],"floor_reached":10,"language":"FRA","playtime":678,"items_purged":[],"score":78,"play_id":"385038ae-c787-4f29-91bb-12e8c08e2d41","local_time":"20210216165902","is_ascension_mode":true,"campfire_choices":[{"floor":6,"key":"REST"},{"floor":8,"key":"REST"}],"circlet_count":0,"master_deck":["theSenshi:SailorKick","theSenshi:SailorKick","theSenshi:SailorKick","theSenshi:SailorKick","theSenshi:SailorBlock","theSenshi:SailorBlock","theSenshi:SailorBlock","theSenshi:SailorBlock","theSenshi:RoseThrow","theSenshi:MoonPrismPowerMakeUp","theSenshi:MoonPrincessHalation","theSenshi:MoonTiaraMagic","theSenshi:MoonsReflection","theSenshi:SailorJupiterAssists","theSenshi:RainbowMoonHeartAche"],"relics":["theSenshi:TransformationBroochRelic","Pen Nib","Golden Idol","RetroEgg","ReplayTheSpireMod:TigerMarble"],"acts_visited":["Exordium"],"potions_floor_usage":[5],"damage_taken":[{"damage":2,"enemies":"2 Louse","floor":1,"turns":3},{"damage":5,"enemies":"Cultist","floor":3,"turns":4},{"damage":3,"enemies":"Small Slimes","floor":4,"turns":4},{"damage":17,"enemies":"Exordium Thugs","floor":5,"turns":3},{"damage":41,"enemies":"3 Sentries","floor":7,"turns":7},{"damage":33,"enemies":"Replay:BlueRogue","floor":10,"turns":6}],"seed_played":"-2935271803661290202","potions_obtained":[{"floor":4,"key":"PowerPotion"}],"is_trial":false,"path_per_floor":["M","?","M","M","M","R","E","R","T","E"],"character_chosen":"THE_SENSHI","items_purchased":[],"campfire_rested":2,"item_purchase_floors":[],"current_hp_per_floor":[73,55,50,47,30,52,11,33,33,0,0],"gold":211,"neow_bonus":"RANDOM_COMMON_RELIC","is_daily":false,"chose_seed":false,"campfire_upgraded":0,"win_rate":0.0,"timestamp":1613491142,"path_taken":["M","?","M","M","M","R","E","R","T","E"],"items_purchased_type":[],"build_version":"2020-12-22","purchased_purges":0,"victory":false,"max_hp_per_floor":[75,75,75,75,75,75,75,75,75,75,75],"card_choices":[{"not_picked":["theSenshi:TuxedoSmokingBomber","theSenshi:SailorPlanetPower"],"picked":"theSenshi:MoonPrincessHalation","floor":1},{"not_picked":["theSenshi:EncouragingSpeech","theSenshi:Overload"],"picked":"theSenshi:MoonTiaraMagic","floor":3},{"not_picked":["theSenshi:LateForSchool","theSenshi:TallSilhouette"],"picked":"theSenshi:MoonsReflection","floor":4},{"not_picked":["theSenshi:MoonsReflection","theSenshi:MoonTiaraMagic"],"picked":"theSenshi:SailorJupiterAssists","floor":5},{"not_picked":["theSenshi:SailorPlanetAttack","theSenshi:WarriorOfTheMoon"],"picked":"theSenshi:RainbowMoonHeartAche","floor":7}],"player_experience":331014,"relics_obtained":[{"floor":7,"key":"RetroEgg"},{"floor":9,"key":"ReplayTheSpireMod:TigerMarble"}],"event_choices":[{"damage_healed":0,"gold_gain":0,"player_choice":"Take Damage","damage_taken":18,"relics_obtained":["Golden Idol"],"max_hp_gain":0,"max_hp_loss":0,"event_name":"Golden Idol","floor":2,"gold_loss":0}],"is_beta":false,"boss_relics":[],"items_purged_floors":[],"is_endless":false,"potions_floor_spawned":[4],"killed_by":"Replay:BlueRogue","ascension_level":3}}