{"host":"rb2p2z6v6vieend5","time":1613434315,"event":{"mods":["BaseMod","Block Reminder","Colored Map","DeckTracker","Highlight Path","Minty Spire (QoL Compilation)","Random Character Button","Relic Stats"],"gold_per_floor":[112,112,128,147,222,248,248,279,305,305,305,305,323,354,354,354,354],"floor_reached":16,"language":"ENG","playtime":767,"items_purged":[],"score":159,"play_id":"d9767eb9-fc19-466f-95c5-bab2f66bb254","local_time":"20210216011155","is_ascension_mode":true,"campfire_choices":[{"floor":7,"key":"REST"},{"floor":10,"key":"REST"},{"floor":15,"key":"REST"}],"circlet_count":0,"master_deck":["Strike_B","Strike_B","Strike_B","Strike_B","Defend_B","Defend_B","Defend_B","Defend_B","Zap+1","Dualcast","Biased Cognition","White Noise","Redo","Cold Snap","Conserve Battery","Leap"],"relics":["Cracked Core","Blood Vial","Happy Flower","Centennial Puzzle","Regal Pillow","Golden Idol","Shuriken"],"acts_visited":["Exordium"],"potions_floor_usage":[],"damage_taken":[{"damage":18,"enemies":"Small Slimes","floor":1,"turns":4},{"damage":1,"enemies":"Cultist","floor":3,"turns":3},{"damage":2,"enemies":"Jaw Worm","floor":4,"turns":3},{"damage":24,"enemies":"3 Sentries","floor":6,"turns":7},{"damage":21,"enemies":"Lagavulin","floor":8,"turns":5},{"damage":4,"enemies":"2 Fungi Beasts","floor":13,"turns":3},{"damage":19,"enemies":"3 Sentries","floor":14,"turns":6},{"damage":50,"enemies":"The Guardian","floor":16,"turns":11}],"seed_played":"6259776192540921561","potions_obtained":[{"floor":1,"key":"AttackPotion"},{"floor":4,"key":"AttackPotion"}],"is_trial":false,"path_per_floor":["M","?","M","M","?","E","R","E","T","R","T","?","M","E","R","B"],"character_chosen":"DEFECT","items_purchased":[],"campfire_rested":3,"item_purchase_floors":[],"current_hp_per_floor":[50,50,49,47,36,12,32,13,13,33,33,33,31,14,47,0,0],"gold":354,"neow_bonus":"THREE_RARE_CARDS","is_daily":false,"chose_seed":false,"campfire_upgraded":0,"win_rate":0.0,"timestamp":1613434315,"path_taken":["M","?","?","M","?","E","R","E","T","R","?","?","M","E","R","BOSS"],"items_purchased_type":[],"build_version":"2020-12-22","purchased_purges":0,"victory":false,"max_hp_per_floor":[68,68,68,68,68,68,68,68,68,68,68,63,63,63,63,63,63],"relic_stats":{"Blood Vial":8,"Centennial Puzzle":[9],"Regal Pillow":15,"Happy Flower":[6],"counters":[8,42],"Golden Idol":10,"Shuriken":[3],"obtain_stats":[{"Blood Vial":6,"Centennial Puzzle":9,"Regal Pillow":11,"Happy Flower":8,"Golden Idol":12,"Shuriken":14,"Cracked Core":0},{"Blood Vial":4,"Centennial Puzzle":5,"Regal Pillow":5,"Happy Flower":5,"Golden Idol":5,"Shuriken":7,"Cracked Core":0},{"Blood Vial":17,"Centennial Puzzle":22,"Regal Pillow":22,"Happy Flower":22,"Golden Idol":22,"Shuriken":31,"Cracked Core":0}]},"card_choices":[{"not_picked":["Buffer","Reboot"],"picked":"Biased Cognition","floor":0},{"not_picked":["Blizzard","Coolheaded"],"picked":"White Noise","floor":1},{"not_picked":["Barrage","Hologram"],"picked":"Redo","floor":3},{"not_picked":["Rebound","Stack"],"picked":"Cold Snap","floor":4},{"not_picked":["Chaos","Aggregate"],"picked":"Conserve Battery","floor":6},{"not_picked":["Sweeping Beam","Reinforced Body"],"picked":"Leap","floor":8},{"not_picked":["Leap","Reinforced Body","Beam Cell"],"picked":"SKIP","floor":13},{"not_picked":["Rebound","Recycle","Ball Lightning"],"picked":"SKIP","floor":14}],"player_experience":755155,"relics_obtained":[{"floor":6,"key":"Blood Vial"},{"floor":8,"key":"Happy Flower"},{"floor":9,"key":"Centennial Puzzle"},{"floor":11,"key":"Regal Pillow"},{"floor":14,"key":"Shuriken"}],"event_choices":[{"damage_healed":0,"gold_gain":0,"player_choice":"Upgraded","damage_taken":0,"max_hp_gain":0,"max_hp_loss":0,"event_name":"Upgrade Shrine","floor":2,"gold_loss":0,"cards_upgraded":["Zap"]},{"damage_healed":0,"gold_gain":75,"player_choice":"Gather Gold","damage_taken":11,"max_hp_gain":0,"max_hp_loss":0,"event_name":"World of Goop","floor":5,"gold_loss":0},{"damage_healed":0,"gold_gain":0,"player_choice":"Lose Max HP","damage_taken":0,"relics_obtained":["Golden Idol"],"max_hp_gain":0,"max_hp_loss":5,"event_name":"Golden Idol","floor":12,"gold_loss":0}],"is_beta":false,"boss_relics":[],"items_purged_floors":[],"is_endless":false,"potions_floor_spawned":[1,4],"killed_by":"The Guardian","ascension_level":7}}