{"host":"t9zjxed0utvsfjwc","time":1613455718,"event":{"mods":["2.2 Compatiblity","Act Like it!","Aspiration","BaseMod","Better Altar","Better Match","Better Note","Better Sensory Stone","Better Skull","Better Third Choice","Block Reminder","Colored Map","Colored Powertips","Conspire","Defuse TimeMaze Blight","Energized Spire","Gensokyo","GifTheSpireLib","Hermit","Highlight Path","Hubris","Infinite Spire","Marked Mod","Minty Spire (QoL Compilation)","Quick Restart","Rare Cards Sparkle","Relic Sorter","Relic Stats","Reliquary","Replay The Spire","Ruina","StSLib","Stuff the Spire","The Blue Laboratory","The Jungle","The Marked","Unceasing Turn Reminder","Wandering Minibosses","everything is the same but u backflip on backflip"],"gold_per_floor":[119,134,59,6,6,37,37,37,37,37,50,84,9,527,527,527,527],"floor_reached":16,"language":"ENG","playtime":411,"items_purged":["Strike_R"],"score":139,"play_id":"be779c37-1a3f-4d20-9aaf-e445aca7a239","local_time":"20210216060838","is_ascension_mode":true,"campfire_choices":[{"data":"Gensokyo:CrescentMoonSlash","floor":10,"key":"SMITH"},{"data":"Hemokinesis","floor":15,"key":"SMITH"}],"circlet_count":0,"master_deck":["Strike_R","Strike_R","Strike_R","Strike_R","Defend_R","Defend_R","Defend_R","Defend_R","Bash","Armaments","Rupture","Pommel Strike+1","Gensokyo:CrescentMoonSlash+1","Cleave","Hemokinesis+1"],"relics":["Burning Blood","NeowsBlessing","Toy Ornithopter","Replay:Wax Seal","ReplayFunnel"],"acts_visited":["Exordium"],"potions_floor_usage":[12,12],"damage_taken":[{"damage":0,"enemies":"Gensokyo:Gryphon","floor":1,"turns":1},{"damage":3,"enemies":"Gensokyo:3_Fairies","floor":2,"turns":2},{"damage":0,"enemies":"Gensokyo:Aya","floor":6,"turns":2},{"damage":0,"enemies":"Gensokyo:2_Kodama","floor":11,"turns":1},{"damage":33,"enemies":"Gensokyo:Mamizou","floor":12,"turns":9},{"damage":9,"enemies":"Gensokyo:VengefulSpirit","floor":14,"turns":5},{"damage":66,"enemies":"Gensokyo:Kokoro","floor":16,"turns":8}],"seed_played":"-7635535447679548638","potions_obtained":[{"floor":6,"key":"ColorlessPotion"},{"floor":11,"key":"Adrenaline Potion"}],"is_trial":false,"path_per_floor":["M","M","?","COS","?","E","?","$","T","R","M","E","$","M","R","B"],"character_chosen":"IRONCLAD","items_purchased":[],"campfire_rested":0,"item_purchase_floors":[],"current_hp_per_floor":[80,80,80,80,80,80,68,68,68,68,74,57,57,54,54,0,0],"gold":527,"neow_bonus":"THREE_ENEMY_KILL","is_daily":false,"chose_seed":false,"campfire_upgraded":2,"win_rate":0.0,"timestamp":1613455718,"path_taken":["M","M","?","COS","?","E","?","$","T","R","M","E","$","M","R","BOSS"],"items_purchased_type":[],"build_version":"2020-12-22","purchased_purges":1,"victory":false,"max_hp_per_floor":[80,80,80,80,80,80,80,80,80,80,80,80,80,80,80,80,80],"relic_stats":{"counters":[7,28],"obtain_stats":[{"ReplayFunnel":12,"NeowsBlessing":0,"Replay:Wax Seal":9,"Burning Blood":0,"Toy Ornithopter":6},{"ReplayFunnel":5,"NeowsBlessing":0,"Replay:Wax Seal":3,"Burning Blood":0,"Toy Ornithopter":3},{"ReplayFunnel":15,"NeowsBlessing":0,"Replay:Wax Seal":5,"Burning Blood":0,"Toy Ornithopter":5}],"Burning Blood":21,"Toy Ornithopter":10},"card_choices":[{"not_picked":["Havoc","Clothesline"],"picked":"Armaments","floor":1},{"not_picked":["Burning Pact","Inflame"],"picked":"Rupture","floor":2},{"not_picked":["Body Slam+1","Clash+1"],"picked":"Pommel Strike+1","floor":3},{"not_picked":["Dark Embrace","Seeing Red","infinitespire:OneForAll"],"picked":"SKIP","floor":6},{"not_picked":["StuffTheSpire:Pyroclast","Sword Boomerang"],"picked":"Cleave","floor":11},{"not_picked":["Bloodletting","Infernal Blade"],"picked":"Hemokinesis","floor":12},{"not_picked":["Clothesline","True Grit","StuffTheSpire:Slingshot"],"picked":"SKIP","floor":14}],"player_experience":472240,"relics_obtained":[{"floor":6,"key":"Toy Ornithopter"},{"floor":9,"key":"Replay:Wax Seal"},{"floor":12,"key":"ReplayFunnel"}],"event_choices":[{"damage_healed":0,"gold_gain":0,"player_choice":"2","damage_taken":0,"max_hp_gain":0,"max_hp_loss":0,"event_name":"betterMatch:BetterMatch","floor":3,"gold_loss":0,"cards_obtained":["betterMatch:CommonCard"]},{"damage_healed":0,"gold_gain":0,"player_choice":"Leave","damage_taken":0,"max_hp_gain":0,"max_hp_loss":0,"event_name":"conspire:Investor","floor":5,"gold_loss":0}],"is_beta":false,"boss_relics":[],"items_purged_floors":[13],"is_endless":false,"potions_floor_spawned":[6,11],"killed_by":"Gensokyo:Kokoro","ascension_level":1}}