{"host":"egyxg9lnjq7g2hmw","time":1613471615,"event":{"mods":["AchievementEnabler","BaseMod","Block Reminder","Colored Map","Colored Powertips","Highlight Path","Minty Spire (QoL Compilation)","Rare Cards Sparkle","StSLib"],"gold_per_floor":[115,115,115,130,130,158,48,78,147,157,169,169,189,222,222,322,322,333,333,347,272,58,58,89,109,136,136,162,162,172,172,172,270,270,288,308,308,321,341,341,366,416,462,462,216,216,235,266,266,266,266,266,61,94,94],"floor_reached":56,"language":"ENG","playtime":8248,"items_purged":["Strike_B","Defend_B","Defend_B"],"score":1744,"play_id":"f4b2186d-4efa-46c0-8251-9c620b6ec3f8","local_time":"20210216023335","is_ascension_mode":true,"campfire_choices":[{"data":"Rainbow","floor":12.0,"key":"SMITH"},{"data":"Lockon","floor":15.0,"key":"SMITH"},{"data":"Defragment","floor":23.0,"key":"SMITH"},{"data":"Capacitor","floor":29.0,"key":"SMITH"},{"data":"Echo Form","floor":32.0,"key":"SMITH"},{"floor":40,"key":"RECALL"},{"data":"Buffer","floor":46,"key":"SMITH"},{"data":"Echo Form","floor":49,"key":"SMITH"},{"floor":52,"key":"REST"}],"circlet_count":0,"master_deck":["Zap","Dualcast","Lockon+1","Recycle","Rainbow+1","Doom and Gloom+1","Consume+1","Conserve Battery+1","Cold Snap+1","Darkness+1","Redo+1","Echo Form+1","Rainbow+1","Reinforced Body+1","Defragment+1","Undo+1","Defragment+1","Redo+1","Echo Form+1","Capacitor+1","Buffer+1","Chaos+1","White Noise+1","Undo+1","Loop","Rainbow+1"],"relics":["FrozenCore","Oddly Smooth Stone","Orichalcum","Bottled Flame","Cables","Toxic Egg 2","Anchor","Sozu","Happy Flower","Whetstone","Strawberry","Symbiotic Virus","Ice Cream","MealTicket","Runic Capacitor","Dream Catcher","Bottled Tornado"],"acts_visited":["Exordium","TheCity","TheBeyond","TheEnding"],"potions_floor_usage":[55],"damage_taken":[{"damage":0.0,"enemies":"Cultist","floor":1.0,"turns":3.0},{"damage":0.0,"enemies":"2 Louse","floor":4.0,"turns":2.0},{"damage":22.0,"enemies":"Lagavulin","floor":6.0,"turns":6.0},{"damage":5.0,"enemies":"Gremlin Nob","floor":8.0,"turns":3.0},{"damage":0.0,"enemies":"Small Slimes","floor":10.0,"turns":2.0},{"damage":0.0,"enemies":"Exordium Thugs","floor":11.0,"turns":3.0},{"damage":2.0,"enemies":"Lots of Slimes","floor":13.0,"turns":3.0},{"damage":5.0,"enemies":"3 Sentries","floor":14.0,"turns":7.0},{"damage":4.0,"enemies":"Slime Boss","floor":16.0,"turns":5.0},{"damage":0.0,"enemies":"3 Byrds","floor":18.0,"turns":3.0},{"damage":1.0,"enemies":"2 Thieves","floor":20.0,"turns":3.0},{"damage":0.0,"enemies":"Book of Stabbing","floor":24.0,"turns":4.0},{"damage":0.0,"enemies":"Cultist and Chosen","floor":25.0,"turns":4.0},{"damage":16.0,"enemies":"Gremlin Leader","floor":28.0,"turns":5.0},{"damage":0.0,"enemies":"Snecko","floor":30.0,"turns":5.0},{"damage":24,"enemies":"Collector","floor":33,"turns":6},{"damage":0,"enemies":"3 Shapes","floor":35,"turns":8},{"damage":9,"enemies":"3 Darklings","floor":36,"turns":6},{"damage":6,"enemies":"Jaw Worm Horde","floor":38,"turns":5},{"damage":0,"enemies":"Spire Growth","floor":39,"turns":5},{"damage":0,"enemies":"Giant Head","floor":41,"turns":8},{"damage":0,"enemies":"Mind Bloom Boss Battle","floor":42,"turns":5},{"damage":14,"enemies":"Transient","floor":47,"turns":5},{"damage":5,"enemies":"Nemesis","floor":48,"turns":5},{"damage":22,"enemies":"Awakened One","floor":50,"turns":8},{"damage":30,"enemies":"Shield and Spear","floor":54,"turns":6},{"damage":16,"enemies":"The Heart","floor":55,"turns":9}],"seed_played":"-5954719177842463998","potions_obtained":[{"floor":6.0,"key":"PowerPotion"},{"floor":8.0,"key":"AttackPotion"},{"floor":10.0,"key":"Block Potion"},{"floor":11.0,"key":"Dexterity Potion"},{"floor":14.0,"key":"LiquidMemories"},{"floor":16.0,"key":"PowerPotion"}],"is_trial":false,"path_per_floor":["M","?","?","M","?","E","$","E","T","M","M","R","M","E","R","B",null,"M","?","M","?","$","R","E","M","T","?","E","R","M","?","R","B",null,"M","M","?","M","M","R","E","?","T","?","$","R","M","E","R","B",null,"R","$","E","B",null],"character_chosen":"DEFECT","items_purchased":["Doom and Gloom","Happy Flower","Defragment","Runic Capacitor","Loop"],"campfire_rested":1,"item_purchase_floors":[7,22,22,45,53],"current_hp_per_floor":[68,68,68,68,68,46,46,41,41,41,41,41,39,34,34,30,64,64,64,63,63,63,63,63,63,63,63,54,54,54,54,54,30,69,69,60,60,54,54,54,54,54,54,54,69,69,55,50,50,28,69,82,82,52,36],"gold":94,"neow_bonus":"RANDOM_COMMON_RELIC","is_daily":false,"chose_seed":false,"campfire_upgraded":7,"win_rate":0.0,"timestamp":1613471615,"path_taken":["M","?","?","?","?","E","$","E","T","?","M","R","M","E","R","BOSS","BOSS","M","?","?","?","$","R","E","M","T","?","E","R","M","?","R","BOSS","M","M","?","?","M","R","E","?","T","?","$","R","?","E","R","BOSS","R","$","E","BOSS"],"items_purchased_type":["Card","Relic","Card","Relic","Card"],"build_version":"2020-12-22","purchased_purges":3,"victory":true,"max_hp_per_floor":[75,75,75,75,75,75,75,75,75,75,75,75,75,75,75,75,75,75,75,75,75,75,75,75,75,75,75,82,82,82,82,82,82,82,82,82,82,82,82,82,82,82,82,82,82,82,82,82,82,82,82,82,82,82,82],"card_choices":[{"not_picked":["Beam Cell","Turbo"],"picked":"Go for the Eyes","floor":1.0},{"not_picked":["Turbo","Hologram"],"picked":"Lockon","floor":4.0},{"not_picked":["Capacitor","Go for the Eyes"],"picked":"Rainbow","floor":6.0},{"not_picked":["Coolheaded","Force Field"],"picked":"Consume","floor":8.0},{"not_picked":["Coolheaded+1","Go for the Eyes"],"picked":"Conserve Battery+1","floor":10.0},{"not_picked":["Recycle+1","Gash"],"picked":"Cold Snap","floor":11.0},{"not_picked":["Steam+1","Gash"],"picked":"Darkness+1","floor":13.0},{"not_picked":["Turbo+1","Leap+1"],"picked":"Redo+1","floor":14.0},{"not_picked":["Amplify+1","Creative AI"],"picked":"Echo Form","floor":16.0},{"not_picked":["Compile Driver","Stack+1","Turbo+1"],"picked":"SKIP","floor":18.0},{"not_picked":["Sweeping Beam+1","Coolheaded+1"],"picked":"Reinforced Body+1","floor":20.0},{"not_picked":["Conserve Battery+1","Skim+1"],"picked":"Undo+1","floor":24.0},{"not_picked":["Stack+1","Scrape"],"picked":"Defragment+1","floor":25.0},{"not_picked":["Rainbow+1","Recycle+1"],"picked":"Capacitor","floor":28.0},{"not_picked":["Tempest+1","Reinforced Body+1","Hologram+1"],"picked":"SKIP","floor":30.0},{"not_picked":["Biased Cognition","Electrodynamics"],"picked":"Buffer","floor":33},{"not_picked":["Barrage+1","Go for the Eyes","Reprogram+1"],"picked":"SKIP","floor":35},{"not_picked":["Blizzard","Compile Driver+1","Beam Cell+1"],"picked":"SKIP","floor":36},{"not_picked":["Doom and Gloom","Genetic Algorithm+1","Skim+1"],"picked":"SKIP","floor":38},{"not_picked":["Gash","Auto Shields+1"],"picked":"Chaos+1","floor":39},{"not_picked":["Barrage+1","Coolheaded+1"],"picked":"White Noise+1","floor":41},{"not_picked":["Skim+1","Scrape","Sweeping Beam"],"picked":"SKIP","floor":47},{"not_picked":["Biased Cognition","Ball Lightning","FTL+1"],"picked":"SKIP","floor":48},{"not_picked":["Leap+1","Go for the Eyes"],"picked":"Undo+1","floor":52},{"not_picked":["Gash","Steam+1"],"picked":"Rainbow+1","floor":54}],"player_experience":592102,"relics_obtained":[{"floor":6.0,"key":"Bottled Flame"},{"floor":8.0,"key":"Cables"},{"floor":9.0,"key":"Toxic Egg 2"},{"floor":14.0,"key":"Anchor"},{"floor":24.0,"key":"Whetstone"},{"floor":28.0,"key":"Strawberry"},{"floor":41,"key":"Symbiotic Virus"},{"floor":42,"key":"Ice Cream"},{"floor":43,"key":"MealTicket"},{"floor":48,"key":"Dream Catcher"},{"floor":54,"key":"Bottled Tornado"}],"event_choices":[{"damage_healed":0.0,"max_hp_gain":0.0,"max_hp_loss":0.0,"gold_gain":0.0,"event_name":"Liars Game","player_choice":"Ignored","floor":2.0,"gold_loss":0.0,"damage_taken":0.0},{"cards_removed":["Go for the Eyes"],"damage_healed":0.0,"max_hp_gain":0.0,"max_hp_loss":0.0,"gold_gain":0.0,"event_name":"WeMeetAgain","player_choice":"Gave Card","floor":3.0,"gold_loss":0.0,"damage_taken":0.0,"relics_obtained":["Orichalcum"]},{"damage_healed":0.0,"max_hp_gain":0.0,"max_hp_loss":0.0,"gold_gain":0.0,"cards_transformed":["Strike_B"],"event_name":"Transmorgrifier","player_choice":"Transformed","floor":5.0,"gold_loss":0.0,"damage_taken":0.0,"cards_obtained":["Recycle"]},{"damage_healed":0.0,"max_hp_gain":0.0,"max_hp_loss":0.0,"gold_gain":0.0,"cards_transformed":["Strike_B"],"event_name":"Transmorgrifier","player_choice":"Transformed","floor":19.0,"gold_loss":0.0,"damage_taken":0.0,"cards_obtained":["Rainbow"]},{"cards_removed":["Strike_B"],"damage_healed":0.0,"max_hp_gain":0.0,"max_hp_loss":0.0,"gold_gain":0.0,"event_name":"Beggar","player_choice":"Gave Gold","floor":21.0,"gold_loss":75.0,"damage_taken":0.0},{"damage_healed":0.0,"max_hp_gain":0.0,"max_hp_loss":0.0,"gold_gain":0.0,"cards_transformed":["Defend_B","Defend_B"],"event_name":"Drug Dealer","player_choice":"Became Test Subject","floor":27.0,"gold_loss":0.0,"damage_taken":0.0,"cards_obtained":["Redo","Echo Form"]},{"damage_healed":0.0,"max_hp_gain":0.0,"max_hp_loss":0.0,"gold_gain":0.0,"event_name":"Upgrade Shrine","player_choice":"Upgraded","floor":31.0,"gold_loss":0.0,"damage_taken":0.0,"cards_upgraded":["Consume"]},{"damage_healed":0,"gold_gain":0,"player_choice":"Bought 0 Potions","damage_taken":0,"max_hp_gain":0,"max_hp_loss":0,"event_name":"The Woman in Blue","floor":37,"gold_loss":0},{"damage_healed":0,"gold_gain":0,"player_choice":"Fight","damage_taken":0,"max_hp_gain":0,"max_hp_loss":0,"event_name":"MindBloom","floor":42,"gold_loss":0},{"damage_healed":0,"gold_gain":0,"player_choice":"Got Potions","damage_taken":0,"max_hp_gain":0,"max_hp_loss":0,"event_name":"Lab","floor":44,"gold_loss":0}],"is_beta":false,"boss_relics":[{"not_picked":["Empty Cage","SlaversCollar"],"picked":"Sozu"},{"not_picked":["Calling Bell","Cursed Key"],"picked":"FrozenCore"}],"items_purged_floors":[7,45,53],"is_endless":false,"potions_floor_spawned":[6,8,10,11,14,16,24,25,28,33,35,36,38,42,47,54],"ascension_level":9}}