{"host":"i9z6y8pcdeu2qxnx","time":1613501468,"event":{"mods":["BaseMod","Colored Map","Googly Eyes","Highlight Path","Minty Spire (QoL Compilation)","Replay The Spire","StSLib"],"gold_per_floor":[138,138,313,544,570,570,612,612,612,657,756,798,882,918,918,1215,1215,1263,541,541,612,697,832,896,896,896,953,1076,1134,1134,1217,1217,1261,1261],"floor_reached":33,"language":"ENG","playtime":2367,"items_purged":["Regret"],"score":424,"play_id":"ede55e93-5a7d-4e83-8cdd-e1662bb3fad3","local_time":"20210216135108","daily_mods":["SealedDeck","ControlledChaos","Midas"],"is_ascension_mode":false,"campfire_choices":[{"floor":6,"key":"REST"},{"floor":15,"key":"REST"},{"floor":25,"key":"REST"},{"floor":32,"key":"REST"}],"circlet_count":0,"master_deck":["Deflect","Blade Dance+1","Quick Slash","Cloak And Dagger","Bane","Deadly Poison","Dagger Spray","Blade Dance+1","Blade Dance+1","Accuracy","Hidden Blade+1","Doubt","ReplayTheSpireMod:Splinters","Caltrops","Well Laid Plans","Accuracy","Replay:Poison Smokescreen","Cloak And Dagger","Storm of Steel","Backflip","Die Die Die","Riddle With Holes","Well Laid Plans","Blade Dance+1","Master of Strategy","Midas Touch","Apotheosis","Flying Knee+1","Leg Sweep","Bane","Quick Slash+1","Dodge and Roll+1","Predator+1","Glass Knife"],"relics":["Ring of the Snake","Frozen Eye","ReplayTheSpireMod:TigerMarble","Replay:Baseball","Bottled Flame","Shuriken","Pondfish Scales","Black Star","Replay:Bandana","ReplayTheSpireMod:ShopPack","Sundial","Blood Vial","Gremlin Food","Replay:Bottled Eggs","Oddly Smooth Stone","Mirror"],"acts_visited":["Exordium","TheCity"],"potions_floor_usage":[13,22,27,28,29,33,33],"damage_taken":[{"damage":0,"enemies":"2 Louse","floor":1,"turns":2},{"damage":2,"enemies":"Cultist","floor":7,"turns":3},{"damage":0,"enemies":"Small Slimes","floor":10,"turns":2},{"damage":21,"enemies":"3 Sentries","floor":11,"turns":4},{"damage":0,"enemies":"Gremlin Gang","floor":12,"turns":3},{"damage":0,"enemies":"Lagavulin","floor":13,"turns":2},{"damage":0,"enemies":"Red Slaver","floor":14,"turns":1},{"damage":4,"enemies":"Slime Boss","floor":16,"turns":4},{"damage":4,"enemies":"3 Byrds","floor":18,"turns":3},{"damage":4,"enemies":"Chosen","floor":21,"turns":3},{"damage":7,"enemies":"Snecko","floor":22,"turns":4},{"damage":28,"enemies":"Replay:Snechameleon","floor":23,"turns":4},{"damage":11,"enemies":"Snake Plant","floor":24,"turns":3},{"damage":19,"enemies":"Centurion and Healer","floor":27,"turns":4},{"damage":13,"enemies":"Slavers","floor":28,"turns":4},{"damage":3,"enemies":"Snecko","floor":29,"turns":3},{"damage":0,"enemies":"Snake Plant","floor":31,"turns":3},{"damage":33,"enemies":"Collector","floor":33,"turns":5}],"seed_played":"8804508622380492848","potions_obtained":[{"floor":1,"key":"SkillPotion"},{"floor":4,"key":"Swift Potion"},{"floor":4,"key":"Strength Potion"},{"floor":13,"key":"SpeedPotion"},{"floor":21,"key":"ColorlessPotion"},{"floor":23,"key":"GamblersBrew"},{"floor":28,"key":"ColorlessPotion"},{"floor":29,"key":"Dexterity Potion"}],"is_trial":true,"path_per_floor":["M","?","?","?","T","R","M","?","T","M","E","M","E","M","R","B",null,"M","$","?","M","M","E","M","R","T","M","E","M","?","M","R","B"],"character_chosen":"THE_SILENT","items_purchased":["Replay:Bandana","ReplayTheSpireMod:ShopPack","Sundial","Well Laid Plans","Blade Dance"],"campfire_rested":4,"item_purchase_floors":[19,19,19,19,19],"current_hp_per_floor":[70,70,70,70,70,70,68,68,68,68,47,47,47,47,68,64,70,66,66,53,49,42,14,5,27,27,14,3,2,2,4,26,0,0],"gold":1261,"neow_bonus":"","is_daily":false,"chose_seed":false,"campfire_upgraded":0,"win_rate":0.0,"timestamp":1613501468,"path_taken":["M","?","?","?","?","R","?","?","T","M","E","M","E","M","R","BOSS","M","$","?","M","M","E","M","R","T","M","E","M","?","M","R","BOSS"],"items_purchased_type":["Relic","Relic","Relic","Card","Card"],"build_version":"2020-12-22","purchased_purges":1,"victory":false,"max_hp_per_floor":[70,70,70,70,70,70,70,70,70,70,70,70,70,70,70,70,70,70,70,75,75,75,75,75,75,75,75,75,75,75,75,75,75,75],"card_choices":[{"not_picked":["Draining Mist","Sucker Punch"],"picked":"Hidden Blade","floor":1},{"not_picked":["Blade Dance","Poisoned Stab"],"picked":"Caltrops","floor":4},{"not_picked":["Deflect","Poisoned Stab"],"picked":"Well Laid Plans","floor":7},{"not_picked":["Replay:Bag of Tricks","Sucker Punch"],"picked":"Accuracy","floor":10},{"not_picked":["Choke","Calculated Gamble"],"picked":"Replay:Poison Smokescreen","floor":11},{"not_picked":["Concentrate","Blur"],"picked":"Cloak And Dagger","floor":12},{"not_picked":["Cloak And Dagger","Prepared"],"picked":"Storm of Steel","floor":13},{"not_picked":["Setup","Dagger Throw"],"picked":"Backflip","floor":14},{"not_picked":["Wraith Form v2","Doppelganger"],"picked":"Die Die Die","floor":16},{"not_picked":["Dodge and Roll","Bane"],"picked":"Riddle With Holes","floor":18},{"not_picked":["Thinking Ahead","The Bomb"],"picked":"Master of Strategy","floor":19},{"not_picked":["Dark Shackles","Panacea"],"picked":"Midas Touch","floor":19},{"not_picked":["Crow Ritual","Bandage Up"],"picked":"Apotheosis","floor":19},{"not_picked":["PiercingWail","Quick Slash"],"picked":"Flying Knee+1","floor":21},{"not_picked":["Underhanded Strike","Backflip+1"],"picked":"Leg Sweep","floor":22},{"not_picked":["Dagger Throw","Well Laid Plans"],"picked":"Bane","floor":23},{"not_picked":["Prepared+1","Dagger Spray"],"picked":"Quick Slash","floor":24},{"not_picked":["Underhanded Strike","Slice","PiercingWail"],"picked":"SKIP","floor":27},{"not_picked":["Sucker Punch","Sneak Up"],"picked":"Dodge and Roll+1","floor":28},{"not_picked":["Replay:Poison Smokescreen","Slice"],"picked":"Predator+1","floor":29},{"not_picked":["PiercingWail+1","Dagger Spray"],"picked":"Glass Knife","floor":31}],"player_experience":1016543,"relics_obtained":[{"floor":5,"key":"Replay:Baseball"},{"floor":9,"key":"Bottled Flame"},{"floor":11,"key":"Shuriken"},{"floor":13,"key":"Pondfish Scales"},{"floor":23,"key":"Blood Vial"},{"floor":23,"key":"Gremlin Food"},{"floor":26,"key":"Replay:Bottled Eggs"},{"floor":28,"key":"Oddly Smooth Stone"},{"floor":28,"key":"Mirror"}],"event_choices":[{"damage_healed":0,"gold_gain":0,"player_choice":"Box","damage_taken":0,"relics_obtained":["ReplayTheSpireMod:TigerMarble"],"max_hp_gain":0,"max_hp_loss":0,"event_name":"Big Fish","floor":2,"gold_loss":0,"cards_obtained":["Regret"]},{"damage_healed":0,"gold_gain":175,"player_choice":"AGREE","damage_taken":0,"max_hp_gain":0,"max_hp_loss":0,"event_name":"Liars Game","floor":3,"gold_loss":0,"cards_obtained":["Doubt"]},{"damage_healed":0,"gold_gain":0,"player_choice":"Shed Blood","damage_taken":18,"max_hp_gain":5,"max_hp_loss":0,"event_name":"Forgotten Altar","floor":20,"gold_loss":0},{"damage_healed":0,"gold_gain":0,"player_choice":"Ignored","damage_taken":0,"max_hp_gain":0,"max_hp_loss":0,"event_name":"Vampires","floor":30,"gold_loss":0}],"is_beta":false,"boss_relics":[{"not_picked":["Ring of the Serpent","Kintsugi"],"picked":"Black Star"}],"items_purged_floors":[19],"is_endless":false,"potions_floor_spawned":[1,7,13,16,21,23,28,29],"killed_by":"Collector","ascension_level":0}}