{"host":"vyjryxuuuxkt43k4","time":1613472182,"event":{"mods":["AchievementEnabler","BaseMod","Colored Map","DeckTracker","Keyboard Shortcuts","Minty Spire (QoL Compilation)","Permanent Neow","Quick Restart","StSLib","SuperFastMode","everything is the same but u backflip on backflip"],"gold_per_floor":[116,116,116,131,131,131,145,156,156,166,1,16,16,46,46,46,46],"floor_reached":16,"language":"KOR","playtime":829,"items_purged":["Strike_R"],"score":204,"play_id":"8090ed04-3144-4098-b541-1d6b0721baba","local_time":"20210216194302","is_ascension_mode":true,"campfire_choices":[{"data":"Searing Blow","floor":6.0,"key":"SMITH"},{"data":"Searing Blow+1","floor":13,"key":"SMITH"},{"data":"Searing Blow+2","floor":15,"key":"SMITH"}],"circlet_count":0,"master_deck":["AscendersBane","Strike_R+1","Strike_R","Defend_R","Defend_R","Defend_R+1","Defend_R","Bash","Searing Blow+3","Flex","Pommel Strike","Burning Pact","Finesse"],"relics":["Burning Blood","StrikeDummy","Unceasing Top"],"acts_visited":["Exordium"],"potions_floor_usage":[14,16,16],"damage_taken":[{"damage":7.0,"enemies":"Jaw Worm","floor":1.0,"turns":3.0},{"damage":0.0,"enemies":"2 Louse","floor":4.0,"turns":3.0},{"damage":0.0,"enemies":"Small Slimes","floor":7.0,"turns":3.0},{"damage":8.0,"enemies":"Blue Slaver","floor":8.0,"turns":3.0},{"damage":0.0,"enemies":"3 Louse","floor":10.0,"turns":3.0},{"damage":10,"enemies":"Lots of Slimes","floor":12,"turns":4},{"damage":28,"enemies":"Lagavulin","floor":14,"turns":4},{"damage":32,"enemies":"Slime Boss","floor":16,"turns":6}],"seed_played":"3017076932309798329","potions_obtained":[{"floor":7.0,"key":"Strength Potion"},{"floor":10.0,"key":"DuplicationPotion"},{"floor":12,"key":"GamblersBrew"},{"floor":14,"key":"Explosive Potion"}],"is_trial":false,"path_per_floor":["M","?","?","M","?","R","M","M","T","M","$","M","R","E","R","B"],"character_chosen":"IRONCLAD","items_purchased":["Finesse"],"campfire_rested":0,"item_purchase_floors":[11],"current_hp_per_floor":[67,60,37,43,43,43,49,47,47,53,53,49,49,27,27,0,0],"gold":46,"neow_bonus":"TRANSFORM_CARD","is_daily":false,"chose_seed":false,"campfire_upgraded":3,"win_rate":0.0,"timestamp":1613472182,"path_taken":["M","?","?","M","?","R","M","M","T","M","$","M","R","E","R","BOSS"],"items_purchased_type":["Card"],"build_version":"2020-12-22","purchased_purges":1,"victory":false,"max_hp_per_floor":[75,75,75,75,75,75,75,75,75,75,75,75,75,75,75,75,75],"card_choices":[{"not_picked":["Perfected Strike","Body Slam"],"picked":"Flex","floor":1.0},{"not_picked":["Spot Weakness","Dual Wield","Sever Soul"],"picked":"SKIP","floor":4.0},{"not_picked":["Heavy Blade","Anger","Carnage"],"picked":"SKIP","floor":7.0},{"not_picked":["Cleave","True Grit"],"picked":"Pommel Strike","floor":8.0},{"not_picked":["Dropkick","Sword Boomerang"],"picked":"Burning Pact","floor":10.0},{"not_picked":["Brutality","Whirlwind","Uppercut"],"picked":"SKIP","floor":12},{"not_picked":["Cleave","Sword Boomerang","Infernal Blade"],"picked":"SKIP","floor":14}],"player_experience":1002567,"relics_obtained":[{"floor":9.0,"key":"StrikeDummy"},{"floor":14,"key":"Unceasing Top"}],"event_choices":[{"cards_removed":["Strike_R"],"damage_healed":0.0,"max_hp_gain":0.0,"max_hp_loss":0.0,"gold_gain":0.0,"event_name":"Golden Wing","player_choice":"Card Removal","floor":2.0,"gold_loss":0.0,"damage_taken":7.0},{"damage_healed":0.0,"max_hp_gain":0.0,"max_hp_loss":0.0,"gold_gain":0.0,"event_name":"Shining Light","player_choice":"Entered Light","floor":3.0,"gold_loss":0.0,"damage_taken":23.0,"cards_upgraded":["Strike_R","Defend_R"]},{"damage_healed":0.0,"max_hp_gain":0.0,"max_hp_loss":0.0,"gold_gain":0.0,"event_name":"Liars Game","player_choice":"Ignored","floor":5.0,"gold_loss":0.0,"damage_taken":0.0}],"is_beta":false,"boss_relics":[],"items_purged_floors":[11],"is_endless":false,"potions_floor_spawned":[7,10,12,14],"killed_by":"Slime Boss","ascension_level":20}}