{"host":"pjgcdp3h1plnbocs","time":1613505093,"event":{"mods":["AchievementEnabler","BaseMod","Colored Map","Downfall","Highlight Path","Minty Spire (QoL Compilation)","StSLib"],"gold_per_floor":[112,126,126,126,136,165,184,195,195,195,195],"floor_reached":10,"language":"ENG","playtime":247,"items_purged":[],"score":98,"play_id":"9d59ae27-577c-4b04-97ac-c6d7d7e1c963","local_time":"20210216205133","is_ascension_mode":true,"campfire_choices":[],"circlet_count":0,"master_deck":["Strike_B","Strike_B","Strike_B","Strike_B","Defend_B","Defend_B","Defend_B","Defend_B","Zap+1","Dualcast+1","Rainbow","Redo","Conserve Battery","Cold Snap","Redo"],"relics":["Cracked Core","Turnip","Blue Candle"],"acts_visited":["Exordium"],"potions_floor_usage":[6,10,10],"damage_taken":[{"damage":5,"enemies":"2 Louse","floor":1,"turns":3},{"damage":0,"enemies":"Small Slimes","floor":2,"turns":2},{"damage":0,"enemies":"Cultist","floor":5,"turns":4},{"damage":15,"enemies":"3 Sentries","floor":6,"turns":5},{"damage":0,"enemies":"Large Slime","floor":7,"turns":5},{"damage":0,"enemies":"Blue Slaver","floor":8,"turns":3},{"damage":16,"enemies":"Lagavulin","floor":10,"turns":2}],"seed_played":"-2928782298250307575","potions_obtained":[{"floor":1,"key":"AttackPotion"},{"floor":4,"key":"PotionOfCapacity"},{"floor":4,"key":"Strength Potion"},{"floor":5,"key":"EntropicBrew"}],"is_trial":false,"path_per_floor":["M","M","?","?","M","E","M","M","T","E"],"character_chosen":"DEFECT","items_purchased":[],"campfire_rested":0,"item_purchase_floors":[],"current_hp_per_floor":[45,45,30,30,30,15,15,15,15,0,0],"gold":195,"neow_bonus":"THREE_RARE_CARDS","is_daily":false,"chose_seed":false,"campfire_upgraded":0,"win_rate":0.0,"timestamp":1613505093,"path_taken":["M","M","?","?","?","E","M","M","T","E"],"items_purchased_type":[],"build_version":"2020-12-22","purchased_purges":0,"victory":false,"max_hp_per_floor":[75,75,75,75,75,75,75,75,75,75,75],"card_choices":[{"not_picked":["Thunder Strike","Machine Learning"],"picked":"Rainbow","floor":0},{"not_picked":["Genetic Algorithm","Ball Lightning"],"picked":"Redo","floor":1},{"not_picked":["Beam Cell","Stack","Steam"],"picked":"SKIP","floor":2},{"not_picked":["Gash","BootSequence","Barrage"],"picked":"SKIP","floor":5},{"not_picked":["Lockon","Streamline"],"picked":"Conserve Battery","floor":6},{"not_picked":["Streamline","Buffer"],"picked":"Cold Snap","floor":7},{"not_picked":["Coolheaded","Reinforced Body"],"picked":"Redo","floor":8}],"player_experience":244963,"relics_obtained":[{"floor":6,"key":"Turnip"},{"floor":9,"key":"Blue Candle"}],"event_choices":[{"damage_healed":0,"gold_gain":0,"player_choice":"Entered Light","damage_taken":15,"max_hp_gain":0,"max_hp_loss":0,"event_name":"Shining Light","floor":3,"gold_loss":0,"cards_upgraded":["Dualcast","Zap"]},{"damage_healed":0,"gold_gain":0,"player_choice":"Got Potions","damage_taken":0,"max_hp_gain":0,"max_hp_loss":0,"event_name":"Lab","floor":4,"gold_loss":0}],"is_beta":false,"boss_relics":[],"items_purged_floors":[],"is_endless":false,"potions_floor_spawned":[1,5],"killed_by":"Lagavulin","ascension_level":8}}