{"host":"mydft8i2zzydgggw","time":1613479246,"event":{"mods":["AchievementEnabler","BaseMod","Colored Map","Colored Powertips","DeckTracker","Keyboard Shortcuts","Minty Spire (QoL Compilation)","Rare Cards Sparkle","StSLib","SuperFastMode","Together in Spire","everything is the same but u backflip on backflip"],"gold_per_floor":[118,135,155,155,170,170,204,204,204,262,292,292,306,306,306,405,405,418,434,449,46,66,100,100,112,112,142,682,717,717,733,733,836,836,848,866,876,365,384,384,412,209,258,271,286,305,125,142,142,142,142,142,43,78,78,78],"floor_reached":55,"language":"KOR","playtime":2775,"items_purged":["Strike_P","Nirvana+1","Prostrate","Defend_P","Defend_P"],"score":698,"play_id":"399b36e9-de0b-4421-a6cb-7fd5e9544ed7","local_time":"20210216214046","is_ascension_mode":false,"campfire_choices":[{"data":"Eruption","floor":6.0,"key":"SMITH"},{"data":"MentalFortress","floor":8.0,"key":"SMITH"},{"data":"CutThroughFate","floor":12.0,"key":"SMITH"},{"data":"ClearTheMind","floor":15.0,"key":"SMITH"},{"data":"Crescendo","floor":24.0,"key":"SMITH"},{"floor":30.0,"key":"REST"},{"floor":32.0,"key":"REST"},{"data":"Ragnarok","floor":40.0,"key":"SMITH"},{"data":"EmptyMind","floor":49,"key":"SMITH"},{"data":"SashWhip","floor":52,"key":"SMITH"}],"circlet_count":0,"master_deck":["Eruption+1","Vigilance","EmptyBody","SashWhip+1","CutThroughFate+1","MentalFortress+1","ClearTheMind+1","Judgement","EmptyMind+1","Crescendo+1","WheelKick","ConjureBlade+1","Evaluate+1","EmptyFist+1","Ragnarok+1","Evaluate+1","Consecrate+1","Protect+1","LessonLearned","Madness+1","FearNoEvil","SpiritShield+1","InnerPeace+1"],"relics":["PureWater","NeowsBlessing","Bronze Scales","Ginger","Ancient Tea Set","Akabeko","White Beast Statue","Empty Cage","Toxic Egg 2","Smiling Mask","HornCleat","Kunai","Happy Flower","Astrolabe","Oddly Smooth Stone","OrangePellets","Shuriken","Melange","Potion Belt","GoldenEye"],"acts_visited":["TheEnding"],"potions_floor_usage":[48,50,50,50,50,54,55,55],"damage_taken":[{"damage":0.0,"enemies":"Cultist","floor":1.0,"turns":1.0},{"damage":0.0,"enemies":"Small Slimes","floor":2.0,"turns":1.0},{"damage":0.0,"enemies":"Jaw Worm","floor":3.0,"turns":1.0},{"damage":0.0,"enemies":"2 Fungi Beasts","floor":5.0,"turns":2.0},{"damage":0.0,"enemies":"3 Sentries","floor":7.0,"turns":1.0},{"damage":16.0,"enemies":"3 Sentries","floor":10.0,"turns":7.0},{"damage":0.0,"enemies":"Gremlin Nob","floor":11.0,"turns":1.0},{"damage":0.0,"enemies":"Exordium Wildlife","floor":13.0,"turns":1.0},{"damage":0.0,"enemies":"Hexaghost","floor":16.0,"turns":4.0},{"damage":0.0,"enemies":"Shell Parasite","floor":18.0,"turns":2.0},{"damage":0.0,"enemies":"Spheric Guardian","floor":19.0,"turns":2.0},{"damage":3.0,"enemies":"Snake Plant","floor":20.0,"turns":2.0},{"damage":6.0,"enemies":"Snecko","floor":22.0,"turns":5.0},{"damage":5.0,"enemies":"Book of Stabbing","floor":23.0,"turns":3.0},{"damage":0.0,"enemies":"Chosen and Byrds","floor":25.0,"turns":2.0},{"damage":0.0,"enemies":"Gremlin Leader","floor":27.0,"turns":3.0},{"damage":0.0,"enemies":"Slavers","floor":29.0,"turns":1.0},{"damage":0.0,"enemies":"Cultist and Chosen","floor":31.0,"turns":2.0},{"damage":2.0,"enemies":"Champ","floor":33.0,"turns":4.0},{"damage":0.0,"enemies":"Orb Walker","floor":35.0,"turns":1.0},{"damage":1.0,"enemies":"3 Shapes","floor":36.0,"turns":2.0},{"damage":0.0,"enemies":"Writhing Mass","floor":37.0,"turns":2.0},{"damage":0.0,"enemies":"3 Darklings","floor":39.0,"turns":2.0},{"damage":0.0,"enemies":"Reptomancer","floor":41.0,"turns":2.0},{"damage":18.0,"enemies":"4 Shapes","floor":44.0,"turns":3.0},{"damage":2.0,"enemies":"Writhing Mass","floor":45.0,"turns":4.0},{"damage":0,"enemies":"Maw","floor":46,"turns":2},{"damage":3,"enemies":"Transient","floor":48,"turns":3},{"damage":0,"enemies":"Donu and Deca","floor":50,"turns":2},{"damage":5,"enemies":"Shield and Spear","floor":54,"turns":2},{"damage":74,"enemies":"The Heart","floor":55,"turns":5}],"seed_played":"3985404536867700082","potions_obtained":[{"floor":2.0,"key":"SteroidPotion"},{"floor":5.0,"key":"StancePotion"},{"floor":10.0,"key":"SteroidPotion"},{"floor":13.0,"key":"StancePotion"},{"floor":16.0,"key":"DuplicationPotion"},{"floor":33.0,"key":"Fruit Juice"},{"floor":35.0,"key":"CultistPotion"},{"floor":39.0,"key":"EntropicBrew"},{"floor":41.0,"key":"Energy Potion"},{"floor":44.0,"key":"Fire Potion"},{"floor":45.0,"key":"Fire Potion"},{"floor":46,"key":"SteroidPotion"},{"floor":48,"key":"DuplicationPotion"},{"floor":54,"key":"PowerPotion"}],"is_trial":false,"path_per_floor":["M","M","M","?","M","R","E","R","T","?","E","R","M","?","R","B",null,"M","M","M","$","M","E","R","M","T","E","?","E","R","M","R","B",null,"M","M","M","$","M","R","E","$","T","M","M","M","$","M","R","B",null,"R","$","E","B"],"character_chosen":"WATCHER","items_purchased":["Toxic Egg 2","WheelKick","LessonLearned","Madness+1","Oddly Smooth Stone","OrangePellets","Melange","InnerPeace+1","Swift Potion","BottledMiracle"],"campfire_rested":2,"item_purchase_floors":[21,21,38,38,38,38,42,47,47,53],"current_hp_per_floor":[72,72,72,60,60,60,60,60,60,44,44,44,44,44,44,44,72,72,72,69,69,63,58,58,58,58,58,1,1,22,22,43,41,72,77,76,76,76,76,76,76,76,76,58,56,56,56,53,53,53,77,77,77,72,0,0],"gold":78,"neow_bonus":"THREE_ENEMY_KILL","is_daily":false,"chose_seed":false,"campfire_upgraded":8,"win_rate":0.0,"timestamp":1613479246,"path_taken":["M","?","M","?","M","R","E","R","T","?","E","R","M","?","R","BOSS","M","M","M","$","M","E","R","M","T","E","?","E","R","M","R","BOSS","M","M","M","$","?","R","E","$","T","M","M","M","$","M","R","BOSS","R","$","E","BOSS"],"items_purchased_type":["Relic","Card","Card","Card","Relic","Relic","Relic","Card","Potion","Potion"],"build_version":"2020-12-22","purchased_purges":5,"victory":false,"max_hp_per_floor":[72,72,72,72,72,72,72,72,72,72,72,72,72,72,72,72,72,72,72,72,72,72,72,72,72,72,72,72,72,72,72,72,72,72,77,77,77,77,77,77,77,77,77,77,77,77,77,77,77,77,77,77,77,77,77,77],"card_choices":[{"not_picked":["FollowUp","FlyingSleeves"],"picked":"EmptyBody","floor":1.0},{"not_picked":["EmptyBody","FlyingSleeves"],"picked":"SashWhip","floor":2.0},{"not_picked":["Fasting2","JustLucky","Wireheading"],"picked":"SKIP","floor":3.0},{"not_picked":["FlyingSleeves","BattleHymn"],"picked":"CutThroughFate","floor":5.0},{"not_picked":["EmptyBody","FlyingSleeves"],"picked":"MentalFortress","floor":7.0},{"not_picked":["Fasting2","WreathOfFlame","Devotion"],"picked":"SKIP","floor":11.0},{"not_picked":["PathToVictory","BowlingBash"],"picked":"ClearTheMind","floor":13.0},{"not_picked":["SpiritShield","Brilliance"],"picked":"Judgement","floor":16.0},{"not_picked":["PathToVictory+1","CutThroughFate"],"picked":"EmptyMind","floor":18.0},{"not_picked":["Halt","CrushJoints"],"picked":"Prostrate","floor":19.0},{"not_picked":["ClearTheMind","PathToVictory"],"picked":"Crescendo","floor":20.0},{"not_picked":["EmptyBody+1","EmptyMind+1","SashWhip"],"picked":"SKIP","floor":22.0},{"not_picked":["JustLucky","CrushJoints"],"picked":"ConjureBlade+1","floor":23.0},{"not_picked":["FlurryOfBlows","Protect+1"],"picked":"Evaluate+1","floor":25.0},{"not_picked":["DeceiveReality+1","Swivel+1"],"picked":"EmptyFist","floor":27.0},{"not_picked":["Wireheading","Crescendo+1","ReachHeaven"],"picked":"SKIP","floor":29.0},{"not_picked":["SignatureMove+1","Protect+1","Perseverance+1"],"picked":"SKIP","floor":31.0},{"not_picked":["DeusExMachina+1","Brilliance"],"picked":"Ragnarok","floor":33.0},{"not_picked":["Vengeance+1","SashWhip"],"picked":"Protect+1","floor":35.0},{"not_picked":["JustLucky","TalkToTheHand","Fasting2+1"],"picked":"SKIP","floor":36.0},{"not_picked":["ThirdEye+1","EmptyBody+1","Wireheading"],"picked":"SKIP","floor":37.0},{"not_picked":["EmptyBody+1","ReachHeaven"],"picked":"FearNoEvil","floor":39.0},{"not_picked":["CutThroughFate","TalkToTheHand+1","Halt+1"],"picked":"SKIP","floor":41.0},{"not_picked":["SashWhip","JustLucky+1"],"picked":"SpiritShield+1","floor":44.0},{"not_picked":["Prostrate+1","CrushJoints+1","JustLucky"],"picked":"SKIP","floor":45.0},{"not_picked":["EmptyBody+1","FollowUp","FlyingSleeves"],"picked":"SKIP","floor":46},{"not_picked":["JustLucky","Wireheading+1","FlurryOfBlows+1"],"picked":"SKIP","floor":48},{"not_picked":["Fasting2+1","Worship+1","JustLucky"],"picked":"SKIP","floor":54}],"player_experience":274001,"relics_obtained":[{"floor":7.0,"key":"Ginger"},{"floor":9.0,"key":"Ancient Tea Set"},{"floor":10.0,"key":"Akabeko"},{"floor":11.0,"key":"White Beast Statue"},{"floor":23.0,"key":"Smiling Mask"},{"floor":26.0,"key":"HornCleat"},{"floor":27.0,"key":"Kunai"},{"floor":29.0,"key":"Happy Flower"},{"floor":41.0,"key":"Shuriken"},{"floor":43.0,"key":"Potion Belt"},{"floor":54,"key":"GoldenEye"}],"event_choices":[{"damage_healed":0.0,"max_hp_gain":0.0,"max_hp_loss":0.0,"gold_gain":0.0,"event_name":"Scrap Ooze","player_choice":"Success","floor":4.0,"gold_loss":0.0,"damage_taken":12.0,"relics_obtained":["Bronze Scales"]},{"damage_healed":0.0,"max_hp_gain":0.0,"max_hp_loss":0.0,"gold_gain":0.0,"event_name":"Dead Adventurer","player_choice":"Searched \u00272\u0027 times","floor":10.0,"gold_loss":0.0,"damage_taken":0.0},{"damage_healed":0.0,"max_hp_gain":0.0,"max_hp_loss":0.0,"gold_gain":0.0,"event_name":"Liars Game","player_choice":"Ignored","floor":14.0,"gold_loss":0.0,"damage_taken":0.0},{"damage_healed":0.0,"max_hp_gain":0.0,"max_hp_loss":0.0,"gold_gain":540.0,"event_name":"Knowing Skull","player_choice":"GOLD GOLD GOLD GOLD GOLD GOLD ","floor":28.0,"potions_obtained":[],"gold_loss":0.0,"damage_taken":57.0,"cards_obtained":[]}],"is_beta":false,"boss_relics":[{"not_picked":["Velvet Choker","SacredBark"],"picked":"Empty Cage"},{"not_picked":["Coffee Dripper","Calling Bell"],"picked":"Astrolabe"}],"items_purged_floors":[21,38,42,47,53],"is_endless":false,"potions_floor_spawned":[2,5,10,13,16,18,19,20,22,23,25,27,29,31,33,35,36,37,39,41,44,45,46,48,54],"killed_by":"The Heart","ascension_level":0}}