{"host":"kiehjq3lc4w5t4uc","time":1613496373,"event":{"mods":["AchievementEnabler","BaseMod","BetterRewards","Colored Map","Colored Powertips","DeckTracker","Good Game Mod","Infinite Spire","Keyboard Shortcuts","Minty Spire (QoL Compilation)","Permanent Neow","Quick Restart","Rare Cards Sparkle","Relic Stats","StSLib","SuperFastMode"],"gold_per_floor":[119,119,139,15,35,63,63,74,74,90,124,124,143,143,143,220,220,232,245,245,245,263,263,294,294,294,310,310,310,321,349,349,424,424,443,199,214,214,214,214,214,214],"floor_reached":41,"language":"KOR","playtime":1806,"items_purged":["Strike_R","Defend_R","Strike_R","Metamorphosis","Strike_R","Pommel Strike","Seeing Red"],"score":1025,"play_id":"1cee94be-9850-443b-b06f-619f51e1caf3","local_time":"20210217022613","is_ascension_mode":true,"campfire_choices":[{"data":"True Grit","floor":7,"key":"SMITH"},{"data":"Grand Finale","floor":15,"key":"SMITH"},{"data":"Strike_R","floor":23,"key":"PURGE"},{"data":"Twin Strike","floor":25,"key":"PURGE"},{"data":"Defend_R","floor":28,"key":"PURGE"},{"data":"Decay","floor":32,"key":"PURGE"},{"data":"Bash","floor":40,"key":"PURGE"}],"circlet_count":0,"master_deck":["AscendersBane","Defend_R","Defend_R+1","Grand Finale+1","True Grit+1","Battle Trance","Second Wind","infinitespire:Collect+1","Shrug It Off","Offering","Flash of Steel"],"relics":["Burning Blood","REME:ComplimentaryCards","infinitespire:Satchel","TheAbacus","Singing Bowl","Peace Pipe","infinitespire:ShieldingShard","CaptainsWheel","Bird Faced Urn","Smiling Mask","SlaversCollar","War Paint","Calipers","Happy Flower","The Courier","Busted Crown","Medical Kit","Meat on the Bone"],"acts_visited":["Exordium","TheCity","TheBeyond"],"potions_floor_usage":[16,19],"damage_taken":[{"damage":11,"enemies":"2 Louse","floor":1,"turns":3},{"damage":2,"enemies":"Jaw Worm","floor":3,"turns":2},{"damage":0,"enemies":"Cultist","floor":5,"turns":2},{"damage":8,"enemies":"Gremlin Nob","floor":6,"turns":3},{"damage":6,"enemies":"Red Slaver","floor":8,"turns":2},{"damage":0,"enemies":"Exordium Wildlife","floor":10,"turns":2},{"damage":0,"enemies":"3 Sentries","floor":11,"turns":2},{"damage":28,"enemies":"Lots of Slimes","floor":13,"turns":5},{"damage":3,"enemies":"The Guardian","floor":16,"turns":6},{"damage":0,"enemies":"Spheric Guardian","floor":18,"turns":2},{"damage":18,"enemies":"2 Thieves","floor":19,"turns":4},{"damage":0,"enemies":"3 Cultists","floor":22,"turns":2},{"damage":0,"enemies":"Gremlin Leader","floor":24,"turns":3},{"damage":0,"enemies":"Snecko","floor":27,"turns":3},{"damage":0,"enemies":"Centurion and Healer","floor":30,"turns":2},{"damage":0,"enemies":"Book of Stabbing","floor":31,"turns":2},{"damage":0,"enemies":"Collector","floor":33,"turns":2},{"damage":15,"enemies":"3 Darklings","floor":35,"turns":2},{"damage":0,"enemies":"Orb Walker","floor":37,"turns":2},{"damage":0,"enemies":"infinitespire:Three Voidlings","floor":41,"turns":1},{"damage":109,"enemies":"Nightmare_Alpha","floor":41,"turns":8}],"seed_played":"-6929977099589919979","potions_obtained":[{"floor":1,"key":"AttackPotion"},{"floor":8,"key":"DuplicationPotion"},{"floor":22,"key":"ColorlessPotion"},{"floor":24,"key":"Dexterity Potion"}],"is_trial":false,"path_per_floor":["M","?","M","$","M","E","R","M","T","M","E","?","M","$","R","B",null,"M","M","AVR","T","M","R","E","R","T","M","R","?","M","E","R","B",null,"M","$","M","AVR","?","R","?"],"character_chosen":"IRONCLAD","items_purchased":["True Grit","Battle Trance","infinitespire:Satchel","TheAbacus","Singing Bowl","Twin Strike","Peace Pipe","Flash of Steel","Medical Kit"],"campfire_rested":0,"item_purchase_floors":[0,0,0,0,0,0,4,36,36],"current_hp_per_floor":[69,69,73,73,81,81,81,83,83,90,90,90,70,70,70,75,89,94,84,84,84,90,90,98,98,98,100,100,100,102,104,104,104,104,97,97,105,105,105,105,0,0],"gold":214,"neow_bonus":"","is_daily":false,"chose_seed":false,"campfire_upgraded":2,"win_rate":0.0,"timestamp":1613496373,"path_taken":["M","?","M","$","M","E","R","M","T","M","E","?","?","$","R","BOSS","M","M","AVR","?","M","R","E","R","T","M","R","?","M","E","R","BOSS","M","?","M","AVR","?","R","?"],"items_purchased_type":["Card","Card","Relic","Relic","Relic","Card","Relic","Card","Relic"],"build_version":"2020-12-22","purchased_purges":7,"victory":false,"max_hp_per_floor":[82,82,82,82,84,86,86,88,88,90,90,90,92,92,92,94,94,94,96,96,96,96,96,98,98,98,100,100,100,102,104,104,104,104,106,106,108,108,108,108,108,108],"relic_stats":{"Singing Bowl":28,"Happy Flower":[7],"counters":[21,60],"War Paint":["infinitespire:Collect","Defend_R"],"Smiling Mask":190,"Medical Kit":[0],"Burning Blood":85,"Peace Pipe":5,"TheAbacus":[282],"Busted Crown":8,"Bird Faced Urn":[0],"obtain_stats":[{"Calipers":24,"Singing Bowl":0,"Happy Flower":26,"The Courier":31,"War Paint":21,"Smiling Mask":14,"Medical Kit":36,"Burning Blood":0,"Peace Pipe":4,"SlaversCollar":17,"REME:ComplimentaryCards":0,"CaptainsWheel":9,"TheAbacus":0,"infinitespire:ShieldingShard":6,"Busted Crown":34,"Bird Faced Urn":11,"infinitespire:Satchel":0,"Meat on the Bone":38},{"Calipers":13,"Singing Bowl":0,"Happy Flower":13,"The Courier":16,"War Paint":11,"Smiling Mask":8,"Medical Kit":18,"Burning Blood":0,"Peace Pipe":2,"SlaversCollar":9,"REME:ComplimentaryCards":0,"CaptainsWheel":5,"TheAbacus":0,"infinitespire:ShieldingShard":4,"Busted Crown":17,"Bird Faced Urn":7,"infinitespire:Satchel":0,"Meat on the Bone":19},{"Calipers":38,"Singing Bowl":0,"Happy Flower":38,"The Courier":45,"War Paint":33,"Smiling Mask":21,"Medical Kit":49,"Burning Blood":0,"Peace Pipe":5,"SlaversCollar":27,"REME:ComplimentaryCards":0,"CaptainsWheel":12,"TheAbacus":0,"infinitespire:ShieldingShard":10,"Busted Crown":47,"Bird Faced Urn":16,"infinitespire:Satchel":0,"Meat on the Bone":51}],"Meat on the Bone":0},"card_choices":[{"not_picked":["Twin Strike","Body Slam","Headbutt"],"picked":"Singing Bowl","floor":1},{"not_picked":["Thunderclap","Sever Soul"],"picked":"Pommel Strike","floor":3},{"not_picked":["Rampage","Twin Strike","Sword Boomerang"],"picked":"Singing Bowl","floor":5},{"not_picked":["Rage","Bloodletting","Brutality"],"picked":"Singing Bowl","floor":6},{"not_picked":["Heavy Blade","Clash","Iron Wave"],"picked":"Singing Bowl","floor":8},{"not_picked":["Twin Strike","Thunderclap","Reaper"],"picked":"Singing Bowl","floor":10},{"not_picked":["Carnage","Body Slam"],"picked":"Seeing Red","floor":11},{"not_picked":["Perfected Strike","Twin Strike","Burning Pact"],"picked":"Singing Bowl","floor":13},{"not_picked":["Berserk","Barricade","Demon Form"],"picked":"Singing Bowl","floor":16},{"not_picked":["Feel No Pain+1","Burning Pact"],"picked":"Second Wind","floor":18},{"not_picked":["Rage","Iron Wave","Sword Boomerang"],"picked":"Singing Bowl","floor":19},{"not_picked":["Pommel Strike","Flame Barrier"],"picked":"Shrug It Off","floor":22},{"not_picked":["Armaments","Pummel","Wild Strike"],"picked":"Singing Bowl","floor":24},{"not_picked":["Shrug It Off","Barricade","Perfected Strike"],"picked":"Singing Bowl","floor":27},{"not_picked":["Armaments","Reckless Charge","Twin Strike"],"picked":"Singing Bowl","floor":30},{"not_picked":["infinitespire:OneForAll","Seeing Red","Warcry"],"picked":"Singing Bowl","floor":31},{"not_picked":["Corruption","Limit Break"],"picked":"Offering","floor":33},{"not_picked":["Headbutt"],"picked":"Singing Bowl","floor":35},{"not_picked":["Rampage+1"],"picked":"Singing Bowl","floor":37}],"player_experience":184315,"relics_obtained":[{"floor":6,"key":"infinitespire:ShieldingShard"},{"floor":9,"key":"CaptainsWheel"},{"floor":11,"key":"Bird Faced Urn"},{"floor":21,"key":"War Paint"},{"floor":24,"key":"Calipers"},{"floor":26,"key":"Happy Flower"},{"floor":31,"key":"The Courier"}],"event_choices":[{"cards_removed":["Strike_R"],"damage_healed":0,"gold_gain":0,"player_choice":"Forget","damage_taken":0,"max_hp_gain":0,"max_hp_loss":0,"event_name":"Living Wall","floor":2,"gold_loss":0},{"damage_healed":0,"gold_gain":0,"player_choice":"Got Potions","damage_taken":0,"max_hp_gain":0,"max_hp_loss":0,"event_name":"Lab","floor":12,"gold_loss":0},{"damage_healed":0,"gold_gain":0,"player_choice":"Cursed","damage_taken":0,"max_hp_gain":0,"max_hp_loss":0,"event_name":"Wheel of Change","floor":29,"gold_loss":0,"cards_obtained":["Decay"]},{"damage_healed":0,"gold_gain":0,"player_choice":"Ignored","damage_taken":0,"max_hp_gain":0,"max_hp_loss":0,"event_name":"Tomb of Lord Red Mask","floor":39,"gold_loss":0}],"is_beta":false,"boss_relics":[{"not_picked":["Ectoplasm","Mark of Pain"],"picked":"SlaversCollar"},{"not_picked":["Empty Cage","Snecko Eye"],"picked":"Busted Crown"}],"items_purged_floors":[0,0,4,14,20,36,38],"is_endless":false,"potions_floor_spawned":[1,8,11,13,22,24,31,33,37],"killed_by":"Nightmare_Alpha","ascension_level":13}}