{"host":"szp1d6dso4pv7ddl","time":1613448028,"event":{"mods":["AchievementEnabler","Alarm Clock","BaseMod","Bestiary","Block Reminder","Colored Map","Colored Powertips","Curses Come First","Dark Map","Displayed Cursed Tome","Highlight Path","Minty Spire (QoL Compilation)","Permanent Neow","Quick Restart","Relic Sorter","Relic Stats","StSLib","Synergy Search"],"gold_per_floor":[367,282,296,296,315,315,315,315],"floor_reached":7,"language":"ENG","playtime":345,"items_purged":[],"score":82,"play_id":"0e60d7a0-4ab3-4a6f-8de9-1f3141c69cec","local_time":"20210215200028","is_ascension_mode":true,"campfire_choices":[{"floor":6,"key":"REST"}],"circlet_count":0,"master_deck":["AscendersBane","Strike_G","Strike_G","Strike_G","Strike_G","Strike_G","Defend_G","Defend_G","Defend_G","Defend_G","Defend_G","Survivor","Neutralize","Backflip","Blur","Dagger Spray","Cloak And Dagger"],"relics":["Ring of the Snake","Golden Idol"],"acts_visited":["Exordium"],"potions_floor_usage":[7],"damage_taken":[{"damage":27,"enemies":"Jaw Worm","floor":1,"turns":8},{"damage":2,"enemies":"Small Slimes","floor":3,"turns":4},{"damage":0,"enemies":"2 Louse","floor":5,"turns":2},{"damage":35,"enemies":"3 Sentries","floor":7,"turns":12}],"seed_played":"-4574730006516498484","potions_obtained":[{"floor":3,"key":"Block Potion"}],"is_trial":false,"path_per_floor":["M","$","M","?","M","R","E"],"character_chosen":"THE_SILENT","items_purchased":["Blur"],"campfire_rested":1,"item_purchase_floors":[2],"current_hp_per_floor":[17,17,15,15,15,33,0,0],"gold":315,"neow_bonus":"TWO_FIFTY_GOLD","is_daily":false,"chose_seed":false,"campfire_upgraded":0,"win_rate":0.0,"timestamp":1613448028,"path_taken":["M","$","M","?","M","R","E"],"items_purchased_type":["Card"],"build_version":"2020-12-22","purchased_purges":0,"victory":false,"max_hp_per_floor":[66,66,66,60,60,60,60,60],"relic_stats":{"counters":[4,26],"Golden Idol":4,"obtain_stats":[{"Golden Idol":4,"Ring of the Snake":0},{"Golden Idol":2,"Ring of the Snake":0},{"Golden Idol":12,"Ring of the Snake":0}],"Ring of the Snake":[8]},"card_choices":[{"not_picked":["Poisoned Stab","Prepared"],"picked":"Backflip","floor":1},{"not_picked":["Deadly Poison","Escape Plan"],"picked":"Dagger Spray","floor":3},{"not_picked":["Poisoned Stab","Prepared"],"picked":"Cloak And Dagger","floor":5}],"player_experience":1585709,"relics_obtained":[],"event_choices":[{"damage_healed":0,"gold_gain":0,"player_choice":"Lose Max HP","damage_taken":0,"relics_obtained":["Golden Idol"],"max_hp_gain":0,"max_hp_loss":6,"event_name":"Golden Idol","floor":4,"gold_loss":0}],"is_beta":false,"boss_relics":[],"items_purged_floors":[],"is_endless":false,"potions_floor_spawned":[3],"killed_by":"3 Sentries","ascension_level":20}}