{"host":"r6lqs70fdfl5jnjl","time":1613461488,"event":{"mods":["ATMod(阿瑾Mod)","Act Like it!","BaseMod","Chen","Marisa（F雨　魔理沙）","Minty Spire (QoL Compilation)","StSLib","WarShipGirlsR/战舰少女R mod"],"gold_per_floor":[111,121,133,133,35,64,64,64,64,64,77,96,110,128,128,226,226,226],"floor_reached":17,"language":"ZHS","playtime":959,"items_purged":["Chen:Strike"],"score":159,"play_id":"44355a18-e9f9-44d6-8783-c66373d5b9b9","local_time":"20210216154448","is_ascension_mode":false,"campfire_choices":[{"floor":7,"key":"REST"},{"data":"Chen:BlueOniRedOni","floor":15,"key":"SMITH"}],"circlet_count":0,"master_deck":["Chen:Strike","Chen:Strike","Chen:Strike","Chen:Defend","Chen:Defend","Chen:Defend","Chen:PounceTurnTail","Chen:GlitterPoke","AT_FamilyPortrait","Chen:Spray","Chen:CatPunch","Chen:Unpredictable","Chen:RecklessLeap","Chen:Assault","Chen:BlueOniRedOni+1","Chen:Sweep","Chen:Kimontonkou","Chen:Spray","Chen:FlankingStrike"],"relics":["Chen:Catnip","AT_ATBox","AT_DeathDance","AT_EbonyIvory","Sozu"],"acts_visited":["Exordium","TheCity"],"potions_floor_usage":[16],"damage_taken":[{"damage":0,"enemies":"Small Slimes","floor":1,"turns":3},{"damage":0,"enemies":"Cultist","floor":2,"turns":3},{"damage":7,"enemies":"Jaw Worm","floor":3,"turns":3},{"damage":35,"enemies":"Gremlin Nob","floor":6,"turns":4},{"damage":0,"enemies":"Large Slime","floor":11,"turns":4},{"damage":6,"enemies":"Lots of Slimes","floor":12,"turns":2},{"damage":0,"enemies":"Looter","floor":13,"turns":1},{"damage":7,"enemies":"Gremlin Gang","floor":14,"turns":2},{"damage":26,"enemies":"Hexaghost","floor":16,"turns":5}],"seed_played":"-8176533052645497332","potions_obtained":[{"floor":1,"key":"Strength Potion"},{"floor":3,"key":"SteroidPotion"},{"floor":6,"key":"AttackPotion"}],"is_trial":false,"path_per_floor":["M","M","M","?","$","E","R","?","T","?","M","M","M","M","R","B",null],"character_chosen":"CHEN","items_purchased":["Chen:RecklessLeap"],"campfire_rested":1,"item_purchase_floors":[5],"current_hp_per_floor":[77,77,70,70,70,35,58,58,58,58,58,52,52,45,45,19,77,77],"gold":226,"neow_bonus":"TEN_PERCENT_HP_BONUS","is_daily":false,"chose_seed":false,"campfire_upgraded":1,"win_rate":0.0,"timestamp":1613461488,"path_taken":["M","M","M","?","?","E","R","?","T","?","M","M","M","M","R","BOSS"],"items_purchased_type":["Card"],"build_version":"2020-12-22","purchased_purges":1,"victory":false,"max_hp_per_floor":[77,77,77,77,77,77,77,77,77,77,77,77,77,77,77,77,77,77],"card_choices":[{"not_picked":["Chen:Sneak","Chen:Barrier"],"picked":"Chen:Spray","floor":1},{"not_picked":["Chen:Mixup","Chen:Lacerate"],"picked":"Chen:CatPunch","floor":2},{"not_picked":["Chen:CatPunch","Chen:BlueOniRedOni"],"picked":"Chen:Unpredictable","floor":3},{"not_picked":["Chen:Barrier","Chen:SelfConfidence"],"picked":"Chen:Assault","floor":6},{"not_picked":["Chen:Tear","Chen:Panic"],"picked":"Chen:BlueOniRedOni","floor":11},{"not_picked":["Chen:RecklessLeap","Chen:Shot"],"picked":"Chen:Sweep","floor":12},{"not_picked":["Chen:Adaptability","Chen:PentagramFlight"],"picked":"Chen:Kimontonkou","floor":13},{"not_picked":["Chen:MisdirectSwipe","Chen:Instinct"],"picked":"Chen:Spray","floor":14},{"not_picked":["Chen:WhateverWorks","Chen:Stability"],"picked":"Chen:FlankingStrike","floor":16}],"player_experience":55824,"relics_obtained":[{"floor":6,"key":"AT_DeathDance"},{"floor":9,"key":"AT_EbonyIvory"}],"event_choices":[{"damage_healed":0,"gold_gain":0,"player_choice":"Ignored","damage_taken":0,"max_hp_gain":0,"max_hp_loss":0,"event_name":"NoteForYourself","floor":4,"gold_loss":0},{"cards_removed":["Chen:Strike"],"damage_healed":0,"gold_gain":0,"player_choice":"Forget","damage_taken":0,"max_hp_gain":0,"max_hp_loss":0,"event_name":"Living Wall","floor":8,"gold_loss":0},{"cards_removed":["Chen:Defend"],"damage_healed":0,"gold_gain":0,"player_choice":"Purged","damage_taken":0,"max_hp_gain":0,"max_hp_loss":0,"event_name":"Purifier","floor":10,"gold_loss":0}],"is_beta":false,"boss_relics":[{"not_picked":["Runic Pyramid","Cursed Key"],"picked":"Sozu"}],"items_purged_floors":[5],"is_endless":false,"potions_floor_spawned":[1,3,6,11,12],"ascension_level":0}}