{"host":"kybn6ox37urbij4t","time":1613513363,"event":{"mods":["Aspiration","BaseMod","Better Third Choice","Dota2Spire","Downfall","Minty Spire (QoL Compilation)","Reliquary","Replay The Spire","StSLib","The Blue Laboratory","TheWitcher"],"gold_per_floor":[125,125,125,155,180,180,180],"floor_reached":6,"language":"ENG","playtime":342,"items_purged":[],"score":36,"play_id":"2487bb79-49b1-41ab-8f0e-aeef26fe7542","local_time":"20210216230923","is_ascension_mode":false,"campfire_choices":[],"circlet_count":0,"master_deck":["SnafuTest:DefaultCommonAttack+1","SnafuTest:DefaultCommonAttack","SnafuTest:DefaultCommonAttack","SnafuTest:BountyHunt","SnafuTest:DefaultCommonSkill","SnafuTest:DefaultCommonSkill","SnafuTest:DefaultCommonSkill+1","SnafuTest:BombDancingStar","SnafuTest:Kick"],"relics":["SnafuTest:UnstableMutagenRelic","NeowsBlessing"],"acts_visited":["Exordium"],"potions_floor_usage":[],"damage_taken":[{"damage":0,"enemies":"2 Louse","floor":1,"turns":1},{"damage":0,"enemies":"Jaw Worm","floor":4,"turns":1},{"damage":0,"enemies":"Cultist","floor":5,"turns":2},{"damage":42,"enemies":"3 Sentries","floor":6,"turns":9}],"seed_played":"3711215568276687329","potions_obtained":[{"floor":4,"key":"blueLaboratory:BubblePotion"},{"floor":5,"key":"blueLaboratory:PhilterOfMotion"}],"is_trial":false,"path_per_floor":["M","?","?","M","M","E"],"character_chosen":"THE_WITCHER","items_purchased":[],"campfire_rested":0,"item_purchase_floors":[],"current_hp_per_floor":[75,68,53,53,53,11,11],"gold":180,"neow_bonus":"THREE_ENEMY_KILL","is_daily":false,"chose_seed":false,"campfire_upgraded":0,"win_rate":0.0,"timestamp":1613513363,"path_taken":["M","?","?","M","M","E"],"items_purchased_type":[],"build_version":"2020-12-22","purchased_purges":0,"victory":false,"max_hp_per_floor":[75,75,75,75,75,75,75],"card_choices":[{"not_picked":["SnafuTest:SpellDarkMirror","SnafuTest:SignAard"],"picked":"SnafuTest:BombDancingStar","floor":1},{"not_picked":["SnafuTest:SwiftAssault","SnafuTest:PhantomMemory"],"picked":"SnafuTest:Kick","floor":4},{"not_picked":["SnafuTest:BloodForBlood","SnafuTest:MCSongOfPeace","SnafuTest:ArmoredSortie"],"picked":"SKIP","floor":5}],"player_experience":413042,"relics_obtained":[],"event_choices":[{"cards_removed":["SnafuTest:SignYrden"],"damage_healed":0,"gold_gain":0,"player_choice":"Card Removal","damage_taken":7,"max_hp_gain":0,"max_hp_loss":0,"event_name":"Golden Wing","floor":2,"gold_loss":0},{"damage_healed":68,"gold_gain":0,"player_choice":"Upgrade","damage_taken":15,"max_hp_gain":0,"max_hp_loss":75,"event_name":"betterThird:BetterShining","floor":3,"gold_loss":0,"cards_upgraded":["SnafuTest:DefaultCommonSkill","SnafuTest:DefaultCommonAttack"]}],"is_beta":false,"boss_relics":[],"items_purged_floors":[],"is_endless":false,"potions_floor_spawned":[4,5],"killed_by":"3 Sentries","ascension_level":0}}