{"host":"xxi53rn2ndafw16n","time":1613478373,"event":{"mods":["Act Like it!","BaseMod","Colored Map","Dota2Spire","Downfall","Gensokyo","Gold Saver","Marisa£®ÏF”Í°°ƒß¿Ì…≥£©","Minty Spire (QoL Compilation)","MostiFishMod","Reimu£®≤©¿ˆ¡È√Œ£©","Remilia£®¿Ÿ√◊¿Ú—«£©","Remove Card Discount Mod","Replay The Spire","RumiaBox-¬∂√◊Ê´µƒ…Ò√ÿ∫–◊”","StSLib","The Bug Knight","Waifu the Spire","WarShipGirlsR/’ΩΩ¢…Ÿ≈ÆR mod","Yakumo Yukari mod","Youmu£®ªÍ∆«—˝√Œ£©","°æπ¶ƒ‹Mod°øªÏ„Á÷Æª∑–ﬁ∏¥≤π∂°","°æ“≈ŒÔø®≈∆°øREMEMod","ÛÙª÷∏ƒœ"],"gold_per_floor":[952,952,952,558,573,606,349,378,378,435,460,268,295,295,295,395,395,415,415,435,445,445,473,485,511,537,552,579,596,596,615,615,715,715,729,725,744,759,775,805,859,859,859,859,876,910,932,944,956,968],"floor_reached":51,"language":"ZHS","playtime":1937,"items_purged":["Strike_R","Defend_R","Defend_R","Defend_R","Defend_R+1","Bash"],"score":1528,"play_id":"971ee9e2-8e80-45db-ae14-1b2721360046","local_time":"20210216202613","is_ascension_mode":true,"campfire_choices":[{"floor":15,"key":"REST"},{"data":"MostiFishMod:FlyOverUtopia","floor":32,"key":"SMITH"},{"floor":42,"key":"REST"},{"floor":49,"key":"REST"}],"circlet_count":0,"master_deck":["Strike_R+1","Strike_R+1","Strike_R+1","Strike_R+1","MostiFishMod:FlyOverUtopia+1","ReplayTheSpireMod:LeadingStrike","Clash","Armaments","Armaments","Rampage+1","Thunderclap","Inflame","Flex","Flex","Clash","Heavy Blade","Heavy Blade","Heavy Blade","MostiFishMod:FireWorks","Sword Boomerang+1","Flex+1","Warcry","Limit Break+1","Pommel Strike","Pommel Strike","Inflame","Sword Boomerang+1","Infernal Blade","MostiFishMod:CullingBlade","Iron Wave","Spot Weakness"],"relics":["DaveBox","REME_ComplimentaryCards","SacredBark","RhineSuit","SynthV:TestCard","HollowMod:PaleOreRelic","Blue Candle","Orichalcum","Dodecahedron","Juzu Bracelet","Toy Ornithopter","Dota2Spire:Vanguard","ImprovedEquipment","CaptainsWheel","ChaoDraw","Vajra","Omamori","Meat on the Bone","REME_LimitBreaker","SSSystem","Nunchaku","PatriotShield","BionicSphere","MostiFishMod:Haymaker","Ginger","MawBank"],"acts_visited":["Exordium","TheCity","TheBeyond"],"potions_floor_usage":[16,33],"damage_taken":[{"damage":0,"enemies":"Cultist","floor":1,"turns":2},{"damage":0,"enemies":"2 Louse","floor":5,"turns":2},{"damage":4,"enemies":"Gremlin Nob","floor":6,"turns":2},{"damage":10,"enemies":"3 Sentries","floor":8,"turns":4},{"damage":0,"enemies":"Gremlin Nob","floor":10,"turns":3},{"damage":0,"enemies":"Replay:BlueRogue","floor":11,"turns":2},{"damage":4,"enemies":"Gremlin Nob","floor":13,"turns":2},{"damage":12,"enemies":"Fading Forest","floor":16,"turns":9},{"damage":0,"enemies":"Spheric Guardian","floor":18,"turns":1},{"damage":9,"enemies":"2 Thieves","floor":20,"turns":2},{"damage":4,"enemies":"3 Cultists","floor":21,"turns":3},{"damage":13,"enemies":"Slavers","floor":23,"turns":2},{"damage":4,"enemies":"Centurion and Healer","floor":24,"turns":3},{"damage":0,"enemies":"Gremlin Leader","floor":25,"turns":2},{"damage":4,"enemies":"Sentry and Sphere","floor":27,"turns":1},{"damage":31,"enemies":"REME_1_Revenger","floor":28,"turns":3},{"damage":4,"enemies":"Chosen and Byrds","floor":29,"turns":3},{"damage":4,"enemies":"Snake Plant","floor":31,"turns":1},{"damage":16,"enemies":"Pondfish","floor":33,"turns":3},{"damage":4,"enemies":"Orb Walker","floor":35,"turns":1},{"damage":4,"enemies":"3 Shapes","floor":37,"turns":2},{"damage":4,"enemies":"Spire Growth","floor":38,"turns":1},{"damage":4,"enemies":"Writhing Mass","floor":39,"turns":1},{"damage":4,"enemies":"Nemesis","floor":40,"turns":1},{"damage":4,"enemies":"2 Orb Walkers","floor":41,"turns":1},{"damage":8,"enemies":"Maw","floor":45,"turns":1},{"damage":4,"enemies":"Giant Head","floor":46,"turns":1},{"damage":4,"enemies":"Transient","floor":47,"turns":2},{"damage":4,"enemies":"Donu and Deca","floor":50,"turns":1}],"seed_played":"-1132245436631042876","potions_obtained":[{"floor":5,"key":"DistilledChaos"},{"floor":16,"key":"BloodPotion"},{"floor":20,"key":"LifebloodPotion"},{"floor":24,"key":"Block Potion"},{"floor":27,"key":"Regen Potion"}],"is_trial":false,"path_per_floor":["M","T","?","$","M","E","$","E","T","?","E","$","E","?","R","B",null,"M","?","M","M","?","E","M","E","T","M","E","M","?","M","R","B",null,"M","$","M","M","M","E","?","R","T","?","M","E","M","?","R","B",null],"character_chosen":"IRONCLAD","items_purchased":["Clash","Armaments","Orichalcum","Dodecahedron","Inflame","Flex","Toy Ornithopter","Vajra","Heavy Blade"],"campfire_rested":3,"item_purchase_floors":[4,4,4,4,7,7,7,12,12],"current_hp_per_floor":[72,72,67,67,67,63,63,53,53,53,53,53,49,49,73,66,77,77,77,68,64,64,51,47,47,47,43,24,32,32,40,40,48,72,68,68,64,60,56,52,48,72,72,72,64,60,56,56,80,76],"gold":980,"neow_bonus":"BOSS_RELIC","is_daily":false,"chose_seed":false,"campfire_upgraded":1,"win_rate":0.0,"timestamp":1613478373,"path_taken":["M","?","?","$","M","E","$","E","T","?","E","$","E","?","R","BOSS","M","?","M","M","?","E","M","E","T","M","E","M","?","M","R","BOSS","M","$","M","M","M","E","?","R","T","?","M","E","M","?","R","BOSS"],"items_purchased_type":["Card","Card","Relic","Relic","Card","Card","Relic","Relic","Card"],"build_version":"2020-12-22","purchased_purges":6,"victory":true,"max_hp_per_floor":[80,80,80,80,80,80,80,80,80,80,80,80,80,80,80,80,80,80,80,80,80,80,80,80,80,80,80,80,80,80,80,80,80,80,80,80,80,80,80,80,80,80,80,80,80,80,80,80,80,80],"card_choices":[{"not_picked":["ReplayTheSpireMod:Strike From Hell","Perfected Strike"],"picked":"ReplayTheSpireMod:LeadingStrike","floor":1},{"not_picked":["Clash","Replay:Undeath\u0027s Touch","Clothesline","Shrug It Off"],"picked":"Rampage","floor":5},{"not_picked":["True Grit","ReplayTheSpireMod:Strike From Hell","MostiFishMod:#F4004","REME_Cut"],"picked":"Thunderclap","floor":6},{"not_picked":["ReplayTheSpireMod:Strike From Hell","Perfected Strike","MostiFishMod:404NotFound","Wild Strike","True Grit"],"picked":"SKIP","floor":8},{"not_picked":["Anger","True Grit","Wild Strike","Rampage"],"picked":"Clash","floor":10},{"not_picked":["ReplayTheSpireMod:Strike From Hell","Run Through","Twin Strike","Massacre","Combust"],"picked":"SKIP","floor":11},{"not_picked":["Rage","Anger","ReplayTheSpireMod:Strike From Hell","MostiFishMod:RainCloud"],"picked":"Heavy Blade","floor":13},{"not_picked":["Corruption","REME_TheLastStrike","MostiFishMod:TemporaryOutbreak","Replay:Many Hands"],"picked":"MostiFishMod:FireWorks","floor":16},{"not_picked":["Carnage","Flex","Armaments+1","Replay:Undeath\u0027s Touch+1"],"picked":"Sword Boomerang+1","floor":18},{"not_picked":["Clash","Anger","Battle Trance","Replay:Undeath\u0027s Touch"],"picked":"Flex+1","floor":20},{"not_picked":["ReplayTheSpireMod:Strike From Hell","Evolve","Run Through+1","Searing Blow+1"],"picked":"Warcry","floor":21},{"not_picked":["Rampage","Perfected Strike+1","Warcry","Disarm"],"picked":"Limit Break","floor":23},{"not_picked":["Rage","Life Link","Shockwave","Massacre"],"picked":"Pommel Strike","floor":24},{"not_picked":["Clash+1","Flex","Carnage+1","Entrench"],"picked":"Pommel Strike","floor":25},{"not_picked":["Clash","True Grit","MostiFishMod:Chiaki","ReplayTheSpireMod:Muscle Training+1"],"picked":"Inflame","floor":27},{"not_picked":["Uppercut","Clothesline+1","Headbutt","Warcry+1"],"picked":"Sword Boomerang+1","floor":28},{"not_picked":["ReplayTheSpireMod:Strike From Hell","MostiFishMod:Mania","Flex","Power Through","Anger"],"picked":"SKIP","floor":29},{"not_picked":["Dark Embrace","Sword Boomerang","Flex+1","Havoc"],"picked":"Infernal Blade","floor":31},{"not_picked":["MostiFishMod:RainCloud","MostiFishMod:HellRitual","Exhume","MostiFishMod:PerfectStrikeMKII"],"picked":"MostiFishMod:CullingBlade","floor":33},{"not_picked":["Blood for Blood","Clothesline","Body Slam+1","ReplayTheSpireMod:Muscle Training","True Grit"],"picked":"SKIP","floor":35},{"not_picked":["Rage","Thunderclap","Disarm","Battle Trance+1","Twin Strike"],"picked":"SKIP","floor":37},{"not_picked":["Combust","Anger","Twin Strike+1","Shrug It Off+1"],"picked":"Iron Wave","floor":38},{"not_picked":["Flex","Warcry","True Grit+1","Dual Wield","Shrug It Off"],"picked":"SKIP","floor":39},{"not_picked":["MostiFishMod:DarkDeal","Anger+1","MostiFishMod:CullingBlade","Iron Wave","Pommel Strike+1"],"picked":"SKIP","floor":40},{"not_picked":["Thunderclap","Clash","Run Through","Armaments+1"],"picked":"Spot Weakness","floor":41},{"not_picked":["Flex","ReplayTheSpireMod:Strike From Hell+1","Twin Strike","True Grit+1","Shockwave+1"],"picked":"SKIP","floor":45},{"not_picked":["Run Through+1","Blood for Blood+1","Reaper","Pommel Strike","Rage"],"picked":"SKIP","floor":46},{"not_picked":["Perfected Strike+1","Dual Wield","Warcry+1","Heavy Blade+1","REME_SingleHolding+1"],"picked":"SKIP","floor":47}],"player_experience":185651,"relics_obtained":[{"floor":1,"key":"SynthV:TestCard"},{"floor":2,"key":"HollowMod:PaleOreRelic"},{"floor":6,"key":"Juzu Bracelet"},{"floor":8,"key":"Dota2Spire:Vanguard"},{"floor":9,"key":"ImprovedEquipment"},{"floor":10,"key":"CaptainsWheel"},{"floor":11,"key":"ChaoDraw"},{"floor":13,"key":"Omamori"},{"floor":23,"key":"Meat on the Bone"},{"floor":25,"key":"REME_LimitBreaker"},{"floor":26,"key":"SSSystem"},{"floor":28,"key":"Nunchaku"},{"floor":40,"key":"BionicSphere"},{"floor":41,"key":"MostiFishMod:Haymaker"},{"floor":43,"key":"Ginger"},{"floor":46,"key":"MawBank"}],"event_choices":[{"damage_healed":0,"gold_gain":30,"player_choice":"Searched \u00272\u0027 times","damage_taken":0,"max_hp_gain":0,"max_hp_loss":0,"event_name":"Dead Adventurer","floor":10,"gold_loss":0},{"damage_healed":0,"gold_gain":0,"player_choice":"Ignored","damage_taken":0,"max_hp_gain":0,"max_hp_loss":0,"event_name":"Ghosts","floor":19,"gold_loss":0},{"damage_healed":0,"gold_gain":0,"player_choice":"Simplicity","damage_taken":0,"max_hp_gain":0,"max_hp_loss":0,"event_name":"Back to Basics","floor":22,"gold_loss":0,"cards_upgraded":["Strike_R","Strike_R","Strike_R","Strike_R","Defend_R"]},{"damage_healed":0,"gold_gain":0,"player_choice":"Fight","damage_taken":0,"max_hp_gain":0,"max_hp_loss":0,"event_name":"Mysterious Sphere","floor":41,"gold_loss":0},{"damage_healed":0,"gold_gain":0,"player_choice":"Upgraded","damage_taken":0,"max_hp_gain":0,"max_hp_loss":0,"event_name":"Upgrade Shrine","floor":44,"gold_loss":0,"cards_upgraded":["Limit Break"]},{"damage_healed":0,"gold_gain":0,"player_choice":"Ignored","damage_taken":0,"max_hp_gain":0,"max_hp_loss":0,"event_name":"Tomb of Lord Red Mask","floor":48,"gold_loss":0}],"is_beta":false,"boss_relics":[{"not_picked":["Velvet Choker","Kintsugi","Snecko Eye"]},{"not_picked":["Dota2Spire:Bloodstone","RhineFirstAidKit"],"picked":"PatriotShield"}],"items_purged_floors":[4,4,4,4,36,36],"is_endless":false,"potions_floor_spawned":[5,11,16,20,24,27,29,31,39,40,45,46],"ascension_level":8}}