{"host":"8t5dkgm85abdp22d","time":1613475876,"event":{"mods":["Act Like it!","BaseMod","Colored Powertips","Downfall","Gensokyo","Hallownest","Luminous","Marisa£®ÏF”Í°°ƒß¿Ì…≥£©","Minty Spire (QoL Compilation)","Prisma Mod","Reimu£®≤©¿ˆ¡È√Œ£©","Reliquary","Ryuuou¡˙Õı","SIMod","StSLib","The Bug Knight","TheWitcher","UnlockEverythingMod","Waifu the Spire","Yakumo Yukari mod","°æ“≈ŒÔø®≈∆°øREMEMod"],"gold_per_floor":[360,260,270,287,287,287,107,107,134,59,59,71,81,81,81],"floor_reached":14,"language":"ZHS","playtime":387,"items_purged":[],"score":80,"play_id":"7d00eb57-0106-4923-ac08-3886c6f74c84","local_time":"20210216194436","is_ascension_mode":false,"campfire_choices":[{"data":"HollowMod:SoulSplash","floor":6.0,"key":"SMITH"},{"data":"HollowMod:PogoStrike","floor":8.0,"key":"SMITH"}],"circlet_count":0,"master_deck":["HollowMod:NailStrikeStart","HollowMod:NailStrikeStart","HollowMod:NailStrikeStart","HollowMod:NailStrikeStart","HollowMod:QuickDashStart","HollowMod:QuickDashStart","HollowMod:QuickDashStart","HollowMod:QuickDashStart","HollowMod:FocusHealStart","HollowMod:PogoStrike+1","HollowMod:HuntersJournal","HollowMod:SoulSplash+1","Gensokyo:Shovel","Gensokyo:BlemishedSteel"],"relics":["HollowMod:VesselMask","REME_ComplimentaryCards","Kunai","Bronze Scales"],"acts_visited":["Exordium"],"potions_floor_usage":[],"damage_taken":[{"damage":6.0,"enemies":"Gensokyo:Gryphon","floor":1.0,"turns":4.0},{"damage":0.0,"enemies":"Gensokyo:3_Fairies","floor":3.0,"turns":3.0},{"damage":0.0,"enemies":"Gensokyo:Python","floor":4.0,"turns":2.0},{"damage":5.0,"enemies":"Gensokyo:VengefulSpirit","floor":12.0,"turns":5.0},{"damage":15.0,"enemies":"Gensokyo:Gryphon_and_Rabbit","floor":13.0,"turns":6.0},{"damage":0,"enemies":"Gensokyo:Cirno","floor":14,"turns":1}],"seed_played":"-8738675949490881844","potions_obtained":[{"floor":1.0,"key":"FairyPotion"},{"floor":3.0,"key":"Block Potion"}],"is_trial":false,"path_per_floor":["M","?","M","M","?","R","COS","R","T","?","$","M","M","E"],"character_chosen":"THE_BUGKNIGHT","items_purchased":[],"campfire_rested":0,"item_purchase_floors":[],"current_hp_per_floor":[58,58,68,68,61,61,61,61,61,66,66,67,52,52,52],"gold":81,"neow_bonus":"TWO_FIFTY_GOLD","is_daily":false,"chose_seed":false,"campfire_upgraded":2,"win_rate":0.0,"timestamp":1613475876,"path_taken":["M","?","M","?","?","R","COS","R","T","?","$","M","M","E"],"items_purchased_type":[],"build_version":"2020-12-22","purchased_purges":0,"victory":false,"max_hp_per_floor":[75,75,75,75,75,75,75,75,75,80,80,80,80,80,80],"card_choices":[{"not_picked":["HollowMod:InfectedAttack","HollowMod:SoulEater"],"picked":"HollowMod:HuntersJournal","floor":1.0},{"not_picked":["HollowMod:CornifersMapStart","HollowMod:TaintedHusks"],"picked":"HollowMod:SoulSplash","floor":3.0},{"not_picked":["HollowMod:InfectedAttack","HollowMod:NewLittleFool","HollowMod:DescendingDark"],"picked":"SKIP","floor":4.0},{"not_picked":["HollowMod:DesolateDive","HollowMod:DoubleDash","HollowMod:SoulSplash"],"picked":"SKIP","floor":12.0},{"not_picked":["HollowMod:SoulStrike","HollowMod:DescendingDark","HollowMod:WraithStrike"],"picked":"SKIP","floor":13.0}],"player_experience":145042,"relics_obtained":[],"event_choices":[],"is_beta":false,"boss_relics":[],"items_purged_floors":[],"is_endless":false,"potions_floor_spawned":[1,3],"killed_by":"Gensokyo:Cirno","ascension_level":0}}