{"host":"vld99k9l4elccfy8","time":1613461929,"event":{"mods":["AchievementEnabler","BaseMod","Bestiary","Block Reminder","Colored Map","Colored Powertips","Custom Start","Highlight Path","Minty Spire (QoL Compilation)","Permanent Neow","Rare Cards Sparkle"],"gold_per_floor":[117,134,144,162,176,176,207,27,27,27,27,27,27,46,46,143,143,157,157,170,203,155,155,165,165,188,204,204,204,216,236,236,236,236],"floor_reached":33,"language":"ENG","playtime":2066,"items_purged":[],"score":249,"play_id":"a216f477-ad97-4793-bdeb-bc586ce4ca06","local_time":"20210216005209","is_ascension_mode":false,"campfire_choices":[{"floor":6.0,"key":"REST"},{"floor":10.0,"key":"REST"},{"floor":12.0,"key":"REST"},{"floor":15.0,"key":"RECALL"},{"floor":23,"key":"REST"},{"floor":25,"key":"REST"},{"floor":32,"key":"REST"}],"circlet_count":0,"master_deck":["Survivor","Neutralize","Bane","Dagger Spray","Envenom","PiercingWail","Caltrops","Footwork","PiercingWail","Flechettes","Phantasmal Killer","Die Die Die","Outmaneuver","Poisoned Stab","Deadly Poison","Calculated Gamble","Flying Knee","Venomology","Deadly Poison","Backstab","Storm of Steel","Bouncing Flask","Crippling Poison","Blade Dance","Blade Dance","Dagger Spray+1","Tactician","After Image","Masterful Stab"],"relics":["Pandora\u0027s Box","Lantern","Juzu Bracelet","Philosopher\u0027s Stone","Red Mask","Bag of Preparation","Anchor","MutagenicStrength"],"acts_visited":["Exordium","TheCity"],"potions_floor_usage":[24,27,31,33,33,33,33,33],"damage_taken":[{"damage":6.0,"enemies":"Cultist","floor":1.0,"turns":3.0},{"damage":3.0,"enemies":"Jaw Worm","floor":2.0,"turns":2.0},{"damage":11.0,"enemies":"Small Slimes","floor":3.0,"turns":4.0},{"damage":8.0,"enemies":"Exordium Wildlife","floor":4.0,"turns":3.0},{"damage":0.0,"enemies":"Lots of Slimes","floor":5.0,"turns":1.0},{"damage":38.0,"enemies":"3 Sentries","floor":7.0,"turns":7.0},{"damage":14.0,"enemies":"3 Louse","floor":14.0,"turns":2.0},{"damage":16.0,"enemies":"Slime Boss","floor":16.0,"turns":6.0},{"damage":0.0,"enemies":"Chosen","floor":18.0,"turns":4.0},{"damage":35,"enemies":"3 Byrds","floor":20,"turns":3},{"damage":4,"enemies":"Masked Bandits","floor":21,"turns":2},{"damage":32,"enemies":"3 Cultists","floor":24,"turns":5},{"damage":27,"enemies":"Sentry and Sphere","floor":27,"turns":4},{"damage":8,"enemies":"Snake Plant","floor":30,"turns":2},{"damage":2,"enemies":"Shelled Parasite and Fungi","floor":31,"turns":5},{"damage":39,"enemies":"Automaton","floor":33,"turns":4}],"seed_played":"5350727375454955875","potions_obtained":[{"floor":2.0,"key":"Strength Potion"},{"floor":4.0,"key":"Dexterity Potion"},{"floor":5.0,"key":"EntropicBrew"},{"floor":31,"key":"FearPotion"}],"is_trial":false,"path_per_floor":["M","M","M","M","M","R","E","$","T","R","?","R","$","M","R","B",null,"M","?","M","?","$","R","M","R","T","M","?","?","M","M","R","B"],"character_chosen":"THE_SILENT","items_purchased":["Juzu Bracelet","Deadly Poison","Blade Dance"],"campfire_rested":6,"item_purchase_floors":[8,8,22],"current_hp_per_floor":[64,61,50,42,42,63,25,25,25,46,46,67,67,53,53,37,70,70,70,35,31,31,52,20,41,41,14,14,14,6,4,25,0,0],"gold":236,"neow_bonus":"BOSS_RELIC","is_daily":false,"chose_seed":false,"campfire_upgraded":0,"win_rate":0.0,"timestamp":1613461929,"path_taken":["M","M","M","M","M","R","E","?","T","R","?","R","$","M","R","BOSS","M","?","M","?","$","R","M","R","T","M","?","?","M","M","R","BOSS"],"items_purchased_type":["Relic","Card","Card"],"build_version":"2020-12-22","purchased_purges":0,"victory":false,"max_hp_per_floor":[70,70,70,70,70,70,70,70,70,70,70,70,70,70,70,70,70,70,70,70,70,70,70,70,70,70,70,70,70,70,70,70,70,70],"card_choices":[{"not_picked":["Dodge and Roll","Dagger Spray"],"picked":"Outmaneuver","floor":1.0},{"not_picked":["Deadly Poison","Prepared"],"picked":"Poisoned Stab","floor":2.0},{"not_picked":["Quick Slash","Backflip"],"picked":"Deadly Poison","floor":3.0},{"not_picked":["All Out Attack","Outmaneuver"],"picked":"Calculated Gamble","floor":4.0},{"not_picked":["All Out Attack","Backflip"],"picked":"Flying Knee","floor":5.0},{"not_picked":["Quick Slash","Choke"],"picked":"Venomology","floor":7.0},{"not_picked":["Flying Knee","Backflip"],"picked":"Backstab","floor":14.0},{"not_picked":["Malaise","Night Terror"],"picked":"Storm of Steel","floor":16.0},{"not_picked":["Dodge and Roll","Acrobatics"],"picked":"Bouncing Flask","floor":18.0},{"not_picked":["Backflip","Prepared"],"picked":"Crippling Poison","floor":20},{"not_picked":["Leg Sweep","Backflip+1"],"picked":"Blade Dance","floor":21},{"not_picked":["Acrobatics","Escape Plan+1"],"picked":"Dagger Spray+1","floor":24},{"not_picked":["Sucker Punch","Flechettes"],"picked":"Tactician","floor":27},{"not_picked":["Backflip","Flying Knee"],"picked":"After Image","floor":30},{"not_picked":["Riddle With Holes","Choke"],"picked":"Masterful Stab","floor":31}],"player_experience":434107,"relics_obtained":[{"floor":7.0,"key":"Lantern"},{"floor":21,"key":"Red Mask"},{"floor":26,"key":"Bag of Preparation"}],"event_choices":[{"damage_healed":0.0,"max_hp_gain":0.0,"max_hp_loss":0.0,"gold_gain":0.0,"event_name":"Dead Adventurer","player_choice":"Searched \u00270\u0027 times","floor":11.0,"gold_loss":0.0,"damage_taken":0.0},{"damage_healed":0,"gold_gain":0,"player_choice":"Fought Bandits","damage_taken":0,"max_hp_gain":0,"max_hp_loss":0,"event_name":"Masked Bandits","floor":21,"gold_loss":0},{"damage_healed":0,"gold_gain":0,"player_choice":"Gave Potion","damage_taken":0,"relics_obtained":["Anchor"],"max_hp_gain":0,"max_hp_loss":0,"event_name":"WeMeetAgain","floor":28,"gold_loss":0},{"damage_healed":0,"gold_gain":0,"player_choice":"Inject Mutagens","damage_taken":0,"relics_obtained":["MutagenicStrength"],"max_hp_gain":0,"max_hp_loss":0,"event_name":"Drug Dealer","floor":29,"gold_loss":0}],"is_beta":false,"boss_relics":[{"not_picked":["Runic Dome","HoveringKite"],"picked":"Philosopher\u0027s Stone"}],"items_purged_floors":[],"is_endless":false,"potions_floor_spawned":[2,4,5,20,21,31],"killed_by":"Automaton","ascension_level":0}}