{"host":"clf2hd4adhiiw0zf","time":1613516161,"event":{"mods":["AchievementEnabler","BaseMod","Beaked The Cultist","Bestiary","Dark Map","Downfall","Gremlin Mod","Hermit","Jorbs\u0027s Wanderer Trilogy","Marisa????????","Minty Spire (QoL Compilation)","Shop Mod","StSLib","The Cursed","Wide Potions"],"gold_per_floor":[99,113,113,132,145,162,215,230,240,266,66,51,51,113,126,225,225,225,235,264,264,264,264,312,312,347,380,408,424,424,424,424,424],"floor_reached":31,"language":"ENG","playtime":1312,"items_purged":[],"score":448,"play_id":"131352b6-1e23-4214-8a84-c20e628e9430","local_time":"20210216155601","is_ascension_mode":true,"campfire_choices":[{"floor":1.0,"key":"RECALL"},{"data":"Guardian:MultiBeam","floor":11.0,"key":"SMITH"},{"data":"Guardian:Orbwalk","floor":13.0,"key":"SMITH"},{"data":"Guardian:RefractedBeam","floor":18.0,"key":"SMITH"}],"circlet_count":0,"master_deck":["Guardian:Strike_Guardian","Guardian:Strike_Guardian","Guardian:Strike_Guardian","Guardian:Defend_Guardian","Guardian:Defend_Guardian","Guardian:Defend_Guardian","Guardian:Defend_Guardian","Guardian:CurlUp","Guardian:TwinSlam+1","Guardian:TimeCapacitor","Guardian:Orbwalk+1","Guardian:MultiBeam+1","Guardian:Reroute","Guardian:SpikerProtocol","Guardian:FastForward","Guardian:Planning","Guardian:RefractedBeam+1","Guardian:StasisStrike","Guardian:PiercingHide","Pride","Guardian:TimeSifter","Guardian:BaubleBeam","Guardian:SpikerProtocol","Guardian:Repulse","Guardian:Gem_Red"],"relics":["beaked:MawFillet","downfall:HeartBlessingRed","downfall:HeartBlessingBlue","Dead Branch","Guardian:StasisSlotReductionRelic","champ:DeflectingBracers","Shuriken","Bottled Flame","Strawberry","HornCleat","Lantern","Molten Egg 2","downfall:RedIOU"],"acts_visited":["Exordium","TheCity"],"potions_floor_usage":[28],"damage_taken":[{"damage":0.0,"enemies":"Cultist","floor":2.0,"turns":4.0},{"damage":0.0,"enemies":"Small Slimes","floor":4.0,"turns":3.0},{"damage":7.0,"enemies":"Jaw Worm","floor":5.0,"turns":3.0},{"damage":6.0,"enemies":"3 Louse","floor":6.0,"turns":4.0},{"damage":12.0,"enemies":"downfall:LooterAlt","floor":8.0,"turns":3.0},{"damage":0.0,"enemies":"2 Fungi Beasts","floor":9.0,"turns":3.0},{"damage":12.0,"enemies":"Gremlin Nob","floor":10.0,"turns":3.0},{"damage":0.0,"enemies":"downfall:FleeingMerchant","floor":12.0,"turns":4.0},{"damage":0.0,"enemies":"Gremlin Nob","floor":14.0,"turns":2.0},{"damage":0.0,"enemies":"3 Louse","floor":15.0,"turns":1.0},{"damage":30.0,"enemies":"WA_ARCHETYPE_RETAIN","floor":16.0,"turns":5.0},{"damage":6.0,"enemies":"Spheric Guardian","floor":19.0,"turns":3.0},{"damage":18.0,"enemies":"Gremlin Leader","floor":20.0,"turns":4.0},{"damage":24.0,"enemies":"Slavers","floor":26.0,"turns":4.0},{"damage":0,"enemies":"Gremlin Leader","floor":27,"turns":5},{"damage":14,"enemies":"Book of Stabbing","floor":28,"turns":2},{"damage":2,"enemies":"Shell Parasite","floor":29,"turns":3},{"damage":18,"enemies":"Gremlin Leader","floor":31,"turns":1}],"seed_played":"5136949790198907244","potions_obtained":[{"floor":2.0,"key":"LiquidMemories"},{"floor":4.0,"key":"bronze:BurnAndBuffPotion"},{"floor":14.0,"key":"champ:CounterPotion"},{"floor":16.0,"key":"Weak Potion"},{"floor":26.0,"key":"Guardian:AcceleratePotion"},{"floor":27,"key":"AttackPotion"},{"floor":28,"key":"DistilledChaos"},{"floor":29,"key":"Guardian:AcceleratePotion"}],"is_trial":false,"path_per_floor":["R","M","?","M","M","M","T","M","M","E","R","$","R","?","M","B",null,"R","M","E","?","T","?","T","?","E","E","E","M","?","E"],"character_chosen":"GUARDIAN","items_purchased":[],"campfire_rested":0,"item_purchase_floors":[],"current_hp_per_floor":[80,80,80,80,73,67,67,55,55,43,53,53,53,53,53,23,73,73,67,49,49,49,49,56,56,32,32,18,16,16,0,0,0],"gold":424,"neow_bonus":"BOSS_RELIC","is_daily":false,"chose_seed":false,"campfire_upgraded":3,"win_rate":0.0,"timestamp":1613516161,"path_taken":["R","M","?","M","?","?","T","M","M","E","R","?","R","?","M","BOSS","R","M","E","?","?","?","T","?","E","E","E","M","?","E"],"items_purchased_type":[],"build_version":"2020-12-22","purchased_purges":0,"victory":false,"max_hp_per_floor":[80,80,80,80,80,80,80,80,80,80,90,90,90,90,90,90,90,90,90,90,90,90,90,97,97,97,97,97,97,97,97,97,97],"card_choices":[{"not_picked":["Guardian:Gem_Red","Guardian:PiercingHide"],"picked":"Guardian:Gem_Crimson","floor":2.0},{"not_picked":["Guardian:RollAttack","Guardian:Gem_Lightblue"],"picked":"Guardian:TimeCapacitor","floor":4.0},{"not_picked":["Guardian:TemporalStrike","Guardian:Planning"],"picked":"Guardian:Orbwalk","floor":5.0},{"not_picked":["Guardian:Suspension","Guardian:Gem_Yellow"],"picked":"Guardian:MultiBeam","floor":6.0},{"not_picked":["Guardian:TemporalStrike","Guardian:Planning"],"picked":"Guardian:Gem_Crimson","floor":8.0},{"not_picked":["Guardian:Gem_Crimson","Guardian:Harden"],"picked":"Guardian:Reroute","floor":9.0},{"not_picked":["Guardian:PrismaticBeam","Guardian:Gem_Purple"],"picked":"Guardian:SpikerProtocol","floor":10.0},{"not_picked":["Guardian:Planning","Guardian:VentSteam"],"picked":"Guardian:FastForward","floor":12.0},{"not_picked":["Guardian:PiercingHide","Guardian:MultiBeam"],"picked":"Guardian:Planning","floor":14.0},{"not_picked":["Guardian:Gem_Yellow","Guardian:VentSteam"],"picked":"Guardian:RefractedBeam","floor":15.0},{"not_picked":["Guardian:GatlingBeam","Guardian:ConstructionForm"],"picked":"Guardian:StasisStrike","floor":16.0},{"not_picked":["Guardian:Reroute","Guardian:Harden","Guardian:CrystalBeam"],"picked":"SKIP","floor":19.0},{"not_picked":["Guardian:TemporalStrike","Guardian:RollAttack"],"picked":"Guardian:PiercingHide","floor":20.0},{"not_picked":["Guardian:PrimingBeam","Guardian:TimeBomb"],"picked":"Guardian:BaubleBeam","floor":26.0},{"not_picked":["Guardian:BronzeArmor","Guardian:PrismaticBarrier"],"picked":"Guardian:SpikerProtocol","floor":27},{"not_picked":["Guardian:Planning+1","Guardian:Incinerate+1"],"picked":"Guardian:Repulse","floor":28},{"not_picked":["Guardian:ChargeCore+1","Guardian:Gem_Lightblue"],"picked":"Guardian:Gem_Red","floor":29}],"player_experience":343379,"relics_obtained":[{"floor":10.0,"key":"Tiny Chest"},{"floor":14.0,"key":"Dead Branch"},{"floor":20.0,"key":"champ:DeflectingBracers"},{"floor":22.0,"key":"Bottled Flame"},{"floor":24.0,"key":"Strawberry"},{"floor":26.0,"key":"HornCleat"},{"floor":27,"key":"Lantern"},{"floor":28,"key":"Molten Egg 2"}],"event_choices":[{"damage_healed":0.0,"max_hp_gain":0.0,"max_hp_loss":0.0,"gold_gain":0.0,"event_name":"Addict","player_choice":"Stole Relic","floor":21.0,"gold_loss":0.0,"damage_taken":0.0,"relics_obtained":["Shuriken"],"cards_obtained":["Pride"]},{"damage_healed":0.0,"max_hp_gain":0.0,"max_hp_loss":0.0,"gold_gain":0.0,"event_name":"The Library","player_choice":"Read","floor":23.0,"gold_loss":0.0,"damage_taken":0.0,"cards_obtained":["Guardian:TimeSifter"]}],"is_beta":false,"boss_relics":[{"not_picked":["Snecko Eye","SacredBark"],"picked":"Guardian:StasisSlotReductionRelic"}],"items_purged_floors":[],"is_endless":false,"potions_floor_spawned":[2,4,6,14,16,26,27,28,29],"killed_by":"Gremlin Leader","ascension_level":5}}