{"host":"itme","time":1613504533,"event":{"mods":["BaseMod","Minty Spire (QoL Compilation)","StSLib"],"gold_per_floor":[118,133,144,160,172,200,200,229,241,253,40,60,79,96,96,96,96],"floor_reached":16,"language":"ENG","playtime":927,"items_purged":["Strike_G"],"score":232,"play_id":"01aad3fe-6823-4ad3-9e97-8bd884f2abf1","local_time":"20210216134213","is_ascension_mode":true,"campfire_choices":[{"floor":7,"key":"REST"},{"floor":10,"key":"REST"},{"floor":15,"key":"REST"}],"circlet_count":0,"master_deck":["AscendersBane","Strike_G","Strike_G","Strike_G","Strike_G","Defend_G","Defend_G","Defend_G","Defend_G","Defend_G","Survivor","Neutralize","Parasite","Poisoned Stab","Acrobatics","Slice","Blade Dance","Deadly Poison","Backflip","Footwork","Die Die Die","Outmaneuver","Well Laid Plans","PiercingWail"],"relics":["Ring of the Snake","Ice Cream","InkBottle","MawBank","Letter Opener"],"acts_visited":["Exordium"],"potions_floor_usage":[6,6,16],"damage_taken":[{"damage":6,"enemies":"Small Slimes","floor":1,"turns":4},{"damage":0,"enemies":"Cultist","floor":2,"turns":4},{"damage":1,"enemies":"2 Louse","floor":3,"turns":4},{"damage":4,"enemies":"Exordium Thugs","floor":4,"turns":6},{"damage":7,"enemies":"Large Slime","floor":5,"turns":7},{"damage":17,"enemies":"Lagavulin","floor":6,"turns":7},{"damage":35,"enemies":"3 Sentries","floor":8,"turns":10},{"damage":7,"enemies":"Gremlin Gang","floor":12,"turns":4},{"damage":6,"enemies":"Looter","floor":13,"turns":4},{"damage":6,"enemies":"Large Slime","floor":14,"turns":7},{"damage":29,"enemies":"Slime Boss","floor":16,"turns":9}],"seed_played":"-5944246250793354173","potions_obtained":[{"floor":2,"key":"SkillPotion"},{"floor":4,"key":"Poison Potion"},{"floor":5,"key":"Fire Potion"},{"floor":12,"key":"SpeedPotion"}],"is_trial":false,"path_per_floor":["M","M","M","M","M","E","R","E","T","R","$","M","M","M","R","B"],"character_chosen":"THE_SILENT","items_purchased":["Die Die Die"],"campfire_rested":3,"item_purchase_floors":[11],"current_hp_per_floor":[53,53,52,48,41,24,43,8,8,27,27,20,14,8,27,0,0],"gold":96,"neow_bonus":"ONE_RARE_RELIC","is_daily":false,"chose_seed":false,"campfire_upgraded":0,"win_rate":0.0,"timestamp":1613504533,"path_taken":["M","M","M","M","M","E","R","E","T","R","$","M","M","M","R","BOSS"],"items_purchased_type":["Card"],"build_version":"2020-12-18","purchased_purges":1,"victory":false,"max_hp_per_floor":[66,66,66,66,66,66,66,66,66,66,66,66,66,66,66,66,66],"card_choices":[{"not_picked":["Calculated Gamble","Escape Plan"],"picked":"Poisoned Stab","floor":1},{"not_picked":["Deflect","Infinite Blades"],"picked":"Acrobatics","floor":2},{"not_picked":["Expertise","Underhanded Strike"],"picked":"Slice","floor":3},{"not_picked":["Prepared","Cloak And Dagger"],"picked":"Blade Dance","floor":4},{"not_picked":["Prepared","Outmaneuver"],"picked":"Deadly Poison","floor":5},{"not_picked":["Bane","Tools of the Trade"],"picked":"Backflip","floor":6},{"not_picked":["Acrobatics","Dagger Spray"],"picked":"Footwork","floor":8},{"not_picked":["Tactician","Poisoned Stab"],"picked":"Outmaneuver","floor":12},{"not_picked":["Calculated Gamble","Backflip"],"picked":"Well Laid Plans","floor":13},{"not_picked":["Underhanded Strike","Reflex"],"picked":"PiercingWail","floor":14}],"player_experience":908842,"relics_obtained":[{"floor":6,"key":"InkBottle"},{"floor":8,"key":"MawBank"},{"floor":9,"key":"Letter Opener"}],"event_choices":[],"is_beta":true,"boss_relics":[],"items_purged_floors":[11],"is_endless":false,"potions_floor_spawned":[2,4,5,12],"killed_by":"Slime Boss","ascension_level":20}}