{"host":"v0xbo920qxoewo3e","time":1613493691,"event":{"mods":["Act Like it!","Aspiration","Astrologer","BaseMod","Conspire","Downfall","Friendly Minions","GifTheSpireLib","Halation","Hermit","Hubris","Infinite Spire","Jedi Mod","Jorbs\u0027s Wanderer Trilogy","Koishi","Marisa????????","Minty Spire (QoL Compilation)","Potionbrewer","Rare Cards Sparkle","Reimu??????","Remilia??????","Replay The Spire","StSLib","Stuff the Spire","The Animator","The Blackbeard","The Bladedancer","The Bug Knight","The Construct","The Cursed","The Disciple","The Gatherer","The Jungle","The Problem Sleuth","The Runesmith","The Servant 0.9.4","TheBandit","Unceasing Turn Reminder"],"gold_per_floor":[99,114,132,148,161,161,187,187,187,206,47,47,47,61,75,178,178,178,189,202,222,222,322,395,406,406,435,447,459,471,483,508,624,636,648,673,696,442,457,457,480,480,500,500,500,386,404,434,446,446],"floor_reached":51,"language":"ENG","playtime":5620,"items_purged":["Regret","hexamod:Strike","hexamod:Strike+1"],"score":941,"play_id":"5cc86455-e9b5-454d-83ac-e47e0fe725c1","local_time":"20210216184131","is_ascension_mode":false,"campfire_choices":[{"data":"hexamod:Sear","floor":1,"key":"SMITH"},{"data":"hexamod:EmpoweredFlame","floor":8,"key":"SMITH"},{"data":"hexamod:ShieldOfDarkness","floor":12,"key":"SMITH"},{"data":"hexamod:InspiringFlames","floor":18,"key":"SMITH"},{"data":"hexamod:BurningTouch","floor":26,"key":"SMITH"},{"data":"hexamod:Firestarter","floor":28,"key":"SMITH"},{"data":"hexamod:TimeWarp","floor":30,"key":"SMITH"},{"data":"hexamod:HexaLevel","floor":35,"key":"SMITH"},{"floor":40,"key":"REST"},{"floor":42,"key":"RECALL"}],"circlet_count":0,"master_deck":["hexamod:Strike+1","hexamod:Strike+1","hexamod:Defend+1","hexamod:Defend+1","hexamod:Defend+1","hexamod:Defend+1","hexamod:Sear+1","hexamod:Float+1","hexamod:StepThrough+1","hexamod:ShieldOfDarkness+1","hexamod:EmpoweredFlame+1","hexamod:Firestarter+1","hexamod:InspiringFlames+1","hexamod:SoulSteal+1","hexamod:BurningTouch+1","hexamod:ChargedBarrage+1","hexamod:SpectralAdrenaline+1","hexamod:TimeWarp+1","hexamod:RadiantFlame+1","hexamod:BurningTouch+1","hexamod:HexaLevel+1","hexamod:UnlimitedPower+1","hexamod:RainOfEmbers+1","hexamod:SpectralAdrenaline+1","hubris:Fate","hexamod:TimeOfNeed+1","hexamod:StepThrough+1","hexamod:VolcanoVisage"],"relics":["StuffTheSpire:RedRose","Anchor","aspiration:StickyExplosives_weak","m_DevilBlood","halation:ForbiddenBikini","hubris:BottledRain","Replay:Wanted Poster","Replay:Bottled Eggs","MawBank","hubris:Icosahedron","hubris:RunicObelisk","aspiration:Lifesprig","hexamod:TheBrokenSeal","aspiration:Legacy_Headhunter","Guide Book","Mercury Hourglass","halation:SelfBoilingWater"],"acts_visited":["Exordium","TheCity","TheBeyond"],"potions_floor_usage":[15,16,20,21,33,36,38,39,43,48,50,50,50],"damage_taken":[{"damage":0,"enemies":"2 Louse","floor":2,"turns":4},{"damage":0,"enemies":"Small Slimes","floor":3,"turns":3},{"damage":0,"enemies":"conspire:RoseBush","floor":4,"turns":3},{"damage":5,"enemies":"Exordium Wildlife","floor":5,"turns":5},{"damage":7,"enemies":"2 Fungi Beasts","floor":10,"turns":4},{"damage":9,"enemies":"downfall:FleeingMerchant","floor":11,"turns":4},{"damage":5,"enemies":"3 Louse","floor":14,"turns":3},{"damage":0,"enemies":"downfall:LooterAlt","floor":15,"turns":3},{"damage":42,"enemies":"DF_ARCHETYPE_STREAMLINE","floor":16,"turns":10},{"damage":9,"enemies":"3 Byrds","floor":19,"turns":3},{"damage":17,"enemies":"downfall:LooterAlt2","floor":20,"turns":3},{"damage":19,"enemies":"Chosen and Byrds","floor":21,"turns":6},{"damage":13,"enemies":"Snecko","floor":25,"turns":5},{"damage":11,"enemies":"HollowMod:Nosk","floor":27,"turns":7},{"damage":2,"enemies":"Centurion and Healer","floor":32,"turns":4},{"damage":67,"enemies":"SI_MIRROR_ARCHETYPE","floor":33,"turns":10},{"damage":18,"enemies":"3 Darklings","floor":36,"turns":4},{"damage":16,"enemies":"3 Shapes","floor":37,"turns":4},{"damage":7,"enemies":"downfall:FleeingMerchant","floor":38,"turns":4},{"damage":31,"enemies":"Sphere and 2 Shapes","floor":39,"turns":5},{"damage":29,"enemies":"Jaw Worm Horde","floor":43,"turns":6},{"damage":0,"enemies":"downfall:FleeingMerchant","floor":46,"turns":3},{"damage":30,"enemies":"Spire Growth","floor":47,"turns":3},{"damage":0,"enemies":"Reptomancer","floor":48,"turns":3},{"damage":0,"enemies":"4 Shapes","floor":49,"turns":2},{"damage":80,"enemies":"WA_ARCHETYPE_DIVINITY","floor":50,"turns":5}],"seed_played":"-640759784122951659","potions_obtained":[{"floor":5,"key":"ZuzhouPotion:ReiMu"},{"floor":10,"key":"GrandPatriotsElixir:ReiMu"},{"floor":14,"key":"Swift Potion"},{"floor":14,"key":"hexamod:DoubleChargePotion"},{"floor":15,"key":"GrandPatriotsElixir:ReiMu"},{"floor":19,"key":"Adrenaline Potion"},{"floor":20,"key":"Block Potion"},{"floor":25,"key":"champ:CounterPotion"},{"floor":27,"key":"potionbrewer:StunPotion"},{"floor":33,"key":"potionbrewer:NoxiousPotion"},{"floor":36,"key":"LiquidMemories"},{"floor":38,"key":"hexamod:DoubleChargePotion"},{"floor":43,"key":"hexamod:DoubleChargePotion"},{"floor":47,"key":"Strength Potion"},{"floor":48,"key":"champ:CounterPotion"}],"is_trial":false,"path_per_floor":["R","M","M","M","M","?","T","R","?","M","$","R","?","M","M","B",null,"R","M","M","M","?","AVR","T","M","R","E","R","?","R","?","M","B",null,"R","M","M","$","M","R","T","R","M","AVR","?","$","M","E","M","B",null],"character_chosen":"THE_SPIRIT","items_purchased":["hexamod:SoulSteal","hexamod:FifthSeal","hexamod:StepThrough","Guide Book","Mercury Hourglass"],"campfire_rested":1,"item_purchase_floors":[11,38,46,46,46],"current_hp_per_floor":[77,77,77,77,72,72,72,72,65,58,49,49,49,48,52,22,77,77,72,59,53,53,53,53,57,57,65,65,65,65,65,77,29,77,77,71,59,65,45,68,68,68,87,87,87,87,69,81,87,19],"gold":446,"neow_bonus":"TEN_PERCENT_HP_BONUS","is_daily":false,"chose_seed":false,"campfire_upgraded":8,"win_rate":0.0,"timestamp":1613493691,"path_taken":["R","M","M","M","M","?","T","R","?","M","$","R","?","?","M","BOSS","R","M","M","M","?","AVR","T","M","R","E","R","?","R","?","M","BOSS","R","M","M","?","M","R","T","R","M","AVR","?","$","M","E","M","BOSS"],"items_purchased_type":["Card","Card","Card","Relic","Relic"],"build_version":"2020-12-22","purchased_purges":3,"victory":true,"max_hp_per_floor":[77,77,77,77,77,77,77,77,77,77,77,77,77,77,77,77,77,77,77,77,77,77,77,77,77,77,77,77,77,77,77,77,77,77,77,77,77,77,77,77,77,77,87,87,87,87,87,87,87,87],"card_choices":[{"not_picked":["hexamod:NecessarySacrifice","hexamod:BacktrackSmack"],"picked":"hexamod:StepThrough","floor":2},{"not_picked":["hexamod:Firestarter","hexamod:FastForward"],"picked":"hexamod:ShieldOfDarkness","floor":3},{"not_picked":["hexamod:StepThrough","hexamod:SkipABeat"],"picked":"hexamod:EmpoweredFlame","floor":4},{"not_picked":["hexamod:SpectersWail","hexamod:UnleashSpirits"],"picked":"hexamod:Firestarter","floor":5},{"not_picked":["hexamod:BacktrackSmack","hexamod:ThermalTransfer"],"picked":"hexamod:InspiringFlames","floor":10},{"not_picked":["hexamod:ChargedBarrage","hexamod:GhostShield"],"picked":"hexamod:FourthSeal","floor":11},{"not_picked":["hexamod:Firestarter","hexamod:GhostShield"],"picked":"hexamod:BurningTouch","floor":14},{"not_picked":["hexamod:AdvancingGuard","hexamod:ShieldOfDarkness"],"picked":"hexamod:ChargedBarrage","floor":15},{"not_picked":["hexamod:VolcanoVisage","hexamod:ForkedFlame"],"picked":"hexamod:SixthSeal","floor":16},{"not_picked":["hexamod:BacktrackSmack+1","hexamod:ThermalTransfer+1","hexamod:Firestarter"],"picked":"SKIP","floor":19},{"not_picked":["hexamod:EtherealExpedition","hexamod:BurningTouch"],"picked":"hexamod:FirstSeal","floor":20},{"not_picked":["hexamod:Firestarter","hexamod:SpectralAdrenaline"],"picked":"hexamod:ThirdSeal","floor":21},{"not_picked":["hexamod:Rewind","hexamod:HeatCrush"],"picked":"hexamod:SpectralAdrenaline","floor":25},{"not_picked":["hexamod:InspiringFlames","hexamod:AdvancingGuard","hexamod:HauntingEcho"],"picked":"SKIP","floor":25},{"not_picked":["hexamod:ExtraCrispy","hexamod:GhostflameBarrier"],"picked":"hexamod:TimeWarp","floor":27},{"not_picked":["hexamod:HeatMetal","hexamod:HeatShield+1"],"picked":"hexamod:RadiantFlame+1","floor":27},{"not_picked":["hexamod:HeatMetal","hexamod:HauntingEcho","hexamod:NightmareGuise"],"picked":"SKIP","floor":32},{"not_picked":["hexamod:InspiringFlames","hexamod:RecurringNightmare","hexamod:Haunt"],"picked":"SKIP","floor":32},{"not_picked":["hexamod:TurnItUp","hexamod:TimeWarp"],"picked":"hexamod:HexaLevel","floor":33},{"not_picked":["hexamod:SixthSeal","hexamod:ForkedFlame"],"picked":"hexamod:UnlimitedPower","floor":33},{"not_picked":["hexamod:AdvancingGuard","hexamod:InspiringFlames","hexamod:Firestarter+1"],"picked":"SKIP","floor":36},{"not_picked":["hexamod:Again","hexamod:TurnItUp"],"picked":"hexamod:RainOfEmbers+1","floor":37},{"not_picked":["hexamod:RetreatToShadows+1","hexamod:GhostflameBarrier","hexamod:Firestarter+1"],"picked":"SKIP","floor":37},{"not_picked":["hexamod:BacktrackSmack","hexamod:RadiantFlame+1"],"picked":"hexamod:SpectralAdrenaline+1","floor":38},{"not_picked":["hexamod:BacktrackSmack","hexamod:InspiringFlames+1","hexamod:HeatShield"],"picked":"SKIP","floor":38},{"not_picked":["hexamod:FourthSeal","hexamod:FirstSeal"],"picked":"hexamod:SecondSeal","floor":39},{"not_picked":["hexamod:Rewind+1","hexamod:ThirdSeal","hexamod:ThermalTransfer+1"],"picked":"SKIP","floor":39},{"not_picked":["hexamod:Firestarter","hexamod:FastForward","hexamod:EtherealExpedition+1"],"picked":"SKIP","floor":43},{"not_picked":["hexamod:EtherealExpedition","hexamod:ShieldOfDarkness+1"],"picked":"hexamod:TimeOfNeed","floor":46},{"not_picked":["hexamod:BacktrackSmack","hexamod:NecessarySacrifice+1","hexamod:HauntingEcho"],"picked":"SKIP","floor":47},{"not_picked":["hexamod:SwordOfDarkness","hexamod:SoulSteal+1"],"picked":"hexamod:VolcanoVisage","floor":48},{"not_picked":["hexamod:HauntingEcho+1","hexamod:FourthSeal","hexamod:Rewind+1"],"picked":"SKIP","floor":49}],"player_experience":1517561,"relics_obtained":[{"floor":7,"key":"Anchor"},{"floor":24,"key":"Replay:Bottled Eggs"},{"floor":27,"key":"MawBank"},{"floor":41,"key":"aspiration:Lifesprig"},{"floor":48,"key":"halation:SelfBoilingWater"}],"event_choices":[{"damage_healed":0,"gold_gain":0,"player_choice":"Success","damage_taken":7,"relics_obtained":["aspiration:StickyExplosives_weak"],"max_hp_gain":0,"max_hp_loss":0,"event_name":"Scrap Ooze","floor":9,"gold_loss":0}],"is_beta":false,"boss_relics":[{"not_picked":["SlaversCollar","aspiration:PoetsPen_weak"],"picked":"halation:ForbiddenBikini"},{"not_picked":["Velvet Choker","conspire:RoyalGoblet"],"picked":"hubris:RunicObelisk"}],"items_purged_floors":[11,23,38],"is_endless":false,"potions_floor_spawned":[5,10,14,19,20,33,36,47,48,49],"ascension_level":0}}