{"host":"8anmd7ibyxevnonj","time":1613475571,"event":{"mods":["BaseMod","Curses Come First","Glutton Mod","Marisa????????","Minty Spire (QoL Compilation)","Reliquary","StSLib","The Cursed","The Marked","The Necromancer"],"gold_per_floor":[117,133,133,154,168,203,219,219,269,269,297,297,321,336,336,336,336],"floor_reached":16,"language":"ENG","playtime":1180,"items_purged":[],"score":104,"play_id":"854ded8d-612a-4301-ad5c-ef031351bf1a","local_time":"20210216123931","is_ascension_mode":false,"campfire_choices":[{"data":"TheCursedMod:EmpowerCircles","floor":8,"key":"SMITH"},{"data":"TheCursedMod:EmpowerCircles","floor":10,"key":"SMITH"},{"data":"TheCursedMod:CircleOfAbyss","floor":12,"key":"SMITH"},{"data":"TheCursedMod:FleshFromBone","floor":15,"key":"SMITH"}],"circlet_count":0,"master_deck":["TheCursedMod:Strike_TheCursed","TheCursedMod:Strike_TheCursed","TheCursedMod:Strike_TheCursed","TheCursedMod:Strike_TheCursed","TheCursedMod:Defend_TheCursed","TheCursedMod:Defend_TheCursed","TheCursedMod:Defend_TheCursed","TheCursedMod:Defend_TheCursed","TheCursedMod:CursedWand+1","TheCursedMod:CleanUpWorkshop","TheCursedMod:Dregs","TheCursedMod:WearCloak","TheCursedMod:EmpowerCircles+1","Injury","TheCursedMod:VitalStrike","TheCursedMod:CircleOfAbyss+1","TheCursedMod:EmpowerCircles+1","TheCursedMod:CursedBoomerang","TheCursedMod:CircleOfCorruption","TheCursedMod:FleshFromBone+1","TheCursedMod:Wield"],"relics":["TheCursedMod:BlackMagic101","Golden Idol","reliquary:NewFriend","MealTicket","Odd Mushroom"],"acts_visited":["Exordium"],"potions_floor_usage":[6,11,11,13],"damage_taken":[{"damage":0,"enemies":"2 Louse","floor":1,"turns":3},{"damage":0,"enemies":"Small Slimes","floor":2,"turns":4},{"damage":0,"enemies":"Jaw Worm","floor":4,"turns":4},{"damage":0,"enemies":"Gremlin Gang","floor":5,"turns":6},{"damage":30,"enemies":"Gremlin Nob","floor":6,"turns":6},{"damage":6,"enemies":"Red Slaver","floor":7,"turns":6},{"damage":5,"enemies":"The Mushroom Lair","floor":11,"turns":6},{"damage":12,"enemies":"Exordium Thugs","floor":13,"turns":5},{"damage":2,"enemies":"Blue Slaver","floor":14,"turns":3},{"damage":44,"enemies":"Slime Boss","floor":16,"turns":6}],"seed_played":"6544108925868711638","potions_obtained":[{"floor":1,"key":"ColorlessPotion"},{"floor":2,"key":"Regen Potion"},{"floor":5,"key":"Block Potion"},{"floor":6,"key":"BlessingOfTheForge"}],"is_trial":false,"path_per_floor":["M","M","?","M","M","E","M","R","T","R","?","R","M","M","R","B"],"character_chosen":"THE_CURSED","items_purchased":[],"campfire_rested":0,"item_purchase_floors":[],"current_hp_per_floor":[75,75,75,75,75,45,39,39,39,39,34,34,34,32,32,0,0],"gold":336,"neow_bonus":"UPGRADE_CARD","is_daily":false,"chose_seed":false,"campfire_upgraded":4,"win_rate":0.0,"timestamp":1613475571,"path_taken":["M","M","?","M","M","E","M","R","T","R","?","R","M","M","R","BOSS"],"items_purchased_type":[],"build_version":"2020-12-13","purchased_purges":0,"victory":false,"max_hp_per_floor":[75,75,75,75,75,75,75,75,75,75,75,75,75,75,75,75,75],"card_choices":[{"not_picked":["TheCursedMod:SoulCrush","TheCursedMod:Mangle"],"picked":"TheCursedMod:WearCloak","floor":1},{"not_picked":["TheCursedMod:SmokeScreen","TheCursedMod:WearCloak"],"picked":"TheCursedMod:EmpowerCircles","floor":2},{"not_picked":["TheCursedMod:WearCloak","TheCursedMod:Stretching"],"picked":"TheCursedMod:VitalStrike","floor":4},{"not_picked":["TheCursedMod:TacticalStrike","TheCursedMod:SurpriseAttack"],"picked":"TheCursedMod:CircleOfAbyss","floor":5},{"not_picked":["TheCursedMod:CursedShiv","TheCursedMod:WearCloak"],"picked":"TheCursedMod:EmpowerCircles","floor":6},{"not_picked":["TheCursedMod:TroublousMinions","TheCursedMod:WearCloak"],"picked":"TheCursedMod:CursedBoomerang","floor":7},{"not_picked":["TheCursedMod:CursedShiv","TheCursedMod:SaltUponWound"],"picked":"TheCursedMod:CircleOfCorruption","floor":11},{"not_picked":["TheCursedMod:ShockAndAwe","TheCursedMod:SpitefulPray"],"picked":"TheCursedMod:FleshFromBone","floor":13},{"not_picked":["TheCursedMod:CursedStaff","TheCursedMod:CircleOfCorruption"],"picked":"TheCursedMod:Wield","floor":14}],"player_experience":28796,"relics_obtained":[{"floor":6,"key":"reliquary:NewFriend"},{"floor":9,"key":"MealTicket"},{"floor":11,"key":"Odd Mushroom"}],"event_choices":[{"damage_healed":0,"gold_gain":0,"player_choice":"Take Wound","damage_taken":0,"relics_obtained":["Golden Idol"],"max_hp_gain":0,"max_hp_loss":0,"event_name":"Golden Idol","floor":3,"gold_loss":0,"cards_obtained":["Injury"]},{"damage_healed":0,"gold_gain":0,"player_choice":"Fought Mushrooms","damage_taken":0,"max_hp_gain":0,"max_hp_loss":0,"event_name":"Mushrooms","floor":11,"gold_loss":0}],"is_beta":false,"boss_relics":[],"items_purged_floors":[],"is_endless":false,"potions_floor_spawned":[1,2,5,6],"killed_by":"Slime Boss","ascension_level":0}}