{"host":"87fdiiwflhrwsj8a","time":1613499548,"event":{"mods":["Aspiration","BaseMod","Better Match","Better Third Choice","BetterRewards","Colored Map","Conspire","GifTheSpireLib","Infinite Spire","Minty Spire (QoL Compilation)","Quick Restart","Relic Sorter","Replay The Spire","StSLib","Stuff the Spire","The Marked","The Servant 0.9.4"],"gold_per_floor":[110,121,121,139,11,37,56,56,56,56,17,17,58,76,201,326,326,351,436,460,460,483,527,542,542,542,542,555,596,596,619,619,750,750,766,791,870,870,870,908,908,924,1005,1105,1149,1173,1193,1232,1232,1232],"floor_reached":51,"language":"ENG","playtime":2568,"items_purged":["Overencumbered"],"score":1680,"play_id":"8747fb99-8584-49c6-8dbe-d47d836797cc","local_time":"20210216131908","is_ascension_mode":true,"campfire_choices":[{"floor":8.0,"key":"REST"},{"data":"PendulumOfEternity","floor":10.0,"key":"SMITH"},{"data":"Starlight","floor":10.0,"key":"SMITH"},{"floor":25.0,"key":"REST"},{"data":"infinitespire:Collect","floor":25.0,"key":"SMITH"},{"data":"SurpressingFire","floor":25.0,"key":"SMITH"},{"floor":27.0,"key":"REST"},{"data":"SilverBlades","floor":27.0,"key":"SMITH"},{"data":"DoubleEdge","floor":27.0,"key":"SMITH"},{"data":"SurpressingFire","floor":30.0,"key":"SMITH"},{"data":"Starlight","floor":30.0,"key":"SMITH"},{"data":"infinitespire:FutureSight","floor":32.0,"key":"SMITH"},{"data":"KidneyShot","floor":32.0,"key":"SMITH"},{"floor":41,"key":"REST"},{"data":"KillingDoll","floor":41,"key":"SMITH"},{"data":"LightFlow","floor":41,"key":"SMITH"},{"floor":49,"key":"REST"},{"data":"FloweringNight","floor":49,"key":"SMITH"},{"data":"Rearm","floor":49,"key":"SMITH"}],"circlet_count":0,"master_deck":["AscendersBane","Strike_S","Strike_S","Strike_S","Strike_S","Defend_S","Defend_S","Defend_S","Defend_S","KidneyShot+1","Exchange","BottledTime","Rearm+1","Starlight+1","PendulumOfEternity+1","SurpressingFire+1","LightFlow","Potential","LightFlow+1","SilverBlades+1","infinitespire:FutureSight+1","infinitespire:Collect+1","DoubleEdge+1","DoubleEdge+1","Starlight+1","SurpressingFire+1","Potential+1","KillingDoll+1","Moonlight","BottledTime+1","BottledTime+1","Replace+1","SilverBlades+1","FloweringNight+1"],"relics":["Uniform","StuffTheSpire:ForceGauntlet","ReplayTheSpireMod:CursedCoin","Ginger","Replay:Arrowhead","Lee\u0027s Waffle","conspire:TreasureMap","Membership Card","aspiration:Lifesprig","aspiration:HatOfInfinitePower","Bag of Marbles","Strawberry","conspire:Dentures","Golden Idol","infinitespire:Eraser","Ring of Chaos","Simple Rune","infinitespire:Magic Flask","Kunai","ReplayFunnel","Sozu","conspire:BottledYoYo","Durian","Pondfish Scales","Garlic","Replay:PocketPolymizer","Dream Catcher"],"acts_visited":["Exordium","TheCity","TheBeyond"],"potions_floor_usage":[50],"damage_taken":[{"damage":5.0,"enemies":"conspire:RoseBush","floor":1.0,"turns":4.0},{"damage":0.0,"enemies":"Jaw Worm","floor":2.0,"turns":4.0},{"damage":8.0,"enemies":"Small Slimes","floor":4.0,"turns":3.0},{"damage":38.0,"enemies":"Replay:BlueRogue","floor":6.0,"turns":10.0},{"damage":3.0,"enemies":"Looter","floor":7.0,"turns":3.0},{"damage":0.0,"enemies":"Gremlin Nob","floor":13.0,"turns":2.0},{"damage":3.0,"enemies":"Blue Slaver","floor":14.0,"turns":2.0},{"damage":12.0,"enemies":"Hexaghost","floor":16.0,"turns":6.0},{"damage":0.0,"enemies":"Spheric Guardian","floor":18.0,"turns":2.0},{"damage":3.0,"enemies":"Chosen","floor":20.0,"turns":3.0},{"damage":1.0,"enemies":"Centurion and Healer","floor":22.0,"turns":3.0},{"damage":16.0,"enemies":"Book of Stabbing","floor":23.0,"turns":3.0},{"damage":0.0,"enemies":"Sentry and Sphere","floor":24.0,"turns":3.0},{"damage":0.0,"enemies":"Cultist and Chosen","floor":28.0,"turns":1.0},{"damage":0.0,"enemies":"conspire:Head Lice","floor":29.0,"turns":1.0},{"damage":0.0,"enemies":"3 Cultists","floor":31.0,"turns":2.0},{"damage":2.0,"enemies":"Champ","floor":33.0,"turns":6.0},{"damage":6.0,"enemies":"Orb Walker","floor":35.0,"turns":2.0},{"damage":15.0,"enemies":"3 Darklings","floor":36.0,"turns":5.0},{"damage":5,"enemies":"R_Hoarder","floor":40,"turns":4},{"damage":26,"enemies":"Writhing Mass","floor":42,"turns":3},{"damage":20,"enemies":"Nemesis","floor":45,"turns":3},{"damage":0,"enemies":"Maw","floor":46,"turns":3},{"damage":12,"enemies":"Sphere and 2 Shapes","floor":47,"turns":4},{"damage":1,"enemies":"Reptomancer","floor":48,"turns":2},{"damage":23,"enemies":"infinitespire:MassOfShapes","floor":50,"turns":5}],"seed_played":"-4687312093796211864","potions_obtained":[{"floor":1.0,"key":"Ancient Potion"},{"floor":2.0,"key":"Milkshake"},{"floor":14.0,"key":"Block Potion"},{"floor":18.0,"key":"Adrenaline Potion"}],"is_trial":false,"path_per_floor":["M","M","?","M","$","E","M","R","T","R","$","?","E","M","R_BF","B",null,"M","?","M","AVR","M","E","M","R","T","R","M","E","R","M","R","B",null,"M","M","T","AVR","?","E","R","M","T","?","E","M","M","E","R","B",null],"character_chosen":"THE_SERVANT","items_purchased":["StuffTheSpire:ForceGauntlet","ReplayTheSpireMod:CursedCoin","Ginger","Replay:Arrowhead","Lee\u0027s Waffle","conspire:TreasureMap","Membership Card","aspiration:Lifesprig","Bag of Marbles","Starlight","SurpressingFire"],"campfire_rested":5,"item_purchase_floors":[0,0,0,0,0,0,0,0,5,5,11],"current_hp_per_floor":[67,67,67,59,59,28,25,48,48,48,48,29,29,26,26,14,63,63,44,41,41,40,24,24,47,47,70,70,70,70,70,70,68,76,70,55,55,60,60,55,80,54,54,54,34,34,22,21,46,23],"gold":1232,"neow_bonus":"","is_daily":false,"chose_seed":false,"campfire_upgraded":14,"win_rate":0.0,"timestamp":1613499548,"path_taken":["M","M","?","M","$","E","M","R","T","R","?","?","E","M","R_BF","BOSS","M","?","M","AVR","M","E","M","R","T","R","M","E","R","M","R","BOSS","M","M","?","AVR","?","E","R","M","T","?","E","?","M","E","R","BOSS"],"items_purchased_type":["Relic","Relic","Relic","Relic","Relic","Relic","Relic","Relic","Relic","Card","Card"],"build_version":"2020-12-22","purchased_purges":1,"victory":true,"max_hp_per_floor":[72,72,72,72,72,79,79,79,79,79,79,79,79,79,79,79,79,79,79,79,79,79,79,79,79,79,79,79,79,79,79,79,79,79,79,79,79,84,84,84,84,84,84,84,84,84,84,84,84,84],"card_choices":[{"not_picked":["Starlight","Replace"],"picked":"BottledTime","floor":1.0},{"not_picked":["FastForward","Revamp","InstantArmor"],"picked":"SKIP","floor":2.0},{"not_picked":["TimeWarp","DancingSilver"],"picked":"Rearm","floor":4.0},{"not_picked":["Barrier","Shuttle"],"picked":"PendulumOfEternity","floor":6.0},{"not_picked":["DoubleEdge","Replace","Ricochet"],"picked":"SKIP","floor":7.0},{"not_picked":["Rewind","Barrier"],"picked":"LightFlow","floor":13.0},{"not_picked":["Revamp","Defy"],"picked":"Potential","floor":14.0},{"not_picked":["Initiator","SilverMatrix"],"picked":"LightFlow","floor":16.0},{"not_picked":["Read+1","InstantArmor+1","TimeWarp"],"picked":"SKIP","floor":18.0},{"not_picked":["ShatteredReality","Ricochet"],"picked":"SilverBlades","floor":19.0},{"not_picked":["DualDimension+1","FastForward","Reset"],"picked":"SKIP","floor":20.0},{"not_picked":["Replace+1","FanOfKnives"],"picked":"DoubleEdge+1","floor":22.0},{"not_picked":["Solidify","Shuttle"],"picked":"DoubleEdge","floor":23.0},{"not_picked":["TimeWarp","BottledTime"],"picked":"Starlight","floor":24.0},{"not_picked":["Hightail","InstantArmor"],"picked":"SurpressingFire","floor":28.0},{"not_picked":["Desolation","Orbit","Rewind"],"picked":"SKIP","floor":29.0},{"not_picked":["DoubleEdge+1","InstantArmor"],"picked":"Potential+1","floor":31.0},{"not_picked":["LightFlow","ForgedInTime"],"picked":"KillingDoll","floor":33.0},{"not_picked":["GearUp","ShatteredReality","SpecialFormula"],"picked":"SKIP","floor":35.0},{"not_picked":["Spin+1","TimeWarp"],"picked":"Moonlight","floor":36.0},{"not_picked":["Foresight","TimeWarp+1","Spin+1"],"picked":"SKIP","floor":40},{"not_picked":["ShatteredReality","Misdirection+1"],"picked":"BottledTime+1","floor":42},{"not_picked":["Alleviate","SoulSculpture","Hightail"],"picked":"SKIP","floor":45},{"not_picked":["Rearm+1","Spin+1"],"picked":"BottledTime+1","floor":46},{"not_picked":["Gouge","Revamp+1"],"picked":"Replace+1","floor":47},{"not_picked":["Rewind+1","Spin"],"picked":"SilverBlades+1","floor":48},{"not_picked":["WasteNot","Moonlight+1"],"picked":"FloweringNight","floor":49}],"player_experience":2660806,"relics_obtained":[{"floor":6.0,"key":"Strawberry"},{"floor":9.0,"key":"conspire:Dentures"},{"floor":13.0,"key":"infinitespire:Eraser"},{"floor":19.0,"key":"Simple Rune"},{"floor":23.0,"key":"Kunai"},{"floor":29.0,"key":"ReplayFunnel"},{"floor":37.0,"key":"conspire:BottledYoYo"},{"floor":40,"key":"Pondfish Scales"},{"floor":43,"key":"Garlic"},{"floor":45,"key":"Replay:PocketPolymizer"},{"floor":48,"key":"Dream Catcher"}],"event_choices":[{"damage_healed":0.0,"max_hp_gain":0.0,"max_hp_loss":0.0,"gold_gain":0.0,"event_name":"Golden Idol","player_choice":"Take Damage","floor":12.0,"gold_loss":0.0,"damage_taken":19.0,"relics_obtained":["Golden Idol"]},{"damage_healed":0,"gold_gain":0,"player_choice":"Ignored","damage_taken":0,"max_hp_gain":0,"max_hp_loss":0,"event_name":"Tomb of Lord Red Mask","floor":39,"gold_loss":0},{"damage_healed":0,"gold_gain":100,"player_choice":"Pray","damage_taken":0,"max_hp_gain":0,"max_hp_loss":0,"event_name":"Golden Shrine","floor":44,"gold_loss":0}],"is_beta":false,"boss_relics":[{"not_picked":["aspiration:FutureDiary","SacredBark"],"picked":"Ring of Chaos"},{"not_picked":["aspiration:RitualDagger","Snecko Eye"],"picked":"Sozu"}],"items_purged_floors":[5],"is_endless":false,"potions_floor_spawned":[1,2,14,18,23,31,33,36,47,48],"ascension_level":11}}