{"host":"kybn6ox37urbij4t","time":1613469526,"event":{"mods":["Aspiration","BaseMod","Better Third Choice","Dota2Spire","Minty Spire (QoL Compilation)","Reliquary","Replay The Spire","StSLib","The Blue Laboratory","TheWitcher"],"gold_per_floor":[111,137,156,64,76,76,107,107,107,107,157,197,236,279,279,385,385,364,390,305,336,336,336,375,375,375,401,431,42,69,73,73],"floor_reached":31,"language":"ENG","playtime":2213,"items_purged":[],"score":251,"play_id":"3f269e67-99e5-4528-ae1a-4edab567ca10","local_time":"20210216105846","is_ascension_mode":false,"campfire_choices":[{"data":"SnafuTest:BombDevilsPuffball","floor":6,"key":"SMITH"},{"data":"SnafuTest:FlashingEvasion","floor":8,"key":"SMITH"},{"data":"SnafuTest:PowerAlwaysAWay","floor":10,"key":"SMITH"},{"data":"SnafuTest:PowerCrimsonRitual","floor":15,"key":"SMITH"},{"floor":23,"key":"REST"}],"circlet_count":0,"master_deck":["SnafuTest:DefaultCommonAttack","SnafuTest:DefaultCommonAttack","SnafuTest:DefaultCommonAttack","SnafuTest:BountyHunt","SnafuTest:DefaultCommonSkill","SnafuTest:DefaultCommonSkill","SnafuTest:DefaultCommonSkill","SnafuTest:SignIgni","SnafuTest:SwordDance","SnafuTest:BombDevilsPuffball+1","SnafuTest:ShoulderSlam","SnafuTest:PowerAlwaysAWay+1","SnafuTest:FlashingEvasion+1","SnafuTest:PowerCrimsonRitual+1","SnafuTest:PaySaddlery","Amnesia","Amnesia","Doubt","SnafuTest:SpellLifeDrain","SnafuTest:NoPass","SnafuTest:ShieldUp+1","SnafuTest:PowerProbingFeint","SnafuTest:BombDevilsPuffball+1","SnafuTest:LeadingCharge"],"relics":["SnafuTest:UnstableMutagenRelic","NeowsBlessing","Lantern","Ornamental Fan","Replay:Bandana","reliquary:TuningFork","Replay:Ancient Bell","reliquary:PartyBalloon","Kunai","Calipers","Dota2Spire:ArmletOfMordiggian","SnafuTest:YrdenRelic","Anchor","aspiration:FrozenJewel"],"acts_visited":["Exordium","TheCity"],"potions_floor_usage":[7,16,18,28],"damage_taken":[{"damage":0,"enemies":"Cultist","floor":1,"turns":1},{"damage":0,"enemies":"Jaw Worm","floor":3,"turns":1},{"damage":0,"enemies":"2 Louse","floor":5,"turns":1},{"damage":14,"enemies":"Gremlin Nob","floor":7,"turns":3},{"damage":4,"enemies":"Gremlin Gang","floor":11,"turns":3},{"damage":8,"enemies":"2 Fungi Beasts","floor":12,"turns":4},{"damage":14,"enemies":"Replay:BlueRogue","floor":13,"turns":6},{"damage":11,"enemies":"Exordium Thugs","floor":14,"turns":5},{"damage":20,"enemies":"The Guardian","floor":16,"turns":10},{"damage":16,"enemies":"Spheric Guardian","floor":18,"turns":3},{"damage":23,"enemies":"Shell Parasite","floor":19,"turns":5},{"damage":20,"enemies":"3 Cultists","floor":21,"turns":5},{"damage":10,"enemies":"Centurion and Healer","floor":24,"turns":10},{"damage":23,"enemies":"Snecko","floor":27,"turns":9},{"damage":3,"enemies":"Snake Plant","floor":28,"turns":5},{"damage":0,"enemies":"Chosen and Byrds","floor":30,"turns":4},{"damage":6,"enemies":"3 Cultists","floor":31,"turns":2}],"seed_played":"-4302709676212989230","potions_obtained":[{"floor":1,"key":"blueLaboratory:NullPotion"},{"floor":5,"key":"blueLaboratory:FruitPunch"},{"floor":13,"key":"blueLaboratory:BottleOfVodka"},{"floor":16,"key":"Death Potion"},{"floor":24,"key":"Weak Potion"},{"floor":30,"key":"Cursed Concoction"}],"is_trial":false,"path_per_floor":["M","T","M","$","M","R","E","R","T","R","M","M","E","M","R","B",null,"M","M","?","M","?","R","M","?","T","M","M","$","M","M"],"character_chosen":"THE_WITCHER","items_purchased":["SnafuTest:BombDevilsPuffball","SnafuTest:ShoulderSlam","SnafuTest:LeadingCharge","aspiration:FrozenJewel"],"campfire_rested":1,"item_purchase_floors":[4,4,29,29],"current_hp_per_floor":[75,75,75,75,75,75,63,63,63,63,59,51,37,26,26,6,77,61,38,38,18,18,41,31,31,31,8,5,5,5,0,0],"gold":73,"neow_bonus":"THREE_ENEMY_KILL","is_daily":false,"chose_seed":false,"campfire_upgraded":4,"win_rate":0.0,"timestamp":1613469526,"path_taken":["M","?","M","$","?","R","E","R","T","R","M","M","E","M","R","BOSS","M","M","?","M","?","R","?","?","T","M","M","$","M","M"],"items_purchased_type":["Card","Card","Card","Relic"],"build_version":"2020-12-22","purchased_purges":0,"victory":false,"max_hp_per_floor":[75,75,75,75,75,75,77,77,77,77,77,77,77,77,77,77,77,77,77,77,77,77,77,77,77,77,77,77,77,77,77,77],"card_choices":[{"not_picked":["SnafuTest:PhantomMemory","SnafuTest:BattleCry"],"picked":"SnafuTest:SwordDance","floor":1},{"not_picked":["SnafuTest:SpellIncendiaryShower","SnafuTest:MCFeignDeath","SnafuTest:MCPlayGwent"],"picked":"SKIP","floor":3},{"not_picked":["SnafuTest:UndefeatedNarcissism","SnafuTest:PaySmithWorkshop"],"picked":"SnafuTest:PowerAlwaysAWay","floor":5},{"not_picked":["SnafuTest:SmashingSlash","SnafuTest:PhantomMemory"],"picked":"SnafuTest:FlashingEvasion","floor":7},{"not_picked":["SnafuTest:PowerVainGlory","SnafuTest:ArmoredSortie","SnafuTest:MercilessReaper"],"picked":"SKIP","floor":11},{"not_picked":["SnafuTest:Siege","SnafuTest:SignYrden"],"picked":"SnafuTest:PowerCrimsonRitual","floor":12},{"not_picked":["SnafuTest:BombNorthernWind","SnafuTest:MCFeignDeath"],"picked":"SnafuTest:PaySaddlery","floor":13},{"not_picked":["SnafuTest:SpellBlindFury","SnafuTest:GraveDancingPaleFire","SnafuTest:SmashingSlash"],"picked":"SKIP","floor":14},{"not_picked":["SnafuTest:TradeOrTrick","SnafuTest:MilitaryReview"],"picked":"SnafuTest:PayExoticTreasure","floor":16},{"not_picked":["Languid","SnafuTest:CurseImprisonment"],"picked":"Amnesia","floor":17},{"not_picked":["SnafuTest:CurseRiot","Languid"],"picked":"Amnesia","floor":17},{"not_picked":["Delirium","Shame"],"picked":"Doubt","floor":17},{"not_picked":["SnafuTest:PowerContactIsContract","SnafuTest:GetPaid"],"picked":"SnafuTest:SpellLifeDrain","floor":18},{"not_picked":["SnafuTest:ArmoredSortie","SnafuTest:MCMockAndRun"],"picked":"SnafuTest:NoPass","floor":19},{"not_picked":["SnafuTest:PayWeaponSmith","SnafuTest:MCPlayGwent"],"picked":"SnafuTest:ShieldUp+1","floor":21},{"not_picked":["SnafuTest:UndefeatedNarcissism","SnafuTest:SpellDispellingPush"],"picked":"SnafuTest:PowerProbingFeint","floor":24},{"not_picked":["SnafuTest:ScholarsIntrigue","SnafuTest:SpellLivingArmor"],"picked":"SnafuTest:GetPaid","floor":27},{"not_picked":["SnafuTest:MCSuccubusSeduction+1","SnafuTest:AncestralRitual"],"picked":"SnafuTest:BombDevilsPuffball+1","floor":28},{"not_picked":["SnafuTest:BombMoonDust","SnafuTest:PayArmorSmith","SnafuTest:PowerCounterAttack"],"picked":"SKIP","floor":30},{"not_picked":["SnafuTest:BombMoonDust","SnafuTest:PayArmorSmith","SnafuTest:PowerCounterAttack"],"picked":"SKIP","floor":30}],"player_experience":401699,"relics_obtained":[{"floor":2,"key":"Lantern"},{"floor":7,"key":"Ornamental Fan"},{"floor":9,"key":"Replay:Bandana"},{"floor":13,"key":"reliquary:TuningFork"},{"floor":26,"key":"Anchor"}],"event_choices":[{"damage_healed":0,"gold_gain":0,"player_choice":"Obtained Relic","damage_taken":0,"relics_obtained":["SnafuTest:YrdenRelic"],"max_hp_gain":0,"max_hp_loss":0,"event_name":"Addict","floor":20,"gold_loss":85},{"damage_healed":0,"gold_gain":0,"player_choice":"0 cards matched","damage_taken":0,"max_hp_gain":0,"max_hp_loss":0,"event_name":"Match and Keep!","floor":22,"gold_loss":0,"cards_obtained":[]},{"damage_healed":0,"gold_gain":0,"player_choice":"Ignored","damage_taken":0,"max_hp_gain":0,"max_hp_loss":0,"event_name":"Vampires","floor":25,"gold_loss":0}],"is_beta":false,"boss_relics":[{"not_picked":["Tiny House","Replay:Grab Bag"],"picked":"Replay:Ancient Bell"},{"not_picked":["MawBank","Replay:Rubber Ducky"],"picked":"reliquary:PartyBalloon"},{"not_picked":["SnafuTest:WolfRelic","Pantograph"],"picked":"Kunai"},{"not_picked":["Pondfish Scales","Dead Branch"],"picked":"Calipers"}],"items_purged_floors":[],"is_endless":false,"potions_floor_spawned":[1,5,13,16,24,30],"killed_by":"3 Cultists","ascension_level":0}}