{"host":"956g3854xvs16zht","time":1613499901,"event":{"mods":["AlwaysNeverKeys","BaseMod","BetterRewards","Colored Map","Colored Powertips","DeckTracker","Displayed Cursed Tome","Energized Spire","Evolution","Friendly Minions","Infinite Spire","Minty Spire (QoL Compilation)","Permanent Neow","Relic Filter","Relic Sorter","Shop Mod","Spicy Shops","StSLib","The Alterego"],"gold_per_floor":[111,125,140,140,151,151,186,186,211,211,230,20,53,69,69,69,69],"floor_reached":16,"language":"ENG","playtime":1696,"items_purged":[],"score":112,"play_id":"9d181e0e-3662-4083-b6ab-3545af3af41d","local_time":"20210216132501","is_ascension_mode":false,"campfire_choices":[{"data":"alterego_mod:BrynhildrsRune","floor":6,"key":"SMITH"},{"data":"alterego_mod:DustData","floor":10,"key":"SMITH"},{"floor":15,"key":"REST"}],"circlet_count":0,"master_deck":["alterego_mod:Strike","alterego_mod:Strike","alterego_mod:Strike","alterego_mod:Strike","alterego_mod:Defend","alterego_mod:Defend","alterego_mod:Defend","alterego_mod:Defend","alterego_mod:Impale","alterego_mod:BigMeatyClaws","alterego_mod:BrynhildrsRune+1","alterego_mod:Skirt","alterego_mod:Jiggle","alterego_mod:Complex","alterego_mod:Crossover","alterego_mod:PresenceConcealment","alterego_mod:Stockings","alterego_mod:Crossover","alterego_mod:Rip","alterego_mod:Palingenesis","Pain","alterego_mod:AlterEgo","alterego_mod:Rip","alterego_mod:SakuraPetals"],"relics":["alterego_mod:MasochisticConstitution","Regal Pillow","infinitespire:ShieldingShard","WarpedTongs","MerchantsRug","Frozen Eye","Question Card"],"acts_visited":["Exordium"],"potions_floor_usage":[16],"damage_taken":[{"damage":17,"enemies":"Cultist","floor":1,"turns":5},{"damage":10,"enemies":"2 Louse","floor":2,"turns":4},{"damage":3,"enemies":"Small Slimes","floor":3,"turns":6},{"damage":7,"enemies":"2 Fungi Beasts","floor":5,"turns":5},{"damage":57,"enemies":"3 Sentries","floor":7,"turns":12},{"damage":7,"enemies":"Blue Slaver","floor":11,"turns":3},{"damage":30,"enemies":"Gremlin Nob","floor":13,"turns":4},{"damage":2,"enemies":"Exordium Thugs","floor":14,"turns":4},{"damage":61,"enemies":"Slime Boss","floor":16,"turns":11}],"seed_played":"6804743418451344673","potions_obtained":[{"floor":2,"key":"Explosive Potion"},{"floor":3,"key":"LiquidMemories"},{"floor":7,"key":"Dexterity Potion"},{"floor":14,"key":"PowerPotion"}],"is_trial":false,"path_per_floor":["M","M","M","?","M","R","E","?","T","R","M","$","E","M","R","B"],"character_chosen":"The_Alterego","items_purchased":["MerchantsRug","Frozen Eye","alterego_mod:AlterEgo"],"campfire_rested":1,"item_purchase_floors":[12,12,12],"current_hp_per_floor":[54,59,64,64,72,72,37,37,37,37,38,38,9,8,46,0,0],"gold":69,"neow_bonus":"RANDOM_COMMON_RELIC","is_daily":false,"chose_seed":false,"campfire_upgraded":2,"win_rate":0.0,"timestamp":1613499901,"path_taken":["M","M","?","?","M","R","E","?","T","R","M","$","E","?","R","BOSS"],"items_purchased_type":["Relic","Relic","Card"],"build_version":"2020-12-22","purchased_purges":0,"victory":false,"max_hp_per_floor":[71,72,73,73,74,74,75,75,75,75,76,76,77,78,78,78,78],"card_choices":[{"not_picked":["alterego_mod:Undulate","alterego_mod:Jiggle"],"picked":"alterego_mod:Skirt","floor":1},{"not_picked":["alterego_mod:BustOut","alterego_mod:DeftHands"],"picked":"alterego_mod:Jiggle","floor":2},{"not_picked":["alterego_mod:Cooking","alterego_mod:SuperDuperMasochism"],"picked":"alterego_mod:Complex","floor":3},{"not_picked":["alterego_mod:RocketPunch","alterego_mod:Valkyrie"],"picked":"alterego_mod:Rip","floor":5},{"not_picked":["alterego_mod:Bloomers","alterego_mod:Punishment"],"picked":"alterego_mod:Palingenesis","floor":7},{"not_picked":["alterego_mod:IndependentAction","alterego_mod:PresenceConcealment","alterego_mod:Cooking"],"picked":"SKIP","floor":11},{"not_picked":["alterego_mod:Birthday","alterego_mod:Maid"],"picked":"alterego_mod:Rip","floor":13},{"not_picked":["alterego_mod:Cooking","alterego_mod:BiFurious","alterego_mod:BreastValley"],"picked":"alterego_mod:SakuraPetals","floor":14}],"player_experience":20541,"relics_obtained":[{"floor":7,"key":"infinitespire:ShieldingShard"},{"floor":9,"key":"Bag of Marbles"},{"floor":13,"key":"Question Card"}],"event_choices":[{"damage_healed":0,"gold_gain":0,"player_choice":"Rummage","damage_taken":0,"relics_obtained":["WarpedTongs"],"max_hp_gain":0,"max_hp_loss":0,"event_name":"Accursed Blacksmith","floor":8,"gold_loss":0,"cards_obtained":["Pain"]}],"is_beta":false,"boss_relics":[],"items_purged_floors":[],"is_endless":false,"potions_floor_spawned":[2,3,7,14],"killed_by":"Slime Boss","ascension_level":0}}