{"host":"178rghtqlvp3zue2","time":1613436599,"event":{"mods":["2.2 Compatiblity","AchievementEnabler","BaseMod","DeckTracker","Minty Spire (QoL Compilation)","Quick Restart","SuperFastMode","The Servant 0.9.4"],"gold_per_floor":[112,112,187,197,53,53,83,93,165,196,196,196,228,43,43,146,146,156,156,156,189,208,208,2,16,42,42,58,73,73,73],"floor_reached":30,"language":"KOR","playtime":1107,"items_purged":["Strike_S"],"score":398,"play_id":"97c581f1-ebda-4520-94fb-ae8d348ca45d","local_time":"20210216094959","is_ascension_mode":true,"campfire_choices":[{"data":"Hightail","floor":6,"key":"SMITH"},{"data":"Spin","floor":12,"key":"SMITH"},{"floor":15,"key":"REST"},{"floor":23,"key":"REST"}],"circlet_count":0,"master_deck":["KidneyShot+1","Exchange+1","Defy","Hightail+1","Rearm","Spin+1","Deadline","Desolation","Sunlight","PendulumOfEternity","Gouge","TrueSight","SurpressingFire","Barrier","Reset","Desolation","SoulSculpture","Potential","Foresight","TimeWarp+1"],"relics":["Uniform","NeowsBlessing","Pan","Bag of Marbles","The Courier","PaperSwan","Boot","Sling","Pandora\u0027s Box","Du-Vu Doll","Red Mask","Membership Card","Happy Flower"],"acts_visited":["Exordium","TheCity"],"potions_floor_usage":[22],"damage_taken":[{"damage":0,"enemies":"Jaw Worm","floor":1,"turns":1},{"damage":0,"enemies":"Small Slimes","floor":4,"turns":1},{"damage":0,"enemies":"Lagavulin","floor":7,"turns":3},{"damage":0,"enemies":"2 Louse","floor":8,"turns":4},{"damage":0,"enemies":"Gremlin Nob","floor":10,"turns":6},{"damage":14,"enemies":"3 Sentries","floor":13,"turns":11},{"damage":0,"enemies":"Hexaghost","floor":16,"turns":13},{"damage":0,"enemies":"Chosen","floor":18,"turns":5},{"damage":55,"enemies":"Masked Bandits","floor":21,"turns":5},{"damage":0,"enemies":"3 Byrds","floor":22,"turns":2},{"damage":1,"enemies":"Cultist and Chosen","floor":25,"turns":5},{"damage":4,"enemies":"Snake Plant","floor":28,"turns":4},{"damage":0,"enemies":"Centurion and Healer","floor":29,"turns":5},{"damage":25,"enemies":"Gremlin Leader","floor":30,"turns":2}],"seed_played":"113565462500653892","potions_obtained":[{"floor":13,"key":"DistilledChaos"},{"floor":16,"key":"DistilledChaos"},{"floor":18,"key":"FearPotion"},{"floor":25,"key":"Strength Potion"},{"floor":28,"key":"BlessingOfTheForge"}],"is_trial":false,"path_per_floor":["M","?","?","M","$","R","E","M","T","E","?","R","E","$","R","B",null,"M","?","T","?","M","R","$","M","T","?","M","M","E"],"character_chosen":"THE_SERVANT","items_purchased":["Pan","Sling","Membership Card","SoulSculpture","Potential"],"campfire_rested":2,"item_purchase_floors":[5,14,24,24,24],"current_hp_per_floor":[65,52,41,41,41,41,41,41,41,41,41,41,27,27,46,46,65,65,65,65,10,10,29,29,28,28,28,24,24,0,0],"gold":73,"neow_bonus":"THREE_ENEMY_KILL","is_daily":false,"chose_seed":false,"campfire_upgraded":2,"win_rate":0.0,"timestamp":1613436599,"path_taken":["M","?","?","M","$","R","E","M","T","E","?","R","E","$","R","BOSS","M","?","?","?","M","R","$","?","T","?","M","M","E"],"items_purchased_type":["Relic","Relic","Relic","Card","Card"],"build_version":"2020-12-22","purchased_purges":1,"victory":false,"max_hp_per_floor":[65,65,65,65,65,65,65,65,65,65,65,65,65,65,65,65,65,65,65,65,65,65,65,65,65,65,65,65,65,65,65],"card_choices":[{"not_picked":["ShatteredReality","Rewind"],"picked":"Defy","floor":1},{"not_picked":["Starlight","DoubleEdge"],"picked":"Hightail","floor":4},{"not_picked":["MoonPhase","RealityMarble"],"picked":"Rearm","floor":7},{"not_picked":["Embodiment","Defy"],"picked":"Spin","floor":8},{"not_picked":["Moondial","Alleviate"],"picked":"Deadline","floor":10},{"not_picked":["Manipulate","SilverBlades"],"picked":"Desolation","floor":13},{"not_picked":["Initiator","Solidify"],"picked":"Sunlight","floor":16},{"not_picked":["Reset","Revamp+1"],"picked":"Desolation","floor":18},{"not_picked":["Rearm","WasteNot","Spin+1"],"picked":"SKIP","floor":22},{"not_picked":["Rearm+1","Starlight+1","Gouge"],"picked":"SKIP","floor":25},{"not_picked":["Replace","StarChef+1"],"picked":"Foresight","floor":28},{"not_picked":["Deadline","Alleviate"],"picked":"TimeWarp+1","floor":29}],"player_experience":288395,"relics_obtained":[{"floor":7,"key":"Bag of Marbles"},{"floor":9,"key":"The Courier"},{"floor":10,"key":"PaperSwan"},{"floor":13,"key":"Boot"},{"floor":20,"key":"Du-Vu Doll"},{"floor":21,"key":"Red Mask"},{"floor":26,"key":"Happy Flower"}],"event_choices":[{"damage_healed":0,"gold_gain":0,"player_choice":"Entered Light","damage_taken":13,"max_hp_gain":0,"max_hp_loss":0,"event_name":"Shining Light","floor":2,"gold_loss":0,"cards_upgraded":["Defend_S","Exchange"]},{"damage_healed":0,"gold_gain":75,"player_choice":"Gather Gold","damage_taken":11,"max_hp_gain":0,"max_hp_loss":0,"event_name":"World of Goop","floor":3,"gold_loss":0},{"damage_healed":0,"gold_gain":0,"player_choice":"Grow","damage_taken":0,"max_hp_gain":0,"max_hp_loss":0,"event_name":"Living Wall","floor":11,"gold_loss":0,"cards_upgraded":["KidneyShot"]},{"cards_removed":["FanOfKnives"],"damage_healed":0,"gold_gain":0,"player_choice":"Elegance","damage_taken":0,"max_hp_gain":0,"max_hp_loss":0,"event_name":"Back to Basics","floor":19,"gold_loss":0},{"damage_healed":0,"gold_gain":0,"player_choice":"Fought Bandits","damage_taken":0,"max_hp_gain":0,"max_hp_loss":0,"event_name":"Masked Bandits","floor":21,"gold_loss":0},{"damage_healed":0,"gold_gain":0,"player_choice":"Ignored","damage_taken":0,"max_hp_gain":0,"max_hp_loss":0,"event_name":"Ghosts","floor":27,"gold_loss":0}],"is_beta":false,"boss_relics":[{"not_picked":["Philosopher\u0027s Stone","Busted Crown"],"picked":"Pandora\u0027s Box"}],"items_purged_floors":[14],"is_endless":false,"potions_floor_spawned":[13,16,18,25,28],"killed_by":"Gremlin Leader","ascension_level":3}}