{"host":"k919bq8mkuzdqhzi","time":1613470263,"event":{"mods":["AchievementEnabler","BaseMod","Colored Map","Colored Powertips","DeckTracker","Minty Spire (QoL Compilation)","Relic Sorter","SuperFastMode"],"gold_per_floor":[119,119,137,13,31,31,61,80,80,113,125,137,26,26,26,126,126,136,136,150,160,0,0,0],"floor_reached":23,"language":"ENG","playtime":1561,"items_purged":["Strike_P","Defend_P","Decay"],"score":214,"play_id":"54ad6b6a-f6bf-4a8b-a50a-2f05267bbf60","local_time":"20210216051103","is_ascension_mode":false,"campfire_choices":[{"data":"EmptyBody","floor":6,"key":"SMITH"},{"data":"CrushJoints","floor":12,"key":"SMITH"},{"floor":15,"key":"REST"}],"circlet_count":0,"master_deck":["Strike_P","Defend_P+1","Defend_P","Eruption+1","Vigilance+1","EmptyBody+1","Crescendo+1","CrushJoints+1","Evaluate","CutThroughFate","ClearTheMind","LessonLearned+1","PathToVictory","Scrawl","Halt+1","Sanctity","FearNoEvil+1","BattleHymn"],"relics":["PureWater","Vajra","Pen Nib","MawBank","Odd Mushroom","Empty Cage"],"acts_visited":["Exordium","TheCity"],"potions_floor_usage":[16,16,16],"damage_taken":[{"damage":10,"enemies":"Jaw Worm","floor":1,"turns":3},{"damage":0,"enemies":"2 Louse","floor":3,"turns":2},{"damage":0,"enemies":"Small Slimes","floor":5,"turns":3},{"damage":0,"enemies":"Lagavulin","floor":7,"turns":3},{"damage":4,"enemies":"3 Louse","floor":8,"turns":2},{"damage":16,"enemies":"The Mushroom Lair","floor":10,"turns":5},{"damage":20,"enemies":"Hexaghost","floor":16,"turns":7},{"damage":13,"enemies":"Shell Parasite","floor":18,"turns":4},{"damage":6,"enemies":"Spheric Guardian","floor":20,"turns":4},{"damage":0,"enemies":"Centurion and Healer","floor":21,"turns":4},{"damage":55,"enemies":"Book of Stabbing","floor":23,"turns":6}],"seed_played":"-6355190845414124626","potions_obtained":[{"floor":1,"key":"SteroidPotion"},{"floor":7,"key":"EssenceOfSteel"},{"floor":8,"key":"SteroidPotion"},{"floor":20,"key":"StancePotion"}],"is_trial":false,"path_per_floor":["M","?","M","$","M","R","E","M","T","?","?","R","$","?","R","B",null,"M","?","M","M","$","E"],"character_chosen":"WATCHER","items_purchased":["CrushJoints","PathToVictory","BattleHymn"],"campfire_rested":1,"item_purchase_floors":[4,13,22],"current_hp_per_floor":[62,62,62,62,62,62,62,58,58,42,35,35,35,21,42,22,72,59,59,53,53,53,0,0],"gold":0,"neow_bonus":"RANDOM_COMMON_RELIC","is_daily":false,"chose_seed":false,"campfire_upgraded":2,"win_rate":0.0,"timestamp":1613470263,"path_taken":["M","?","M","$","M","R","E","M","T","?","?","R","$","?","R","BOSS","M","?","M","M","?","E"],"items_purchased_type":["Card","Card","Card"],"build_version":"2020-12-22","purchased_purges":3,"victory":false,"max_hp_per_floor":[72,72,72,72,72,72,72,72,72,72,72,72,72,72,72,72,72,72,72,72,72,72,72,72],"card_choices":[{"not_picked":["FearNoEvil","Indignation"],"picked":"EmptyBody","floor":1},{"not_picked":["Protect","TalkToTheHand"],"picked":"Crescendo","floor":3},{"not_picked":["TalkToTheHand","Crescendo"],"picked":"Evaluate","floor":5},{"not_picked":["ThirdEye","EmptyBody"],"picked":"CutThroughFate","floor":7},{"not_picked":["Evaluate","Halt"],"picked":"ClearTheMind","floor":8},{"not_picked":["ClearTheMind","Consecrate"],"picked":"LessonLearned","floor":10},{"not_picked":["DevaForm","Devotion"],"picked":"Scrawl","floor":16},{"not_picked":["CutThroughFate","Evaluate+1"],"picked":"Halt+1","floor":18},{"not_picked":["CutThroughFate+1","BowlingBash"],"picked":"Sanctity","floor":20},{"not_picked":["Indignation+1","Consecrate"],"picked":"FearNoEvil+1","floor":21}],"player_experience":157271,"relics_obtained":[{"floor":7,"key":"Pen Nib"},{"floor":9,"key":"MawBank"},{"floor":10,"key":"Odd Mushroom"}],"event_choices":[{"damage_healed":0,"gold_gain":0,"player_choice":"Grow","damage_taken":0,"max_hp_gain":0,"max_hp_loss":0,"event_name":"Living Wall","floor":2,"gold_loss":0,"cards_upgraded":["Eruption"]},{"damage_healed":0,"gold_gain":0,"player_choice":"Fought Mushrooms","damage_taken":0,"max_hp_gain":0,"max_hp_loss":0,"event_name":"Mushrooms","floor":10,"gold_loss":0},{"cards_removed":["Strike_P"],"damage_healed":0,"gold_gain":0,"player_choice":"Card Removal","damage_taken":7,"max_hp_gain":0,"max_hp_loss":0,"event_name":"Golden Wing","floor":11,"gold_loss":0},{"damage_healed":0,"gold_gain":0,"player_choice":"Entered Light","damage_taken":14,"max_hp_gain":0,"max_hp_loss":0,"event_name":"Shining Light","floor":14,"gold_loss":0,"cards_upgraded":["Vigilance","Crescendo"]},{"damage_healed":0,"gold_gain":0,"player_choice":"Smashed Altar","damage_taken":0,"max_hp_gain":0,"max_hp_loss":0,"event_name":"Forgotten Altar","floor":19,"gold_loss":0,"cards_obtained":["Decay"]}],"is_beta":false,"boss_relics":[{"not_picked":["Runic Dome","Fusion Hammer"],"picked":"Empty Cage"}],"items_purged_floors":[4,13,22],"is_endless":false,"potions_floor_spawned":[1,7,8,20],"killed_by":"Book of Stabbing","ascension_level":0}}