{"host":"9czo1ewqehy3yunx","time":1613456031,"event":{"mods":["Act Like it!","BaseMod","CapriCore","Colored Powertips","DeckTracker","GifTheSpireLib","GungeonMod","Hermit","Keyboard Shortcuts","Koishi","Lobotomy","Marisa£¨Ùöéë¡¡Øª×âÞÞ£©","Minty Spire (QoL Compilation)","Permanent Neow","Quick Restart","StSLib","SuperFastMode","Td1madao Mod","The Bug Knight","The Cursed","The Hierophant","The Immortal","The Jungle","The Poker Player","The Runesmith"],"gold_per_floor":[111,129,149,166,184,184,215,215,238,238,301,57,73,73,73,194,194,209,209,136,1,25,25,38,38,38,56,56,72,72,88,88,218,218,234,253,253,253,253],"floor_reached":38,"language":"KOR","playtime":1941,"items_purged":[],"score":378,"play_id":"69062081-916d-4d53-b87c-a60c205c4202","local_time":"20210216151351","is_ascension_mode":false,"campfire_choices":[{"data":"Leg Sweep","floor":6,"key":"SMITH"},{"data":"PiercingWail","floor":8,"key":"SMITH"},{"floor":10,"key":"REST"},{"data":"Noxious Fumes","floor":15,"key":"SMITH"},{"data":"After Image","floor":23,"key":"SMITH"},{"data":"Blur","floor":25,"key":"SMITH"},{"data":"PiercingWail","floor":28,"key":"SMITH"},{"floor":30,"key":"REST"},{"floor":32,"key":"REST"}],"circlet_count":0,"master_deck":["Strike_G","Strike_G","Strike_G","Strike_G","Strike_G","Defend_G","Defend_G","Defend_G","Defend_G","Defend_G","Survivor","Neutralize","CurseOfTheBell","Leg Sweep+1","Bane+1","PiercingWail+1","Poisoned Stab+1","Noxious Fumes+1","Bane+1","After Image+1","Blur+1","Bane+1","PiercingWail+1","Catalyst+1","Catalyst","Bouncing Flask+1"],"relics":["Calling Bell","Bronze Scales","Molten Egg 2","The Specimen","Art of War","Potion Belt","DemoMod:GnawedKey","Golden Idol","SlaversCollar","theJungle:Flamango","Boot","Velvet Choker"],"acts_visited":["Exordium","Exordium","TheBeyond"],"potions_floor_usage":[7,7,7,33,33,33],"damage_taken":[{"damage":9,"enemies":"Cultist","floor":1,"turns":5},{"damage":4,"enemies":"2 Louse","floor":2,"turns":3},{"damage":9,"enemies":"Small Slimes","floor":3,"turns":4},{"damage":9,"enemies":"Exordium Wildlife","floor":4,"turns":5},{"damage":9,"enemies":"Blue Slaver","floor":5,"turns":4},{"damage":25,"enemies":"3 Sentries","floor":7,"turns":11},{"damage":6,"enemies":"Looter","floor":13,"turns":3},{"damage":18,"enemies":"Slime Boss","floor":16,"turns":12},{"damage":16,"enemies":"theJungle:MUSHROOMGANG","floor":18,"turns":6},{"damage":7,"enemies":"theJungle:GiantWrat","floor":22,"turns":6},{"damage":12,"enemies":"Snake Plant","floor":24,"turns":5},{"damage":7,"enemies":"theJungle:2_Flameangoes","floor":27,"turns":6},{"damage":9,"enemies":"theJungle:SlimyTreeVines","floor":29,"turns":6},{"damage":2,"enemies":"Snake Plant","floor":31,"turns":5},{"damage":1,"enemies":"theJungle:QueenSpyder","floor":33,"turns":10},{"damage":23,"enemies":"3 Shapes","floor":35,"turns":7},{"damage":7,"enemies":"Orb Walker","floor":36,"turns":4},{"damage":37,"enemies":"Spire Growth","floor":38,"turns":5}],"seed_played":"7945782346181927530","potions_obtained":[{"floor":1,"key":"AttackPotion"},{"floor":2,"key":"SkillPotion"},{"floor":5,"key":"EssenceOfSteel"},{"floor":16,"key":"SpeedPotion"},{"floor":22,"key":"Fire Potion"},{"floor":27,"key":"AttackPotion"},{"floor":31,"key":"LiquidMemories"}],"is_trial":false,"path_per_floor":["M","M","M","M","M","R","E","R","T","R","?","$","M","?","R","B",null,"M","?","$","?","M","R","M","R","T","M","R","M","R","M","R","B",null,"M","M","?","M"],"character_chosen":"THE_SILENT","items_purchased":["Noxious Fumes","Bane+1","DemoMod:GnawedKey","Blur"],"campfire_rested":3,"item_purchase_floors":[12,12,12,20],"current_hp_per_floor":[61,57,48,39,30,30,5,5,5,26,26,26,20,20,20,2,65,49,49,49,49,42,42,30,30,30,23,23,20,39,37,56,55,65,42,35,35,0,0],"gold":253,"neow_bonus":"BOSS_RELIC","is_daily":false,"chose_seed":false,"campfire_upgraded":6,"win_rate":0.0,"timestamp":1613456031,"path_taken":["M","M","M","M","M","R","E","R","T","R","?","$","M","?","R","BOSS","M","?","?","?","M","R","?","R","T","M","R","M","R","M","R","BOSS","M","M","?","M"],"items_purchased_type":["Card","Card","Relic","Card"],"build_version":"2020-12-22","purchased_purges":0,"victory":false,"max_hp_per_floor":[70,70,70,70,70,70,70,70,70,70,70,70,70,65,65,65,65,65,65,65,65,65,65,65,65,65,65,65,65,65,65,65,65,65,65,65,65,65,65],"card_choices":[{"not_picked":["Dodge and Roll","Flying Knee+1"],"picked":"Leg Sweep","floor":1},{"not_picked":["Reflex","Flying Knee+1"],"picked":"Terror","floor":2},{"not_picked":["Dodge and Roll","Cloak And Dagger"],"picked":"Bane+1","floor":3},{"not_picked":["Flechettes+1","Flying Knee+1","Skewer+1"],"picked":"SKIP","floor":4},{"not_picked":["Backflip","Prepared"],"picked":"PiercingWail","floor":5},{"not_picked":["Night Terror","Terror"],"picked":"Poisoned Stab+1","floor":7},{"not_picked":["Prepared","Predator+1","Endless Agony+1"],"picked":"SKIP","floor":13},{"not_picked":["Glass Knife+1","Adrenaline"],"picked":"After Image","floor":16},{"not_picked":["Deflect+1","Finisher+1","Outmaneuver+1"],"picked":"SKIP","floor":18},{"not_picked":["Skewer+1","Outmaneuver+1"],"picked":"Bane+1","floor":22},{"not_picked":["Blade Dance","Dodge and Roll","Slice+1"],"picked":"SKIP","floor":24},{"not_picked":["Masterful Stab+1","Reflex"],"picked":"PiercingWail","floor":27},{"not_picked":["Infinite Blades+1","Sucker Punch+1","Riddle With Holes+1"],"picked":"SKIP","floor":29},{"not_picked":["Choke+1","Quick Slash+1"],"picked":"Catalyst+1","floor":31},{"not_picked":["Blade Dance+1","Quick Slash+1"],"picked":"Catalyst","floor":35},{"not_picked":["Dagger Spray+1","Noxious Fumes"],"picked":"Bouncing Flask+1","floor":36}],"player_experience":239125,"relics_obtained":[{"floor":0,"key":"Bronze Scales"},{"floor":0,"key":"Molten Egg 2"},{"floor":0,"key":"The Specimen"},{"floor":7,"key":"Art of War"},{"floor":9,"key":"Potion Belt"},{"floor":26,"key":"Boot"}],"event_choices":[{"damage_healed":0,"gold_gain":63,"player_choice":"Gained Gold","damage_taken":0,"max_hp_gain":0,"max_hp_loss":0,"event_name":"Golden Wing","floor":11,"gold_loss":0},{"damage_healed":0,"gold_gain":0,"player_choice":"Lose Max HP","damage_taken":0,"relics_obtained":["Golden Idol"],"max_hp_gain":0,"max_hp_loss":5,"event_name":"Golden Idol","floor":14,"gold_loss":0},{"cards_removed":["Terror"],"damage_healed":0,"gold_gain":0,"player_choice":"Card Removal","damage_taken":0,"max_hp_gain":0,"max_hp_loss":0,"event_name":"Wheel of Change","floor":19,"gold_loss":0},{"damage_healed":0,"gold_gain":0,"player_choice":"Ignored","damage_taken":0,"max_hp_gain":0,"max_hp_loss":0,"event_name":"Tomb of Lord Red Mask","floor":37,"gold_loss":0}],"is_beta":false,"boss_relics":[{"not_picked":["Fusion Hammer","Sozu"],"picked":"SlaversCollar"},{"not_picked":["Runic Pyramid","Philosopher\u0027s Stone"],"picked":"Velvet Choker"}],"items_purged_floors":[],"is_endless":false,"potions_floor_spawned":[1,2,5,16,22,27,31],"killed_by":"Spire Growth","ascension_level":0}}