{"host":"chv1qanoipyt46jc","time":1613443454,"event":{"mods":["2.2 Compatiblity","AchievementEnabler","BaseMod","BetterRewards","CapriCore","Card Filter","Evolution","Gold Saver","Grow up Mod","Marisa????????","Minty Spire (QoL Compilation)","Rare Cards Sparkle","Relic Filter","Remove Card Discount Mod","Reorder Act Four","StSLib"],"gold_per_floor":[1071,1071,1082,1097,1097,1097,1047,1047,1047,1061,1084,1084,1100,1115,1115,1238,1238,1259,1283,1298,1318,1336,1372,1372,1372,1372,1372,1372,1403,1426,1442,1442,1566,1629,1645,1661,1684,1684,1703,1703,1717,1760,1786,1782,1795,1811,1836,1879,1879,1879,1879,1879,1879,1914,1914],"floor_reached":56,"language":"ENG","playtime":1564,"items_purged":["AsteroidBelt","AsteroidBelt","AsteroidBelt","AsteroidBelt","MasterSpark","UpSweep","6A","6A","Wraith","6A+1"],"score":1722,"play_id":"ad4aa8ca-c600-44cc-a78d-0a543f4314c5","local_time":"20210215204414","is_ascension_mode":false,"campfire_choices":[{"data":"PowerUp","floor":6.0,"key":"SMITH"},{"data":"NonDirectionalLaser","floor":12.0,"key":"SMITH"},{"data":"6A","floor":15.0,"key":"SMITH"},{"data":"6A","floor":24.0,"key":"SMITH"},{"floor":32.0,"key":"RECALL"},{"floor":40,"key":"REST"},{"floor":49,"key":"REST"},{"floor":53,"key":"REST"}],"circlet_count":0,"master_deck":["6A+1","PowerUp+1","PowerUp+1","NonDirectionalLaser+1","PowerUp+1"],"relics":["MiniHakkero","EVO:Axolotl","Medical Kit","BreadOfAWashokuLover","Singing Bowl","DollysMirror","Orrery","Golden Idol","SlaversCollar","Toxic Egg 2","The Courier","MutagenicStrength","Bronze Scales","Akabeko","Tiny House","Potion Belt","Dream Catcher","PreservedInsect","Shuriken"],"acts_visited":["Exordium","TheCity","TheBeyond","TheEnding"],"potions_floor_usage":[39,42,55,55,55],"damage_taken":[{"damage":0.0,"enemies":"Small Slimes","floor":1.0,"turns":2.0},{"damage":0.0,"enemies":"2 Louse","floor":3.0,"turns":1.0},{"damage":0.0,"enemies":"Jaw Worm","floor":4.0,"turns":2.0},{"damage":0.0,"enemies":"Exordium Wildlife","floor":10.0,"turns":1.0},{"damage":0.0,"enemies":"Looter","floor":11.0,"turns":1.0},{"damage":0.0,"enemies":"Blue Slaver","floor":13.0,"turns":1.0},{"damage":0.0,"enemies":"Exordium Wildlife","floor":14.0,"turns":2.0},{"damage":55.0,"enemies":"Hexaghost","floor":16.0,"turns":4.0},{"damage":0.0,"enemies":"Spheric Guardian","floor":18.0,"turns":2.0},{"damage":0.0,"enemies":"3 Byrds","floor":19.0,"turns":2.0},{"damage":1.0,"enemies":"Sentry and Sphere","floor":20.0,"turns":3.0},{"damage":9.0,"enemies":"Snake Plant","floor":21.0,"turns":2.0},{"damage":0.0,"enemies":"Cultist and Chosen","floor":22.0,"turns":3.0},{"damage":0.0,"enemies":"Gremlin Leader","floor":23.0,"turns":3.0},{"damage":0.0,"enemies":"Book of Stabbing","floor":29.0,"turns":3.0},{"damage":0.0,"enemies":"Shelled Parasite and Fungi","floor":31.0,"turns":2.0},{"damage":0.0,"enemies":"Automaton","floor":33.0,"turns":4.0},{"damage":0.0,"enemies":"3 Shapes","floor":35.0,"turns":2.0},{"damage":0.0,"enemies":"3 Darklings","floor":36.0,"turns":2.0},{"damage":0.0,"enemies":"4 Shapes","floor":37.0,"turns":2.0},{"damage":222,"enemies":"Maw","floor":39,"turns":12},{"damage":21,"enemies":"3 Darklings","floor":41,"turns":4},{"damage":19,"enemies":"Nemesis","floor":42,"turns":5},{"damage":0,"enemies":"Spire Growth","floor":45,"turns":2},{"damage":20,"enemies":"Writhing Mass","floor":46,"turns":2},{"damage":0,"enemies":"Jaw Worm Horde","floor":47,"turns":2},{"damage":0,"enemies":"Reptomancer","floor":48,"turns":3},{"damage":1,"enemies":"Awakened One","floor":50,"turns":6},{"damage":39,"enemies":"Shield and Spear","floor":54,"turns":4},{"damage":84,"enemies":"The Heart","floor":55,"turns":6}],"seed_played":"6542460784381548180","potions_obtained":[{"floor":4.0,"key":"Energy Potion"},{"floor":13.0,"key":"SkillPotion"},{"floor":14.0,"key":"SteroidPotion"},{"floor":16.0,"key":"LiquidBronze"},{"floor":18.0,"key":"Strength Potion"},{"floor":47,"key":"Fire Potion"},{"floor":48,"key":"Fire Potion"},{"floor":54,"key":"CultistPotion"}],"is_trial":false,"path_per_floor":["M","$","M","M","?","R","?","?","T","M","M","R","M","M","R","B",null,"M","M","M","M","M","E","R","?","T","?","$","E","T","M","R","B",null,"M","M","M","?","M","R","M","E","T","$","M","M","M","E","R","B",null,"$","R","E","B",null],"character_chosen":"MARISA","items_purchased":["Medical Kit","BreadOfAWashokuLover","Singing Bowl","PowerUp","DollysMirror","Orrery"],"campfire_rested":3,"item_purchase_floors":[0,0,0,0,0,0],"current_hp_per_floor":[57,67,79,91,101,111,121,131,141,153,165,175,187,199,209,166,279,291,303,314,317,329,341,351,361,371,381,391,403,413,425,435,447,474,486,498,510,520,311,480,471,463,473,483,495,487,499,511,644,653,664,674,686,661,592],"gold":1914,"neow_bonus":"","is_daily":false,"chose_seed":false,"campfire_upgraded":4,"win_rate":0.0,"timestamp":1613443454,"path_taken":["M","$","M","M","?","R","?","?","T","M","M","R","?","M","R","BOSS","M","M","M","M","M","E","R","?","T","?","?","E","?","M","R","BOSS","M","M","M","?","M","R","M","E","T","$","M","M","M","E","R","BOSS","$","R","E","BOSS"],"items_purchased_type":["Relic","Relic","Relic","Card","Relic","Relic"],"build_version":"2020-12-22","purchased_purges":10,"victory":true,"max_hp_per_floor":[105,115,127,139,149,159,169,179,189,201,213,223,235,247,257,269,279,291,303,315,327,339,351,361,371,381,391,401,413,423,435,445,457,474,486,498,510,520,532,542,554,564,574,584,596,608,620,632,644,654,664,674,686,698,708],"card_choices":[{"not_picked":["GalacticHalo","SporeBomb","UnstableBomb"],"picked":"Singing Bowl","floor":0.0},{"not_picked":["MilkyWay","GalacticHalo","EnergyRecoil"],"picked":"Singing Bowl","floor":0.0},{"not_picked":["AlicesGift","WitchLeyline","MaximisePower"],"picked":"Singing Bowl","floor":0.0},{"not_picked":["EnergyFlow","WitchOfGreed"],"picked":"NonDirectionalLaser","floor":0.0},{"not_picked":["SporeBomb","StarBarrage","OrrerysSun"],"picked":"Singing Bowl","floor":0.0},{"not_picked":["OrrerysSun","WitchLeyline","PowerUp"],"picked":"Singing Bowl","floor":1.0},{"not_picked":["ChargingUp","Robbery","AsteroidBelt"],"picked":"Singing Bowl","floor":3.0},{"not_picked":["StarBarrage","StarDustReverie","WitchOfGreed"],"picked":"Singing Bowl","floor":4.0},{"not_picked":["SporeBomb","MagicChant","OortCloud"],"picked":"Singing Bowl","floor":10.0},{"not_picked":["WitchLeyline","EnergyRecoil","GravityBeat"],"picked":"Singing Bowl","floor":11.0},{"not_picked":["ShootingEcho","Acceleration","IllusionStar"],"picked":"Singing Bowl","floor":13.0},{"not_picked":["EscapeVelocity","WitchOfGreed","SporeBomb"],"picked":"Singing Bowl","floor":14.0},{"not_picked":["MillisecondPulsars","SuperNova","SatelliteIllusion"],"picked":"Singing Bowl","floor":16.0},{"not_picked":["SporeBomb","WitchOfGreed+1","DarkMatter"],"picked":"Singing Bowl","floor":18.0},{"not_picked":["NonDirectionalLaser+1","OrrerysSun+1","DoubleSpark"],"picked":"Singing Bowl","floor":19.0},{"not_picked":["PulseMagic","DeepEcoloBomb","PropBag+1"],"picked":"Singing Bowl","floor":20.0},{"not_picked":["ChargingUp+1","SporeBomb","AsteroidBelt"],"picked":"Singing Bowl","floor":21.0},{"not_picked":["EnergyRecoil","SuperPerseids","Orbital"],"picked":"Singing Bowl","floor":22.0},{"not_picked":["PowerUp+1","AsteroidBelt+1","WitchOfGreed"],"picked":"Singing Bowl","floor":23.0},{"not_picked":["LuminesStrike","GalacticHalo+1","AlicesGift+1"],"picked":"Singing Bowl","floor":29.0},{"not_picked":["6A","MysteriousBeam","AbsoluteMagnitude"],"picked":"Singing Bowl","floor":31.0},{"not_picked":["TreasureHunter","EscapeVelocity","UltimateShortwave+1"],"picked":"Singing Bowl","floor":33.0},{"not_picked":["SuperPerseids+1","OneTimeOff+1","BlazeAway+1"],"picked":"Singing Bowl","floor":34.0},{"not_picked":["MeteoricShower+1","MachineGunSpark","MysteriousBeam+1"],"picked":"Singing Bowl","floor":35.0},{"not_picked":["GravityBeat+1","UnstableBomb+1","6A+1"],"picked":"Singing Bowl","floor":36.0},{"not_picked":["OneTimeOff+1","DC+1","DarkSpark+1"],"picked":"Singing Bowl","floor":37.0},{"not_picked":["DC","StarlightTyphoon+1","NonDirectionalLaser+1"],"picked":"Singing Bowl","floor":39},{"not_picked":["NonDirectionalLaser","WitchOfGreed+1","GrandCross"],"picked":"Singing Bowl","floor":41},{"not_picked":["Acceleration+1","ShootingEcho+1"],"picked":"PowerUp+1","floor":42},{"not_picked":["GalacticHalo+1","ChargingUp+1","Acceleration+1"],"picked":"Singing Bowl","floor":45},{"not_picked":["SporeBomb+1","UnstableBomb","DC"],"picked":"Singing Bowl","floor":46},{"not_picked":["GrandCross+1","NonDirectionalLaser+1","DC+1"],"picked":"Singing Bowl","floor":47},{"not_picked":["EarthLightRay+1","EventHorizon+1","UnstableBomb"],"picked":"Singing Bowl","floor":48},{"not_picked":["FinalSpark","EnergyFlow+1","UnstableBomb+1"],"picked":"Singing Bowl","floor":49},{"not_picked":["DC","GalacticHalo+1","IllusionStar+1"],"picked":"Singing Bowl","floor":53},{"not_picked":["GrandCross","UnstableBomb","Occultation+1"],"picked":"Singing Bowl","floor":54}],"player_experience":346071,"relics_obtained":[{"floor":23.0,"key":"Toxic Egg 2"},{"floor":26.0,"key":"The Courier"},{"floor":29.0,"key":"Bronze Scales"},{"floor":30.0,"key":"Akabeko"},{"floor":42,"key":"Potion Belt"},{"floor":43,"key":"Dream Catcher"},{"floor":48,"key":"PreservedInsect"},{"floor":54,"key":"Shuriken"}],"event_choices":[{"damage_healed":0.0,"max_hp_gain":0.0,"max_hp_loss":0.0,"gold_gain":0.0,"event_name":"Golden Idol","player_choice":"Take Wound","floor":5.0,"gold_loss":0.0,"damage_taken":0.0,"relics_obtained":["Golden Idol"],"cards_obtained":["Injury"]},{"cards_removed":["Injury"],"damage_healed":0.0,"max_hp_gain":0.0,"max_hp_loss":0.0,"gold_gain":0.0,"event_name":"The Cleric","player_choice":"Card Removal","floor":7.0,"gold_loss":50.0,"damage_taken":0.0},{"damage_healed":0.0,"max_hp_gain":0.0,"max_hp_loss":0.0,"gold_gain":0.0,"event_name":"Living Wall","player_choice":"Grow","floor":8.0,"gold_loss":0.0,"damage_taken":0.0,"cards_upgraded":["PowerUp"]},{"damage_healed":0.0,"max_hp_gain":0.0,"max_hp_loss":0.0,"gold_gain":0.0,"event_name":"Vampires","player_choice":"Ignored","floor":25.0,"gold_loss":0.0,"damage_taken":0.0},{"damage_healed":0.0,"max_hp_gain":0.0,"max_hp_loss":0.0,"gold_gain":0.0,"event_name":"Drug Dealer","player_choice":"Inject Mutagens","floor":27.0,"gold_loss":0.0,"damage_taken":0.0,"relics_obtained":["MutagenicStrength"]},{"damage_healed":0.0,"max_hp_gain":0.0,"max_hp_loss":0.0,"gold_gain":0.0,"event_name":"OrinTheCat","player_choice":"Ignored","floor":38.0,"gold_loss":0.0,"damage_taken":0.0}],"is_beta":false,"boss_relics":[{"not_picked":["ExperimentalFamiliar","Busted Crown"],"picked":"SlaversCollar"},{"not_picked":["Astrolabe","Pandora\u0027s Box"],"picked":"Tiny House"}],"items_purged_floors":[0,0,0,0,0,0,0,0,44,44],"is_endless":false,"potions_floor_spawned":[4,13,14,16,18,20,21,36,47,48,54],"ascension_level":0}}