{"host":"d2gh6suihlstufn7","time":1613467874,"event":{"mods":["AchievementEnabler","BaseMod","Colored Map","Colored Powertips","Minty Spire (QoL Compilation)","Permanent Neow","Quick Restart"],"gold_per_floor":[118,193,193,158,170,195,195,209,209,46,61,61,81,92,92,196,196,211,211,211,222,222,222,222,222],"floor_reached":24,"language":"KOR","playtime":855,"items_purged":[],"score":196,"play_id":"7178440c-956e-42e2-a1bb-0f9e8cf92242","local_time":"20210216183114","is_ascension_mode":false,"campfire_choices":[{"floor":7,"key":"RECALL"},{"data":"Fiend Fire","floor":12,"key":"SMITH"},{"data":"Power Through","floor":15,"key":"SMITH"},{"floor":23,"key":"REST"}],"circlet_count":0,"master_deck":["Strike_R","Strike_R","Strike_R","Strike_R","Strike_R","Defend_R","Defend_R","Defend_R","Defend_R","Bash+1","Wild Strike","Power Through+1","Perfected Strike","Fiend Fire+1","Perfected Strike","Feed","Pommel Strike","Writhe"],"relics":["Mark of Pain","White Beast Statue","Cursed Key","Enchiridion","Self Forming Clay"],"acts_visited":["Exordium","TheCity"],"potions_floor_usage":[16,16],"damage_taken":[{"damage":2,"enemies":"2 Louse","floor":1,"turns":3},{"damage":2,"enemies":"Small Slimes","floor":5,"turns":3},{"damage":21,"enemies":"Lagavulin","floor":6,"turns":5},{"damage":1,"enemies":"Jaw Worm","floor":8,"turns":3},{"damage":0,"enemies":"3 Louse","floor":11,"turns":2},{"damage":0,"enemies":"Large Slime","floor":13,"turns":2},{"damage":0,"enemies":"2 Fungi Beasts","floor":14,"turns":2},{"damage":12,"enemies":"Slime Boss","floor":16,"turns":9},{"damage":10,"enemies":"Spheric Guardian","floor":18,"turns":4},{"damage":22,"enemies":"Shell Parasite","floor":21,"turns":4},{"damage":21,"enemies":"Gremlin Leader","floor":24,"turns":6}],"seed_played":"-2920343802150780881","potions_obtained":[{"floor":1,"key":"ColorlessPotion"},{"floor":8,"key":"Energy Potion"},{"floor":11,"key":"HeartOfIron"},{"floor":14,"key":"Fire Potion"},{"floor":16,"key":"EssenceOfSteel"},{"floor":18,"key":"SneckoOil"},{"floor":21,"key":"Explosive Potion"}],"is_trial":false,"path_per_floor":["M","?","?","?","M","E","R","M","T","$","M","R","M","M","R","B",null,"M","?","?","M","?","R","E"],"character_chosen":"IRONCLAD","items_purchased":["Fiend Fire"],"campfire_rested":1,"item_purchase_floors":[10],"current_hp_per_floor":[78,67,67,80,78,57,57,56,56,56,56,56,56,56,56,44,80,70,54,54,32,32,56,35,35],"gold":222,"neow_bonus":"BOSS_RELIC","is_daily":false,"chose_seed":false,"campfire_upgraded":2,"win_rate":0.0,"timestamp":1613467874,"path_taken":["M","?","?","?","?","E","R","M","T","$","M","R","M","M","R","BOSS","M","?","?","M","?","R","E"],"items_purchased_type":["Card"],"build_version":"2020-12-22","purchased_purges":0,"victory":false,"max_hp_per_floor":[80,80,80,80,80,80,80,80,80,80,80,80,80,80,80,80,80,80,80,80,80,80,80,80,80],"card_choices":[{"not_picked":["Pummel","Thunderclap","Twin Strike"],"picked":"SKIP","floor":1},{"not_picked":["Clothesline","Sever Soul"],"picked":"Wild Strike","floor":5},{"not_picked":["Wild Strike","Thunderclap"],"picked":"Power Through","floor":6},{"not_picked":["Body Slam","Hemokinesis"],"picked":"Perfected Strike","floor":8},{"not_picked":["Dropkick","Iron Wave","Exhume"],"picked":"SKIP","floor":11},{"not_picked":["Hemokinesis","Blood for Blood","Iron Wave"],"picked":"SKIP","floor":13},{"not_picked":["Iron Wave","Dropkick"],"picked":"Perfected Strike","floor":14},{"not_picked":["Demon Form","Offering"],"picked":"Feed","floor":16},{"not_picked":["Blood for Blood","Seeing Red","Reckless Charge"],"picked":"SKIP","floor":18},{"not_picked":["Headbutt","Warcry+1"],"picked":"Pommel Strike","floor":21}],"player_experience":212467,"relics_obtained":[{"floor":6,"key":"White Beast Statue"},{"floor":19,"key":"Enchiridion"}],"event_choices":[{"damage_healed":0,"gold_gain":75,"player_choice":"Gather Gold","damage_taken":11,"max_hp_gain":0,"max_hp_loss":0,"event_name":"World of Goop","floor":2,"gold_loss":0},{"damage_healed":0,"gold_gain":0,"player_choice":"Grow","damage_taken":0,"max_hp_gain":0,"max_hp_loss":0,"event_name":"Living Wall","floor":3,"gold_loss":0,"cards_upgraded":["Bash"]},{"damage_healed":20,"gold_gain":0,"player_choice":"Healed","damage_taken":0,"max_hp_gain":0,"max_hp_loss":0,"event_name":"The Cleric","floor":4,"gold_loss":35},{"damage_healed":0,"gold_gain":0,"player_choice":"Obtained Book","damage_taken":16,"max_hp_gain":0,"max_hp_loss":0,"event_name":"Cursed Tome","floor":19,"gold_loss":0},{"damage_healed":0,"gold_gain":0,"player_choice":"Ignored","damage_taken":0,"max_hp_gain":0,"max_hp_loss":0,"event_name":"Vampires","floor":20,"gold_loss":0},{"damage_healed":0,"gold_gain":0,"player_choice":"Opened","damage_taken":0,"relics_obtained":["Self Forming Clay"],"max_hp_gain":0,"max_hp_loss":0,"event_name":"The Mausoleum","floor":22,"gold_loss":0,"cards_obtained":["Writhe"]}],"is_beta":false,"boss_relics":[{"not_picked":["Runic Cube","Snecko Eye"],"picked":"Cursed Key"}],"items_purged_floors":[],"is_endless":false,"potions_floor_spawned":[1,8,11,13,14,16,18,21],"killed_by":"Gremlin Leader","ascension_level":0}}