{"host":"r3islh0l1a1ykxfu","time":1613483924,"event":{"mods":["BaseMod","Bestiary","Colored Map","Colored Powertips","Highlight Path","Minty Spire (QoL Compilation)","Relic Stats","Slay-I"],"gold_per_floor":[115,129,143,68,81,81,109,124,124,124,124,139,139,153,153,250,250,264,264,92,191,206,239,239,257,257,257,267,283,283,310,310,413,413,433,433,433,452,472,472,122,122,122,151,163,176,86,86,86,86,86],"floor_reached":50,"language":"ENG","playtime":4782,"items_purged":["Pain","Strike_B","Defend_B"],"score":620,"play_id":"877d3ce8-9485-4073-aaaf-390326412039","local_time":"20210216075844","is_ascension_mode":true,"campfire_choices":[{"floor":6.0,"key":"REST"},{"floor":10.0,"key":"REST"},{"floor":15.0,"key":"REST"},{"data":"Creative AI","floor":24.0,"key":"SMITH"},{"floor":27.0,"key":"REST"},{"data":"Buffer","floor":30.0,"key":"SMITH"},{"data":"Streamline","floor":32.0,"key":"SMITH"},{"floor":40.0,"key":"REST"},{"data":"Defragment","floor":42.0,"key":"SMITH"},{"floor":49,"key":"REST"}],"circlet_count":0,"master_deck":["Strike_B","Strike_B","Defend_B","Zap","Dualcast","Creative AI+1","Beam Cell","Storm","Cold Snap","Redo","Self Repair","Cold Snap","Force Field","Loop","Buffer+1","CurseOfTheBell","Streamline+1","Loop+1","Ball Lightning+1","Heatsinks","Static Discharge+1","BootSequence","Biased Cognition","Self Repair+1","Defragment+1","Defragment","Force Field","Conserve Battery","Good Instincts","Multi-Cast"],"relics":["Cracked Core","Happy Flower","Regal Pillow","Calling Bell","Omamori","HornCleat","Thread and Needle","Bronze Scales","Nunchaku","Matryoshka","Nuclear Battery","Bag of Marbles","Smiling Mask","Ancient Tea Set","Juzu Bracelet"],"acts_visited":["Exordium","TheCity","TheBeyond"],"potions_floor_usage":[],"damage_taken":[{"damage":5.0,"enemies":"Cultist","floor":1.0,"turns":3.0},{"damage":13.0,"enemies":"Jaw Worm","floor":2.0,"turns":3.0},{"damage":23.0,"enemies":"2 Louse","floor":3.0,"turns":3.0},{"damage":0.0,"enemies":"Exordium Thugs","floor":5.0,"turns":4.0},{"damage":35.0,"enemies":"Lagavulin","floor":7.0,"turns":6.0},{"damage":18.0,"enemies":"Looter","floor":8.0,"turns":3.0},{"damage":17.0,"enemies":"3 Louse","floor":12.0,"turns":3.0},{"damage":11.0,"enemies":"Red Slaver","floor":14.0,"turns":4.0},{"damage":46.0,"enemies":"The Guardian","floor":16.0,"turns":8.0},{"damage":9.0,"enemies":"3 Byrds","floor":18.0,"turns":7.0},{"damage":7.0,"enemies":"Shell Parasite","floor":22.0,"turns":5.0},{"damage":15.0,"enemies":"Gremlin Leader","floor":23.0,"turns":10.0},{"damage":34.0,"enemies":"Shelled Parasite and Fungi","floor":25.0,"turns":4.0},{"damage":13.0,"enemies":"Sentry and Sphere","floor":28.0,"turns":4.0},{"damage":0.0,"enemies":"Snecko","floor":29.0,"turns":4.0},{"damage":0.0,"enemies":"Book of Stabbing","floor":31.0,"turns":5.0},{"damage":37.0,"enemies":"Collector","floor":33.0,"turns":9.0},{"damage":10.0,"enemies":"3 Darklings","floor":35.0,"turns":5.0},{"damage":8.0,"enemies":"3 Shapes","floor":38.0,"turns":5.0},{"damage":39.0,"enemies":"Maw","floor":39.0,"turns":7.0},{"damage":0.0,"enemies":"Nemesis","floor":44.0,"turns":5.0},{"damage":36.0,"enemies":"Writhing Mass","floor":45.0,"turns":5.0},{"damage":24.0,"enemies":"Sphere and 2 Shapes","floor":46.0,"turns":3.0},{"damage":108,"enemies":"Donu and Deca","floor":50,"turns":7}],"seed_played":"399786414687141805","potions_obtained":[{"floor":1.0,"key":"Regen Potion"},{"floor":2.0,"key":"GamblersBrew"},{"floor":5.0,"key":"Block Potion"},{"floor":7.0,"key":"EntropicBrew"},{"floor":12.0,"key":"Fire Potion"},{"floor":25.0,"key":"Fire Potion"},{"floor":28.0,"key":"AttackPotion"},{"floor":38.0,"key":"FairyPotion"},{"floor":44.0,"key":"DuplicationPotion"}],"is_trial":false,"path_per_floor":["M","M","M","$","M","R","E","M","T","R","?","M","?","M","R","B",null,"M","?","$","?","M","E","R","M","T","R","M","M","R","E","R","B",null,"M","?","?","M","M","R","$","R","T","E","M","M","?","?","R","B"],"character_chosen":"DEFECT","items_purchased":["Loop","Bag of Marbles","Defragment"],"campfire_rested":6,"item_purchase_floors":[20,41,41],"current_hp_per_floor":[70,57,34,34,34,56,21,19,19,56,49,39,39,35,72,33,75,73,73,73,73,73,65,65,38,38,75,69,75,75,75,75,45,75,72,71,71,63,41,71,71,71,71,71,52,45,45,45,71,0,0],"gold":86,"neow_bonus":"THREE_RARE_CARDS","is_daily":false,"chose_seed":false,"campfire_upgraded":4,"win_rate":0.0,"timestamp":1613483924,"path_taken":["M","M","M","$","M","R","E","M","T","R","?","M","?","?","R","BOSS","M","?","$","?","M","E","R","M","T","R","M","M","R","E","R","BOSS","M","?","?","M","?","R","$","R","T","E","M","M","?","?","R","BOSS"],"items_purchased_type":["Card","Relic","Card"],"build_version":"2020-12-22","purchased_purges":3,"victory":false,"max_hp_per_floor":[75,75,75,75,75,75,75,75,75,75,75,75,75,75,75,75,75,75,75,75,75,75,75,75,75,75,75,75,75,75,75,75,75,75,75,71,71,71,71,71,71,71,71,71,71,71,71,71,71,71,71],"relic_stats":{"Regal Pillow":59,"Nunchaku":[6],"Happy Flower":[34],"counters":[24,121],"Bronze Scales":[196],"Juzu Bracelet":1,"Smiling Mask":0,"obtain_stats":[{"Regal Pillow":9,"Happy Flower":7,"Thread and Needle":17,"Omamori":17,"Juzu Bracelet":44,"Smiling Mask":43,"Ancient Tea Set":43,"Nuclear Battery":34,"Calling Bell":17,"Nunchaku":26,"HornCleat":17,"Matryoshka":31,"Bronze Scales":23,"Bag of Marbles":41,"Cracked Core":0},{"Regal Pillow":6,"Happy Flower":5,"Thread and Needle":9,"Omamori":9,"Juzu Bracelet":21,"Smiling Mask":20,"Ancient Tea Set":20,"Nuclear Battery":17,"Calling Bell":9,"Nunchaku":13,"HornCleat":9,"Matryoshka":16,"Bronze Scales":12,"Bag of Marbles":20,"Cracked Core":0},{"Regal Pillow":22,"Happy Flower":19,"Thread and Needle":37,"Omamori":37,"Juzu Bracelet":106,"Smiling Mask":101,"Ancient Tea Set":101,"Nuclear Battery":85,"Calling Bell":37,"Nunchaku":63,"HornCleat":37,"Matryoshka":76,"Bronze Scales":59,"Bag of Marbles":101,"Cracked Core":0}]},"card_choices":[{"not_picked":["Meteor Strike","Fission"],"picked":"Creative AI","floor":0.0},{"not_picked":["Turbo","Go for the Eyes"],"picked":"Beam Cell","floor":1.0},{"not_picked":["Genetic Algorithm","Scrape"],"picked":"Storm","floor":2.0},{"not_picked":["Compile Driver","Stack"],"picked":"Cold Snap","floor":3.0},{"not_picked":["Recycle","Creative AI"],"picked":"Redo","floor":5.0},{"not_picked":["Scrape","Compile Driver"],"picked":"Self Repair","floor":7.0},{"not_picked":["Rip and Tear","Gash"],"picked":"Cold Snap","floor":8.0},{"not_picked":["Sweeping Beam","Steam Power"],"picked":"Force Field","floor":12.0},{"not_picked":["Streamline","Gash"],"picked":"Loop","floor":14.0},{"not_picked":["Meteor Strike","Creative AI"],"picked":"Buffer","floor":16.0},{"not_picked":["Scrape","Compile Driver"],"picked":"Streamline","floor":18.0},{"not_picked":["Turbo+1","Undo+1"],"picked":"Ball Lightning+1","floor":22.0},{"not_picked":["Gash","Stack"],"picked":"Heatsinks","floor":23.0},{"not_picked":["Rebound","All For One"],"picked":"Static Discharge","floor":25.0},{"not_picked":["Reprogram","Genetic Algorithm+1"],"picked":"BootSequence","floor":28.0},{"not_picked":["Beam Cell","Compile Driver+1","Conserve Battery"],"picked":"SKIP","floor":29.0},{"not_picked":["Ball Lightning","Double Energy","Hyperbeam"],"picked":"SKIP","floor":31.0},{"not_picked":["Seek","Creative AI"],"picked":"Biased Cognition","floor":33.0},{"not_picked":["Stack","Compile Driver+1","Steam"],"picked":"SKIP","floor":35.0},{"not_picked":["Streamline","Turbo"],"picked":"Self Repair+1","floor":38.0},{"not_picked":["Cold Snap","Coolheaded"],"picked":"Defragment","floor":39.0},{"not_picked":["Steam Power+1","Redo+1"],"picked":"Force Field","floor":44.0},{"not_picked":["Fusion+1","Steam+1"],"picked":"Conserve Battery","floor":45.0},{"not_picked":["Steam Power+1","Coolheaded","Rebound"],"picked":"SKIP","floor":46.0}],"player_experience":1264916,"relics_obtained":[{"floor":7.0,"key":"Happy Flower"},{"floor":9.0,"key":"Regal Pillow"},{"floor":17.0,"key":"Omamori"},{"floor":17.0,"key":"HornCleat"},{"floor":17.0,"key":"Thread and Needle"},{"floor":23.0,"key":"Bronze Scales"},{"floor":26.0,"key":"Nunchaku"},{"floor":31.0,"key":"Matryoshka"},{"floor":43.0,"key":"Smiling Mask"},{"floor":43.0,"key":"Ancient Tea Set"},{"floor":44.0,"key":"Juzu Bracelet"}],"event_choices":[{"cards_removed":["Strike_B"],"damage_healed":0.0,"max_hp_gain":0.0,"max_hp_loss":0.0,"gold_gain":0.0,"event_name":"Golden Wing","player_choice":"Card Removal","floor":11.0,"gold_loss":0.0,"damage_taken":7.0},{"damage_healed":0.0,"max_hp_gain":0.0,"max_hp_loss":0.0,"gold_gain":0.0,"cards_transformed":["Defend_B"],"event_name":"Transmorgrifier","player_choice":"Transformed","floor":13.0,"gold_loss":0.0,"damage_taken":0.0,"cards_obtained":["Fission"]},{"cards_removed":["Fission"],"damage_healed":0.0,"max_hp_gain":0.0,"max_hp_loss":0.0,"gold_gain":0.0,"event_name":"Purifier","player_choice":"Purged","floor":19.0,"gold_loss":0.0,"damage_taken":0.0},{"damage_healed":0.0,"max_hp_gain":0.0,"max_hp_loss":0.0,"gold_gain":99.0,"event_name":"Nest","player_choice":"Stole From Cult","floor":21.0,"gold_loss":0.0,"damage_taken":0.0},{"damage_healed":0.0,"max_hp_gain":0.0,"max_hp_loss":4.0,"gold_gain":0.0,"event_name":"Winding Halls","player_choice":"Max HP","floor":36.0,"gold_loss":0.0,"damage_taken":0.0},{"damage_healed":0.0,"max_hp_gain":0.0,"max_hp_loss":0.0,"gold_gain":0.0,"event_name":"Accursed Blacksmith","player_choice":"Forge","floor":37.0,"gold_loss":0.0,"damage_taken":0.0,"cards_upgraded":["Static Discharge"]},{"cards_removed":["Defend_B"],"damage_healed":0.0,"max_hp_gain":0.0,"max_hp_loss":0.0,"gold_gain":0.0,"event_name":"Designer","player_choice":"Upgrade and Remove","floor":47.0,"gold_loss":90.0,"damage_taken":0.0,"cards_upgraded":["Loop"]},{"damage_healed":0,"gold_gain":0,"player_choice":"2 cards matched","damage_taken":0,"max_hp_gain":0,"max_hp_loss":0,"event_name":"Match and Keep!","floor":48,"gold_loss":0,"cards_obtained":["Good Instincts","Multi-Cast"]}],"is_beta":false,"boss_relics":[{"not_picked":["Inserter","Black Star"],"picked":"Calling Bell"},{"not_picked":["Philosopher\u0027s Stone","Fusion Hammer"],"picked":"Nuclear Battery"}],"items_purged_floors":[4,20,41],"is_endless":false,"potions_floor_spawned":[1,2,5,7,12,25,28,31,38,39,44],"killed_by":"Donu and Deca","ascension_level":2}}