{"host":"a70birb7gb03c330","time":1613442292,"event":{"mods":["Act Like it!","BaseMod","Better Vampires","Disable Question Mark Monsters","Downfall","Minty Spire (QoL Compilation)","Permanent Neow","StSLib"],"gold_per_floor":[99,118,134,134,149,176,176,191,191,202,502,137,212,230,250,250,250,250],"floor_reached":16,"language":"ENG","playtime":843,"items_purged":["Pain"],"score":109,"play_id":"10cba75c-b4b4-4fc4-941e-c849fd221e68","local_time":"20210215182452","is_ascension_mode":true,"campfire_choices":[{"data":"Guardian:Suspension","floor":1,"key":"SMITH"},{"floor":9,"key":"REST"}],"circlet_count":0,"master_deck":["Guardian:Strike_Guardian","Guardian:Strike_Guardian","Guardian:Strike_Guardian","Guardian:Strike_Guardian","Guardian:Defend_Guardian","Guardian:Defend_Guardian","Guardian:Defend_Guardian","Guardian:Defend_Guardian","Guardian:CurlUp","Guardian:TwinSlam","Guardian:Suspension+1","Guardian:Emergency","Guardian:Recover","Guardian:FierceBash","downfall:Icky","downfall:Icky","Guardian:Suspension","Guardian:PiercingHide","Guardian:GatlingBeam","Guardian:Reroute"],"relics":["Guardian:ModeShifter","WarpedTongs","Bag of Marbles","Bottled Lightning","Anchor"],"acts_visited":["Exordium"],"potions_floor_usage":[6,12,14,16],"damage_taken":[{"damage":3,"enemies":"Jaw Worm","floor":2,"turns":4},{"damage":10,"enemies":"Cultist","floor":3,"turns":4},{"damage":8,"enemies":"Small Slimes","floor":5,"turns":4},{"damage":32,"enemies":"3 Sentries","floor":6,"turns":8},{"damage":16,"enemies":"Red Slaver","floor":8,"turns":2},{"damage":9,"enemies":"3 Louse","floor":10,"turns":4},{"damage":2,"enemies":"downfall:FleeingMerchant","floor":12,"turns":4},{"damage":10,"enemies":"Exordium Thugs","floor":14,"turns":3},{"damage":0,"enemies":"Large Slime","floor":15,"turns":5},{"damage":15,"enemies":"IC_STATUS_ARCHETYPE","floor":16,"turns":8}],"seed_played":"-4451260319690075327","potions_obtained":[{"floor":2,"key":"Slimebound:ThreeZeroPotion"},{"floor":6,"key":"LiquidMemories"},{"floor":8,"key":"sneckomod:MuddlingPotion"},{"floor":14,"key":"Swift Potion"}],"is_trial":false,"path_per_floor":["R","M","M","?","M","E","T","M","R","M","?","$","?","M","M","B"],"character_chosen":"GUARDIAN","items_purchased":["Anchor","Guardian:PiercingHide","Guardian:GatlingBeam"],"campfire_rested":1,"item_purchase_floors":[12,12,12],"current_hp_per_floor":[80,77,67,67,59,27,27,11,35,26,26,24,24,14,14,0,0,0],"gold":250,"neow_bonus":"THREE_CARDS","is_daily":false,"chose_seed":false,"campfire_upgraded":1,"win_rate":0.0,"timestamp":1613442292,"path_taken":["R","M","M","?","M","E","T","M","R","?","?","$","?","?","M","BOSS"],"items_purchased_type":["Relic","Card","Card"],"build_version":"2020-12-22","purchased_purges":1,"victory":false,"max_hp_per_floor":[80,80,80,80,80,80,80,80,80,80,80,80,80,80,80,80,80,80],"card_choices":[{"not_picked":["Guardian:TemporalStrike","Guardian:WalkerClaw"],"picked":"Guardian:Suspension","floor":0},{"not_picked":["Guardian:Gem_Blue","Guardian:Recover"],"picked":"Guardian:Emergency","floor":2},{"not_picked":["Guardian:Suspension","Guardian:Gem_Lightblue"],"picked":"Guardian:Gem_Yellow","floor":3},{"not_picked":["Guardian:Gem_Blue","Guardian:Gem_Cyan"],"picked":"Guardian:Recover","floor":5},{"not_picked":["Guardian:Gem_Cyan","Guardian:PrimingBeam"],"picked":"Guardian:FierceBash","floor":6},{"not_picked":["Guardian:WalkerClaw","Guardian:Harden","Guardian:VentSteam"],"picked":"SKIP","floor":8},{"not_picked":["Guardian:PrimingBeam","Guardian:Incinerate","Guardian:FloatingOrbs"],"picked":"SKIP","floor":10},{"not_picked":["Guardian:Gem_Red","Guardian:MultiBeam"],"picked":"Guardian:Suspension","floor":12},{"not_picked":["Guardian:FloatingOrbs","Guardian:SentryBeam","Guardian:Planning"],"picked":"SKIP","floor":14},{"not_picked":["Guardian:CrystalBeam","Guardian:SphericShield"],"picked":"Guardian:Reroute","floor":15}],"player_experience":60800,"relics_obtained":[{"floor":6,"key":"Bag of Marbles"},{"floor":7,"key":"Bottled Lightning"}],"event_choices":[],"is_beta":false,"boss_relics":[],"items_purged_floors":[12],"is_endless":false,"potions_floor_spawned":[2,6,8,14],"killed_by":"IC_STATUS_ARCHETYPE","ascension_level":1}}