{"host":"6ald28spt7qylf4j","time":1613461825,"event":{"mods":["BaseMod","Downfall","Duelist Mod","GifTheSpireLib","Marisa£®ÏF”Í°°ƒß¿Ì…≥£©","Minty Spire (QoL Compilation)","Quick Restart","Rare Cards Sparkle","Reimu£®≤©¿ˆ¡È√Œ£©","Replay The Spire","StSLib","The Servant 0.9.4"],"gold_per_floor":[114,114,114,114,114,39,54,54,64,82,107,119,150,195,263,302,314,440,452,475,524,20,40,53,100,100,200,223,223,223,252,45,84,84,84,84],"floor_reached":35,"language":"ZHS","playtime":1838,"items_purged":["Regret"],"score":454,"play_id":"1096bca2-9c2b-49e0-91ec-c16183981fc7","local_time":"20210216155025","is_ascension_mode":false,"campfire_choices":[{"data":"6A","floor":8,"key":"SMITH"},{"data":"MasterSpark","floor":12,"key":"SMITH"},{"floor":17,"key":"REST"},{"floor":26,"key":"REST"},{"floor":34,"key":"REST"}],"circlet_count":0,"master_deck":["Strike_MRS","Strike_MRS","Strike_MRS","Strike_MRS","Defend_MRS","Defend_MRS","Defend_MRS","Defend_MRS","MasterSpark+1","UpSweep","6A+1","Pain","SporeBomb","GravityBeat","PowerUp","MysteriousBeam","WitchOfGreed","NonDirectionalLaser+1","UnstableBomb+1","IllusionStar","BinaryStars","Acceleration","AsteroidBelt","Mayhem","Jack Of All Trades","ChargeUpSpray+1","FairyDestructionRay+1","DeepEcoloBomb+1","downfall:Haunted","Spreading Infection","AbsoluteMagnitude+1","Clumsy","theDuelist:CursedBill","CommonCold","IllusionStar+1"],"relics":["BewitchedHakkero","NeowsBlessing","ReplayTheSpireMod:TigerMarble","WarpedTongs","MawBank","PureWhite:ReiMu","Molten Egg 2","Golden Egg","Toy Ornithopter","Darkstone Periapt","ReplayTheSpireMod:Lightbulb","Simple Rune","Potion Belt"],"acts_visited":["Exordium","TheCity"],"potions_floor_usage":[14,18,20,24,25,33,33,35,35],"damage_taken":[{"damage":0,"enemies":"2 Louse","floor":1,"turns":1},{"damage":4,"enemies":"Small Slimes","floor":7,"turns":2},{"damage":0,"enemies":"Cultist","floor":9,"turns":1},{"damage":3,"enemies":"Blue Slaver","floor":10,"turns":3},{"damage":8,"enemies":"3 Louse","floor":13,"turns":4},{"damage":17,"enemies":"3 Sentries","floor":14,"turns":6},{"damage":24,"enemies":"Gremlin Gang","floor":16,"turns":3},{"damage":45,"enemies":"Fading Forest","floor":18,"turns":11},{"damage":5,"enemies":"2 Thieves","floor":20,"turns":4},{"damage":12,"enemies":"Chosen","floor":21,"turns":3},{"damage":0,"enemies":"3 Cultists","floor":23,"turns":2},{"damage":14,"enemies":"Snake Plant","floor":24,"turns":2},{"damage":32,"enemies":"Gremlin Leader","floor":25,"turns":6},{"damage":35,"enemies":"Sentry and Sphere","floor":31,"turns":4},{"damage":34,"enemies":"Centurion and Healer","floor":33,"turns":6},{"damage":66,"enemies":"Automaton","floor":35,"turns":6}],"seed_played":"-2562673382440179498","potions_obtained":[{"floor":7,"key":"AttackPotion"},{"floor":9,"key":"Death Potion"},{"floor":13,"key":"Dexterity Potion"},{"floor":14,"key":"Fire Potion"},{"floor":16,"key":"BlessingOfTheForge"},{"floor":18,"key":"BlessingOfTheForge"},{"floor":20,"key":"Block Potion"},{"floor":21,"key":"LifebloodPotion"},{"floor":25,"key":"Fire Potion"},{"floor":25,"key":"Strength Potion"},{"floor":33,"key":"BottledSpark"}],"is_trial":false,"path_per_floor":["M","?","PTL","PTL","?","$","M","R","M","M","T","R","M","E","?","M","R","B",null,"M","M","$","M","M","E","R","?","T","?","?","M","$","M","R","B"],"character_chosen":"MARISA","items_purchased":["Mayhem","Jack Of All Trades","Golden Egg","Potion Belt","IllusionStar"],"campfire_rested":3,"item_purchase_floors":[22,22,22,32,32],"current_hp_per_floor":[75,75,75,75,75,75,71,71,71,68,68,68,60,43,43,19,41,6,75,70,58,58,58,44,12,34,69,69,75,75,40,40,16,50,0,0],"gold":84,"neow_bonus":"THREE_ENEMY_KILL","is_daily":false,"chose_seed":false,"campfire_upgraded":2,"win_rate":0.0,"timestamp":1613461825,"path_taken":["M","?","PTL","PTL","?","$","M","R","?","M","T","R","M","E","?","M","R","BOSS","M","M","$","?","M","E","R","?","T","?","?","M","$","M","R","BOSS"],"items_purchased_type":["Card","Card","Relic","Relic","Card"],"build_version":"2020-12-22","purchased_purges":1,"victory":false,"max_hp_per_floor":[75,75,75,75,75,75,75,75,75,75,75,75,75,75,75,75,75,75,75,75,75,75,75,75,75,75,110,110,116,116,116,116,116,116,116,116],"card_choices":[{"not_picked":["NonDirectionalLaser","DeepEcoloBomb"],"picked":"6A","floor":1},{"not_picked":["NonDirectionalLaser","Occultation"],"picked":"SporeBomb","floor":7},{"not_picked":["OneTimeOff","ShootingEcho"],"picked":"GravityBeat","floor":9},{"not_picked":["ManaConvection","Singularity"],"picked":"PowerUp","floor":10},{"not_picked":["ChargingUp","StarDustReverie"],"picked":"MysteriousBeam","floor":13},{"not_picked":["WitchLeyline","ManaConvection"],"picked":"WitchOfGreed","floor":14},{"not_picked":["StarDustReverie","ShootingEcho+1"],"picked":"NonDirectionalLaser+1","floor":15},{"not_picked":["MeteoricShower+1","GravityBeat+1"],"picked":"UnstableBomb+1","floor":15},{"not_picked":["UnstableBomb+1","ShootTheMoon+1"],"picked":"IllusionStar","floor":16},{"not_picked":["MaximisePower","CasketOfStar"],"picked":"BinaryStars","floor":18},{"not_picked":["MysteriousBeam+1","UnstableBomb+1"],"picked":"Acceleration","floor":20},{"not_picked":["OneTimeOff","StarlightTyphoon"],"picked":"AsteroidBelt","floor":21},{"not_picked":["OrrerysSun","SporeBomb+1"],"picked":"ChargeUpSpray+1","floor":23},{"not_picked":["ChargingUp","PowerUp"],"picked":"FairyDestructionRay+1","floor":24},{"not_picked":["PowerUp","GrandCross+1"],"picked":"DeepEcoloBomb+1","floor":25},{"not_picked":["WitchOfGreed","DC+1","6A+1"],"picked":"SKIP","floor":31},{"not_picked":["6A+1","GalacticHalo","DC+1"],"picked":"SKIP","floor":33}],"player_experience":8251,"relics_obtained":[{"floor":11,"key":"MawBank"},{"floor":14,"key":"PureWhite:ReiMu"},{"floor":15,"key":"Molten Egg 2"},{"floor":25,"key":"Toy Ornithopter"},{"floor":28,"key":"ReplayTheSpireMod:Lightbulb"}],"event_choices":[{"damage_healed":0,"gold_gain":0,"player_choice":"Box","damage_taken":0,"relics_obtained":["ReplayTheSpireMod:TigerMarble"],"max_hp_gain":0,"max_hp_loss":0,"event_name":"Big Fish","floor":2,"gold_loss":0,"cards_obtained":["Regret"]},{"damage_healed":0,"gold_gain":0,"player_choice":"Rummage","damage_taken":0,"relics_obtained":["WarpedTongs"],"max_hp_gain":0,"max_hp_loss":0,"event_name":"Accursed Blacksmith","floor":5,"gold_loss":0,"cards_obtained":["Pain"]},{"cards_removed":["downfall:Haunted"],"damage_healed":0,"gold_gain":0,"player_choice":"Elegance","damage_taken":0,"max_hp_gain":0,"max_hp_loss":0,"event_name":"Back to Basics","floor":30,"gold_loss":0}],"is_beta":false,"boss_relics":[{"not_picked":["Replay:Drink Me","Runic Pyramid"],"picked":"BewitchedHakkero"}],"items_purged_floors":[6],"is_endless":false,"potions_floor_spawned":[7,9,13,14,16,20,21,23,25],"killed_by":"Automaton","ascension_level":0}}