{"host":"r6lqs70fdfl5jnjl","time":1613466497,"event":{"mods":["Act Like it!","BaseMod","Gensokyo","Marisa£®ÏF”Í°°ƒß¿Ì…≥£©","Minty Spire (QoL Compilation)","StSLib","Yakumo Yukari mod"],"gold_per_floor":[134,146,161,181,54,54,54,54,54],"floor_reached":8,"language":"ZHS","playtime":741,"items_purged":[],"score":48,"play_id":"8d869d5b-8bf2-4216-b952-d59abee1e640","local_time":"20210216170817","is_ascension_mode":false,"campfire_choices":[{"data":"Mirror_FormAndEmptin_purple","floor":6,"key":"SMITH"}],"circlet_count":0,"master_deck":["AT_purpleEX","AT_purpleEX","AT_purpleEX","AT_purpleEX","Defend_purpleEX","Defend_purpleEX","Defend_purpleEX","Defend_purpleEX","Observe_purple_1","Observe_purple_2","WorldDissolvedintheRealm_purple","StateErode_purple","Anti_communist_purple","Mirror_FormAndEmptin_purple+1","Gensokyo:Shovel","Gensokyo:RustyChest","Gensokyo:ReactiveArmor","Gensokyo:RPG"],"relics":["Boundary_crack","Memoryfragments_purpleEX"],"acts_visited":["Gensokyo:Gensokyo"],"potions_floor_usage":[],"damage_taken":[{"damage":10,"enemies":"Gensokyo:Gryphon","floor":1,"turns":4},{"damage":6,"enemies":"Gensokyo:Python","floor":2,"turns":4},{"damage":0,"enemies":"Gensokyo:2_Kodama","floor":3,"turns":3},{"damage":9,"enemies":"Gensokyo:CorruptedTreant","floor":4,"turns":4},{"damage":59,"enemies":"Gensokyo:Aya","floor":8,"turns":8}],"seed_played":"-7246647463163490035","potions_obtained":[{"floor":3,"key":"Energy Potion"}],"is_trial":false,"path_per_floor":["M","M","M","M","COS","R","$","E"],"character_chosen":"Youkari","items_purchased":[],"campfire_rested":0,"item_purchase_floors":[],"current_hp_per_floor":[68,63,64,56,56,56,56,0,0],"gold":54,"neow_bonus":"TEN_PERCENT_HP_BONUS","is_daily":false,"chose_seed":false,"campfire_upgraded":1,"win_rate":0.0,"timestamp":1613466497,"path_taken":["M","M","M","M","COS","R","$","E"],"items_purchased_type":[],"build_version":"2020-12-22","purchased_purges":0,"victory":false,"max_hp_per_floor":[77,77,77,77,77,77,77,77,77],"card_choices":[{"not_picked":["ExistenceContinue_purple","Shallow_ocean_purpleEX"],"picked":"WorldDissolvedintheRealm_purple","floor":1},{"not_picked":["Boundary_DreamRealityDamnation_purple","SfantasyHide_purple"],"picked":"StateErode_purple","floor":2},{"not_picked":["MetroBOOM_purple","MonsterNeedle_purple"],"picked":"Anti_communist_purple","floor":3},{"not_picked":["PositiveMatter_Antimatter_Universe_purple","MNeedle_purple"],"picked":"Mirror_FormAndEmptin_purple","floor":4}],"player_experience":55824,"relics_obtained":[],"event_choices":[],"is_beta":false,"boss_relics":[],"items_purged_floors":[],"is_endless":false,"potions_floor_spawned":[3],"killed_by":"Gensokyo:Aya","ascension_level":0}}