{"host":"egwexuw5uvnxf11j","time":1613514080,"event":{"mods":["2.2 Compatiblity","Aspiration","BaseMod","Better Note","Better Sensory Stone","Better Third Choice","Displayed Cursed Tome","Downfall","Hermit","Key Reminder","Koishi","Marisa????????","Minty Spire (QoL Compilation)","Quick Restart","Shade Mod","Spicy Shops","StSLib","The Construct","The Cursed","The Runesmith","The Senshi","The Servant 0.9.4","Transform Curses"],"gold_per_floor":[115,126,141,141,66,66,101,101,152,170,185,165,18,18,18,121,121,131,141,141,31,42,74,74,74,98,98,111,143,153,153,153,248,248,263,283,158,177,177,177],"floor_reached":39,"language":"ENG","playtime":1495,"items_purged":["Pain"],"score":484,"play_id":"c58ca74b-7620-4bdf-8148-3fa4c43027e6","local_time":"20210216172120","is_ascension_mode":true,"campfire_choices":[{"data":"Gash","floor":6,"key":"SMITH"},{"floor":8,"key":"REST"},{"data":"Static Discharge","floor":15,"key":"SMITH"},{"floor":24,"key":"REST"},{"floor":32,"key":"REST"}],"circlet_count":0,"master_deck":["Strike_B","Strike_B","Strike_B","Strike_B","Defend_B","Defend_B","Defend_B","Zap","Dualcast","Gash+1","Conserve Battery","Self Repair","Electrodynamics","Beam Cell","Coolheaded","Static Discharge+1","Ball Lightning","Thunder Strike","Metallicize","Flex","Rainbow","Static Discharge","Flex","Shrug It Off","Steam+1","Cleave+1","Cold Snap+1","Seek","Streamline+1","Heavy Blade+1","Perfected Strike+1"],"relics":["FrozenCore","WarpedTongs","Omamori","keyreminder:keyreminder","aspiration:EnhancedActuators","aspiration:IroncladSkillbook","theSenshi:SailorFukuRelic","Runesmith:AutoHammer","Blue Candle","Molten Egg 2","Bottled Flame","PrismaticShard"],"acts_visited":["Exordium","TheCity","TheBeyond"],"potions_floor_usage":[16,16,19,22,23,33,35,39,39,39],"damage_taken":[{"damage":1,"enemies":"Cultist","floor":1,"turns":3},{"damage":0,"enemies":"2 Louse","floor":2,"turns":2},{"damage":7,"enemies":"Small Slimes","floor":3,"turns":3},{"damage":35,"enemies":"Lagavulin","floor":7,"turns":6},{"damage":4,"enemies":"3 Louse","floor":10,"turns":2},{"damage":10,"enemies":"Large Slime","floor":11,"turns":4},{"damage":4,"enemies":"Slime Boss","floor":16,"turns":5},{"damage":6,"enemies":"3 Byrds","floor":18,"turns":3},{"damage":12,"enemies":"Chosen","floor":19,"turns":3},{"damage":34,"enemies":"Snecko","floor":22,"turns":5},{"damage":30,"enemies":"Book of Stabbing","floor":23,"turns":5},{"damage":12,"enemies":"Cultist and Chosen","floor":28,"turns":4},{"damage":13,"enemies":"Gremlin Leader","floor":29,"turns":5},{"damage":20,"enemies":"Snake Plant","floor":30,"turns":3},{"damage":47,"enemies":"Collector","floor":33,"turns":9},{"damage":15,"enemies":"Orb Walker","floor":35,"turns":4},{"damage":32,"enemies":"3 Darklings","floor":36,"turns":6},{"damage":25,"enemies":"Jaw Worm Horde","floor":38,"turns":5},{"damage":72,"enemies":"Transient","floor":39,"turns":5}],"seed_played":"-8645685208677013643","potions_obtained":[{"floor":7,"key":"PowerPotion"},{"floor":11,"key":"Fire Potion"},{"floor":12,"key":"LiquidMemories"},{"floor":16,"key":"Energy Potion"},{"floor":18,"key":"EssenceOfSteel"},{"floor":19,"key":"Regen Potion"},{"floor":28,"key":"sneckomod:MuddlingPotion"},{"floor":33,"key":"LiquidMemories"},{"floor":36,"key":"Block Potion"},{"floor":38,"key":"hexamod:SoulburnPotion"}],"is_trial":false,"path_per_floor":["M","M","M","?","$","R","E","R","T","M","M","?","$","?","R","B",null,"M","M","?","$","M","E","R","?","T","?","M","E","M","T","R","B",null,"M","M","$","M","M"],"character_chosen":"DEFECT","items_purchased":["Static Discharge","Ball Lightning","theSenshi:SailorFukuRelic","Static Discharge","PrismaticShard","Perfected Strike+1"],"campfire_rested":3,"item_purchase_floors":[13,13,21,21,37,37],"current_hp_per_floor":[81,81,74,74,74,74,46,70,70,73,70,70,70,70,70,73,82,80,72,72,72,52,47,71,71,71,71,70,68,52,52,76,33,82,78,50,50,39,0,0],"gold":177,"neow_bonus":"TEN_PERCENT_HP_BONUS","is_daily":false,"chose_seed":false,"campfire_upgraded":2,"win_rate":0.0,"timestamp":1613514080,"path_taken":["M","M","?","?","?","R","E","R","T","M","?","?","?","?","R","BOSS","M","?","?","$","M","E","R","?","T","?","M","E","M","?","R","BOSS","M","M","$","M","?"],"items_purchased_type":["Card","Card","Relic","Card","Relic","Card"],"build_version":"2020-12-22","purchased_purges":1,"victory":false,"max_hp_per_floor":[82,82,82,82,82,82,82,82,82,82,82,82,82,82,82,82,82,82,82,82,82,82,82,82,82,82,82,82,82,82,82,82,82,82,82,82,82,82,82,82],"card_choices":[{"not_picked":["Rebound","Compile Driver"],"picked":"Gash","floor":1},{"not_picked":["Darkness","Undo"],"picked":"Conserve Battery","floor":2},{"not_picked":["Ball Lightning","Conserve Battery"],"picked":"Self Repair","floor":3},{"not_picked":["Reprogram","Glacier"],"picked":"Electrodynamics","floor":7},{"not_picked":["Steam","Coolheaded"],"picked":"Beam Cell","floor":10},{"not_picked":["Steam","Skim"],"picked":"Coolheaded","floor":11},{"not_picked":["Reboot","Buffer"],"picked":"Thunder Strike","floor":16},{"not_picked":["Entrench","Heavy Blade","Rebound"],"picked":"Metallicize","floor":18},{"not_picked":["Heavy Blade","Scrape+1","Ball Lightning"],"picked":"Flex","floor":19},{"not_picked":["Pommel Strike","Metallicize","Beam Cell"],"picked":"Flex","floor":22},{"not_picked":["Immolate","Compile Driver","Disarm"],"picked":"Shrug It Off","floor":23},{"not_picked":["Rebound","Perfected Strike","Bloodletting"],"picked":"Steam+1","floor":28},{"not_picked":["Beam Cell+1","Wild Strike+1","Pommel Strike+1"],"picked":"Cleave+1","floor":29},{"not_picked":["Genetic Algorithm+1","Havoc","Clash+1"],"picked":"Cold Snap+1","floor":30},{"not_picked":["Demon Form","Offering","Corruption"],"picked":"Seek","floor":33},{"not_picked":["Sword Boomerang+1","Entrench","Perfected Strike+1"],"picked":"Streamline+1","floor":35},{"not_picked":["Clothesline+1","Iron Wave+1","Sweeping Beam+1"],"picked":"Heavy Blade+1","floor":36},{"not_picked":["hexamod:HeatMetal+1","construct:ShiftStrike+1","hexamod:RecurringNightmare+1","Compile Driver+1"],"picked":"SKIP","floor":38}],"player_experience":2091722,"relics_obtained":[{"floor":7,"key":"Omamori"},{"floor":9,"key":"aspiration:EnhancedActuators"},{"floor":23,"key":"Runesmith:AutoHammer"},{"floor":29,"key":"Molten Egg 2"},{"floor":31,"key":"Bottled Flame"}],"event_choices":[{"damage_healed":0,"gold_gain":0,"player_choice":"Rummage","damage_taken":0,"relics_obtained":["WarpedTongs"],"max_hp_gain":0,"max_hp_loss":0,"event_name":"Accursed Blacksmith","floor":4,"gold_loss":0,"cards_obtained":["Pain"]},{"damage_healed":0,"gold_gain":0,"player_choice":"Bought 1 Potion","damage_taken":0,"max_hp_gain":0,"max_hp_loss":0,"event_name":"The Woman in Blue","floor":12,"gold_loss":0},{"cards_removed":["Defend_B"],"damage_healed":0,"gold_gain":0,"player_choice":"Card Removal","damage_taken":0,"max_hp_gain":0,"max_hp_loss":0,"event_name":"Wheel of Change","floor":14,"gold_loss":0},{"damage_healed":0,"gold_gain":0,"player_choice":"Read","damage_taken":0,"max_hp_gain":0,"max_hp_loss":0,"event_name":"The Library","floor":20,"gold_loss":0,"cards_obtained":["Rainbow"]},{"damage_healed":0,"gold_gain":0,"player_choice":"Opened","damage_taken":0,"relics_obtained":["Blue Candle"],"max_hp_gain":0,"max_hp_loss":0,"event_name":"The Mausoleum","floor":27,"gold_loss":0}],"is_beta":false,"boss_relics":[{"not_picked":["Ectoplasm","Snecko Eye"],"picked":"aspiration:IroncladSkillbook"},{"not_picked":["Runesmith:UraniumAnvil","aspiration:RunicSpoon"],"picked":"FrozenCore"}],"items_purged_floors":[5],"is_endless":false,"potions_floor_spawned":[7,11,16,18,19,28,33,36,38],"killed_by":"Transient","ascension_level":3}}