{"host":"yaxsefyig1et0yi2","time":1613503087,"event":{"mods":["Aspiration","BaseMod","BetterRewards","Colored Powertips","Conspire","Displayed Cursed Tome","Downfall","Halation","Hubris","Infinite Spire","JesterMod","Minty Spire (QoL Compilation)","Quick Restart","RatMod","Replay The Spire","Reworked Bosses","Spikes Relics","StSLib","The Bug Knight","The Jungle"],"gold_per_floor":[119,132,307,341,352,380,380,415,415,432,446,446,473,17,17,113,113,128,144,164,179,196,196,196,216,241,63,63,81,81,97,97,198,198,214,224,224,237,237,237,255,215,215,228,74,19,48,59,59,159],"floor_reached":51,"language":"ENG","playtime":3845,"items_purged":[],"score":753,"play_id":"7f5ab9dc-c263-41e4-92a3-d6f0eaa09d10","local_time":"20210216141807","is_ascension_mode":false,"campfire_choices":[{"data":"Fasting2","floor":7.0,"key":"SMITH"},{"floor":15.0,"key":"REST"},{"floor":23.0,"key":"REST"},{"floor":32.0,"key":"REST"},{"floor":40,"key":"REST"},{"floor":49,"key":"REST"}],"circlet_count":0,"master_deck":["Strike_P","Strike_P","Strike_P","Strike_P","Defend_P","Defend_P","Defend_P","Defend_P","Eruption","Vigilance","CrushJoints","FlurryOfBlows","Doubt","FlurryOfBlows","ReachHeaven","Fasting2+1","EmptyFist","Replay:AtTheReady","DevaForm+1","Protect","Establishment+1","ClearTheMind+1","FlyingSleeves+1","Replay:ManipulateFuture+1","Evaluate+1","Adaptation","Halt","FollowUp","SandsOfTime","PathToVictory","Alpha","Replay:Cycle","Study+1","Nirvana+1","Indignation","Nirvana+1","Perseverance+1","BowlingBash"],"relics":["PureWater","aspiration:Nostalgia","Sizzling Blood","rat:PhantomDancer","HollowMod:LifeEnderRelic","infinitespire:Beetle Shell","Replay:Mystery Machine","Oddly Smooth Stone","hubris:TenFootPole","HollowMod:StagPassRelic","Fusion Hammer","Bag of Preparation","rat:BigChungusPlushie","hubris:GrandSneckoEye","hubris:Icosahedron","hubris:DeckOfHolding","ReplayFunnel","Gremlin Horn"],"acts_visited":["Exordium","TheCity","TheBeyond"],"potions_floor_usage":[48,50,50,50,50],"damage_taken":[{"damage":0.0,"enemies":"conspire:RoseBush","floor":1.0,"turns":4.0},{"damage":0.0,"enemies":"2 Louse","floor":2.0,"turns":2.0},{"damage":26.0,"enemies":"conspire:MimicChest","floor":4.0,"turns":9.0},{"damage":8.0,"enemies":"Jaw Worm","floor":5.0,"turns":6.0},{"damage":13.0,"enemies":"Lagavulin","floor":6.0,"turns":5.0},{"damage":0.0,"enemies":"Gremlin Nob","floor":8.0,"turns":2.0},{"damage":0.0,"enemies":"Gremlin Gang","floor":10.0,"turns":2.0},{"damage":0.0,"enemies":"2 Fungi Beasts","floor":11.0,"turns":2.0},{"damage":19.0,"enemies":"Replay:BlueRogue","floor":13.0,"turns":5.0},{"damage":32.0,"enemies":"The Guardian","floor":16.0,"turns":7.0},{"damage":21.0,"enemies":"Spheric Guardian","floor":18.0,"turns":4.0},{"damage":0.0,"enemies":"Shell Parasite","floor":19.0,"turns":6.0},{"damage":1.0,"enemies":"Centurion and Healer","floor":20.0,"turns":5.0},{"damage":28.0,"enemies":"Snake Plant","floor":21.0,"turns":5.0},{"damage":30.0,"enemies":"Chosen and Byrds","floor":22.0,"turns":7.0},{"damage":19.0,"enemies":"Cultist and Chosen","floor":25.0,"turns":6.0},{"damage":21.0,"enemies":"Snecko","floor":29.0,"turns":4.0},{"damage":26.0,"enemies":"Centurion and Healer","floor":31.0,"turns":5.0},{"damage":59.0,"enemies":"conspire:MysteriousRune","floor":33.0,"turns":10.0},{"damage":22.0,"enemies":"3 Darklings","floor":35.0,"turns":6.0},{"damage":17.0,"enemies":"Orb Walker","floor":36.0,"turns":3.0},{"damage":0,"enemies":"Writhing Mass","floor":38,"turns":1},{"damage":34,"enemies":"3 Darklings","floor":41,"turns":4},{"damage":34,"enemies":"Sphere and 2 Shapes","floor":44,"turns":6},{"damage":0,"enemies":"Reptomancer","floor":47,"turns":2},{"damage":10,"enemies":"3 Darklings","floor":48,"turns":3},{"damage":67,"enemies":"bossMod:newShapes","floor":50,"turns":6}],"seed_played":"-879821402390917118","potions_obtained":[{"floor":2.0,"key":"Milkshake"},{"floor":5.0,"key":"Fruit Juice"},{"floor":8.0,"key":"Explosive Potion"},{"floor":18.0,"key":"LifebloodPotion"},{"floor":21.0,"key":"Doom Potion"},{"floor":24.0,"key":"Guardian:BlockOnCardUsePotion"},{"floor":24.0,"key":"BlessingOfTheForge"},{"floor":31.0,"key":"SpeedPotion"},{"floor":33.0,"key":"Ancient Potion"},{"floor":41,"key":"bronze:BurnAndBuffPotion"},{"floor":47,"key":"Swift Potion"},{"floor":48,"key":"LiquidMemories"}],"is_trial":false,"path_per_floor":["M","M","?","?","M","E","R","E","T","M","M","?","E","$","R","B",null,"M","M","M","M","M","R","?","M","T","$","?","M","$","M","R","B",null,"M","M","?","M","?","R","M","?","T","M","$","$","E","M","R","B",null],"character_chosen":"WATCHER","items_purchased":["hubris:TenFootPole","HollowMod:StagPassRelic","PowerPotion","rat:BigChungusPlushie","FollowUp","ReplayFunnel","Nirvana+1"],"campfire_rested":5,"item_purchase_floors":[14,14,14,27,27,45,46],"current_hp_per_floor":[76,76,76,54,55,46,46,50,50,54,58,40,25,25,49,21,81,64,68,71,47,21,45,45,30,30,30,57,40,40,18,42,66,81,63,50,50,54,54,78,48,48,48,18,18,18,22,16,40,30],"gold":159,"neow_bonus":"NOSTALGIA","is_daily":false,"chose_seed":false,"campfire_upgraded":1,"win_rate":0.0,"timestamp":1613503087,"path_taken":["M","M","?","?","M","E","R","E","T","?","?","?","E","$","R","BOSS","M","M","M","M","M","R","?","M","T","?","?","M","?","M","R","BOSS","M","M","?","M","?","R","M","?","T","?","?","$","E","M","R","BOSS"],"items_purchased_type":["Relic","Relic","Potion","Relic","Card","Relic","Card"],"build_version":"2020-12-22","purchased_purges":0,"victory":true,"max_hp_per_floor":[76,76,76,76,81,81,81,81,81,81,81,81,81,81,81,81,81,81,81,81,81,81,81,81,81,81,81,81,81,81,81,81,81,81,81,81,81,81,81,81,81,81,81,81,81,81,81,81,81,81],"card_choices":[{"not_picked":["Protect","Evaluate"],"picked":"CrushJoints","floor":1.0},{"not_picked":["Replay:Cycle","Replay:AtTheReady"],"picked":"FlurryOfBlows","floor":2.0},{"not_picked":["Halt","CutThroughFate"],"picked":"FlurryOfBlows","floor":4.0},{"not_picked":["Halt","Worship"],"picked":"ReachHeaven","floor":5.0},{"not_picked":["Replay:LoomingThreat","Replay:AtTheReady"],"picked":"Fasting2","floor":6.0},{"not_picked":["CutThroughFate","JustLucky"],"picked":"EmptyFist","floor":8.0},{"not_picked":["LikeWater","Replay:ManipulateFuture"],"picked":"Replay:AtTheReady","floor":10.0},{"not_picked":["Replay:BluntJabs","DeceiveReality"],"picked":"DevaForm","floor":11.0},{"not_picked":["TalkToTheHand","Evaluate"],"picked":"Protect","floor":13.0},{"not_picked":["Omniscience","DeusExMachina"],"picked":"Establishment","floor":16.0},{"not_picked":["Replay:ManipulateFuture","Replay:BluntJabs"],"picked":"ClearTheMind+1","floor":18.0},{"not_picked":["ThirdEye","FollowUp"],"picked":"FlyingSleeves+1","floor":19.0},{"not_picked":["Replay:AtTheReady","CrushJoints"],"picked":"Replay:ManipulateFuture+1","floor":20.0},{"not_picked":["BowlingBash","DeusExMachina"],"picked":"Evaluate+1","floor":21.0},{"not_picked":["ReachHeaven","Replay:BluntJabs"],"picked":"Adaptation","floor":22.0},{"not_picked":["ReachHeaven","EmptyFist+1"],"picked":"Halt","floor":25.0},{"not_picked":["Protect+1","FollowUp"],"picked":"SandsOfTime","floor":29.0},{"not_picked":["Collect","WaveOfTheHand"],"picked":"PathToVictory","floor":31.0},{"not_picked":["Replay:LoomingThreat","Vault"],"picked":"Alpha","floor":33.0},{"not_picked":["Protect","Halt"],"picked":"Replay:Cycle","floor":35.0},{"not_picked":["EmptyFist","Replay:BluntJabs"],"picked":"Study+1","floor":36.0},{"not_picked":["CutThroughFate+1","Sanctity","EmptyMind"],"picked":"SKIP","floor":38},{"not_picked":["EmptyFist+1","WreathOfFlame"],"picked":"Nirvana+1","floor":41},{"not_picked":["InnerPeace","FlurryOfBlows"],"picked":"Indignation","floor":44},{"not_picked":["JustLucky","TalkToTheHand+1"],"picked":"Perseverance+1","floor":47},{"not_picked":["JustLucky+1","Protect"],"picked":"BowlingBash","floor":48}],"player_experience":282860,"relics_obtained":[{"floor":4.0,"key":"rat:PhantomDancer"},{"floor":6.0,"key":"HollowMod:LifeEnderRelic"},{"floor":8.0,"key":"infinitespire:Beetle Shell"},{"floor":13.0,"key":"Oddly Smooth Stone"},{"floor":26.0,"key":"Bag of Preparation"},{"floor":43,"key":"hubris:DeckOfHolding"},{"floor":47,"key":"Gremlin Horn"}],"event_choices":[{"damage_healed":0.0,"max_hp_gain":0.0,"max_hp_loss":0.0,"gold_gain":175.0,"event_name":"Liars Game","player_choice":"AGREE","floor":3.0,"gold_loss":0.0,"damage_taken":0.0,"cards_obtained":["Doubt"]},{"damage_healed":0.0,"max_hp_gain":0.0,"max_hp_loss":0.0,"gold_gain":0.0,"event_name":"Scrap Ooze","player_choice":"Success","floor":12.0,"gold_loss":0.0,"damage_taken":18.0,"relics_obtained":["Replay:Mystery Machine"]},{"damage_healed":0.0,"max_hp_gain":0.0,"max_hp_loss":0.0,"gold_gain":0.0,"event_name":"Lab","player_choice":"Got Potions","floor":24.0,"gold_loss":0.0,"damage_taken":0.0},{"damage_healed":27.0,"max_hp_gain":0.0,"max_hp_loss":0.0,"gold_gain":0.0,"event_name":"The Library","player_choice":"Heal","floor":28.0,"gold_loss":0.0,"damage_taken":0.0},{"damage_healed":0,"gold_gain":0,"player_choice":"Upgrade","damage_taken":0,"max_hp_gain":0,"max_hp_loss":0,"event_name":"Designer","floor":42,"gold_loss":40,"cards_upgraded":["Establishment"]}],"is_beta":false,"boss_relics":[{"not_picked":["Calling Bell","halation:LoveArrow"],"picked":"Fusion Hammer"},{"not_picked":["halation:HeavySnake","hubris:BlackHole"],"picked":"hubris:GrandSneckoEye"}],"items_purged_floors":[],"is_endless":false,"potions_floor_spawned":[2,5,8,18,21,31,33,41,47,48],"ascension_level":0}}