{"host":"i0avyit1s6jb1siw","time":1613513319,"event":{"mods":["BaseMod","DeckTracker","Dota2Spire","Highlight Path","Minty Spire (QoL Compilation)","Quick Restart","StSLib","SuperFastMode"],"gold_per_floor":[119,132,207,10,23,23,56,56,131,131,156,156,168,184,197,197,197,275,275,289,259,285,300,10,10,23,51,68,68,94,112,112,130,144,144,144,218,218,238,293,293,303,321,349,349,376,9,9,9,9,37,57,70,80,80,80,80,80,80,1,27,27],"floor_reached":63,"language":"ENG","playtime":2132,"items_purged":["Decay","Strike_G"],"score":3045,"play_id":"23d923bd-c1fa-4657-802e-f6ccf2ea251f","local_time":"20210216230839","is_ascension_mode":true,"campfire_choices":[{"data":"Apotheosis","floor":6,"key":"SMITH"},{"data":"Predator","floor":8,"key":"SMITH"},{"floor":12,"key":"REST"},{"floor":16,"key":"REST"},{"data":"Noxious Fumes","floor":17,"key":"SMITH"},{"floor":25,"key":"REST"},{"floor":32,"key":"REST"},{"floor":36,"key":"REST"},{"floor":45,"key":"RECALL"},{"data":"Footwork","floor":48,"key":"SMITH"},{"floor":50,"key":"REST"},{"data":"After Image","floor":55,"key":"SMITH"},{"data":"Acrobatics","floor":59,"key":"SMITH"}],"circlet_count":0,"master_deck":["AscendersBane","Strike_G","Strike_G","Strike_G","Strike_G","Defend_G","Defend_G","Defend_G","Defend_G","Defend_G","Survivor","Neutralize","Predator+1","Deadly Poison","Apotheosis+1","Cloak And Dagger","Dagger Spray","Noxious Fumes+1","PiercingWail","After Image+1","Sucker Punch+1","Acrobatics+1","Bouncing Flask","Dodge and Roll+1","Backflip","Corpse Explosion","Escape Plan","Burst","Backflip+1","Bullet Time","Concentrate","Calculated Gamble","Noxious Fumes+1","Finesse","Purity","Dark Shackles","Footwork+1","PiercingWail","Backflip+1","Leg Sweep+1"],"relics":["Ring of the Snake","Lizard Tail","Dota2Spire:Vanguard","Dota2Spire:OrchidMalevolence","Molten Egg 2","Dota2Spire:Dagon","Dota2Spire:RefresherOrb","Red Mask","Orrery","Bag of Marbles","HornCleat","Dota2Spire:EchoSabre","Dota2Spire:Bloodstone","FossilizedHelix","The Specimen","Pen Nib","Dota2Spire:AghanimScepter","Bird Faced Urn","Dota2Spire:Desolator"],"acts_visited":["Exordium","TheCity","TheBeyond","TheEnding"],"potions_floor_usage":[18,18,20,22,26,31,40,43,57,62],"damage_taken":[{"damage":0,"enemies":"Small Slimes","floor":1,"turns":5},{"damage":0,"enemies":"Jaw Worm","floor":2,"turns":5},{"damage":12,"enemies":"2 Louse","floor":5,"turns":3},{"damage":16,"enemies":"3 Sentries","floor":7,"turns":8},{"damage":10,"enemies":"Lagavulin","floor":11,"turns":8},{"damage":15,"enemies":"Blue Slaver","floor":13,"turns":4},{"damage":0,"enemies":"3 Louse","floor":14,"turns":3},{"damage":8,"enemies":"Lots of Slimes","floor":15,"turns":4},{"damage":24,"enemies":"Slime Boss","floor":18,"turns":8},{"damage":11,"enemies":"Shell Parasite","floor":20,"turns":3},{"damage":9,"enemies":"2 Thieves","floor":21,"turns":4},{"damage":7,"enemies":"Masked Bandits","floor":22,"turns":6},{"damage":4,"enemies":"3 Cultists","floor":23,"turns":5},{"damage":0,"enemies":"Snake Plant","floor":26,"turns":5},{"damage":41,"enemies":"Gremlin Leader","floor":27,"turns":6},{"damage":0,"enemies":"Cultist and Chosen","floor":28,"turns":2},{"damage":9,"enemies":"Shelled Parasite and Fungi","floor":31,"turns":5},{"damage":0,"enemies":"Centurion and Healer","floor":33,"turns":4},{"damage":0,"enemies":"Sentry and Sphere","floor":34,"turns":3},{"damage":27,"enemies":"Collector","floor":37,"turns":7},{"damage":5,"enemies":"3 Darklings","floor":39,"turns":3},{"damage":3,"enemies":"2 Orb Walkers","floor":40,"turns":3},{"damage":0,"enemies":"Orb Walker","floor":42,"turns":3},{"damage":0,"enemies":"4 Shapes","floor":43,"turns":5},{"damage":0,"enemies":"Giant Head","floor":44,"turns":8},{"damage":0,"enemies":"Nemesis","floor":46,"turns":9},{"damage":11,"enemies":"Giant Head","floor":51,"turns":8},{"damage":0,"enemies":"Sphere and 2 Shapes","floor":52,"turns":5},{"damage":0,"enemies":"Writhing Mass","floor":53,"turns":8},{"damage":0,"enemies":"Jaw Worm Horde","floor":54,"turns":6},{"damage":0,"enemies":"Awakened One","floor":56,"turns":15},{"damage":6,"enemies":"Donu and Deca","floor":57,"turns":9},{"damage":17,"enemies":"Shield and Spear","floor":61,"turns":10},{"damage":61,"enemies":"The Heart","floor":62,"turns":13}],"seed_played":"3318446271332610635","potions_obtained":[{"floor":2,"key":"Dexterity Potion"},{"floor":5,"key":"GamblersBrew"},{"floor":15,"key":"CunningPotion"},{"floor":18,"key":"CunningPotion"},{"floor":20,"key":"Regen Potion"},{"floor":21,"key":"GhostInAJar"},{"floor":26,"key":"Fruit Juice"},{"floor":27,"key":"Dexterity Potion"},{"floor":37,"key":"Swift Potion"},{"floor":40,"key":"Poison Potion"},{"floor":51,"key":"Dota2Spire:HealingSalve"},{"floor":52,"key":"AttackPotion"},{"floor":53,"key":"DistilledChaos"}],"is_trial":false,"path_per_floor":["M","M","?","$","M","R","E","R","T","T","E","R","M","M","M","R","R","B",null,"M","M","?","M","$","R","M","E","M","T","T","M","R","M","M","?","R","B",null,"M","?","?","M","M","E","R","E","$","R","T","R","E","M","M","M","R","B","B",null,"R","$","E","B",null],"character_chosen":"THE_SILENT","items_purchased":["Apotheosis","Backflip","Orrery","Dota2Spire:AghanimScepter","EssenceOfSteel"],"campfire_rested":6,"item_purchase_floors":[4,24,24,47,60],"current_hp_per_floor":[59,59,59,59,47,47,31,31,31,31,21,40,25,25,17,36,36,12,53,42,33,41,37,37,56,56,15,15,15,15,11,32,32,32,32,53,26,60,55,67,57,57,57,57,57,57,57,57,57,71,60,70,71,71,71,71,65,70,70,70,54,3],"gold":27,"neow_bonus":"ONE_RARE_RELIC","is_daily":false,"chose_seed":false,"campfire_upgraded":6,"win_rate":0.0,"timestamp":1613513319,"path_taken":["M","M","?","$","M","R","E","R","T","T","E","R","M","M","M","R","R","BOSS","M","M","?","M","$","R","M","E","M","T","T","M","R","M","M","?","R","BOSS","M","?","?","M","M","E","R","E","$","R","T","R","E","M","M","M","R","BOSS","BOSS","R","$","E","BOSS"],"items_purchased_type":["Card","Card","Relic","Relic","Potion"],"build_version":"2020-12-22","purchased_purges":2,"victory":true,"max_hp_per_floor":[66,66,66,66,66,66,66,66,66,66,66,66,66,66,66,66,66,66,66,66,66,66,66,66,66,66,66,66,66,66,71,71,71,71,71,71,71,71,71,71,71,71,71,71,71,71,71,71,71,71,71,71,71,71,71,71,71,71,71,71,71,71],"card_choices":[{"not_picked":["Tactician","Escape Plan"],"picked":"Predator","floor":1},{"not_picked":["Bane","Choke"],"picked":"Deadly Poison","floor":2},{"not_picked":["Sucker Punch","Acrobatics"],"picked":"Cloak And Dagger","floor":5},{"not_picked":["Dodge and Roll","Deflect"],"picked":"Dagger Spray","floor":7},{"not_picked":["Dagger Throw+1","Outmaneuver","Night Terror"],"picked":"SKIP","floor":11},{"not_picked":["Deadly Poison","Tactician"],"picked":"Noxious Fumes","floor":13},{"not_picked":["Sucker Punch+1","Dagger Spray+1","Flechettes+1"],"picked":"SKIP","floor":14},{"not_picked":["Finisher+1","Deflect"],"picked":"PiercingWail","floor":15},{"not_picked":["Die Die Die+1","Storm of Steel"],"picked":"After Image","floor":18},{"not_picked":["Prepared","Setup"],"picked":"Sucker Punch+1","floor":20},{"not_picked":["Dagger Throw+1","Quick Slash+1"],"picked":"Acrobatics","floor":21},{"not_picked":["Backstab+1","Quick Slash+1"],"picked":"Bouncing Flask","floor":22},{"not_picked":["PiercingWail","Dagger Spray+1"],"picked":"Dodge and Roll+1","floor":23},{"not_picked":["Setup","PiercingWail"],"picked":"Corpse Explosion","floor":24},{"not_picked":["Deflect","Poisoned Stab+1"],"picked":"Escape Plan","floor":24},{"not_picked":["Deflect","Underhanded Strike+1"],"picked":"Burst","floor":24},{"not_picked":["Distraction","Cloak And Dagger"],"picked":"Backflip+1","floor":24},{"not_picked":["Sucker Punch+1","Dagger Spray+1","Dodge and Roll"],"picked":"SKIP","floor":26},{"not_picked":["Slice+1","Escape Plan"],"picked":"Bullet Time","floor":27},{"not_picked":["Cloak And Dagger","PiercingWail"],"picked":"Concentrate","floor":28},{"not_picked":["Blade Dance","Dodge and Roll","Slice+1"],"picked":"SKIP","floor":31},{"not_picked":["Poisoned Stab+1","Flying Knee+1","Dodge and Roll"],"picked":"SKIP","floor":33},{"not_picked":["Bullet Time","Acrobatics"],"picked":"Calculated Gamble","floor":34},{"not_picked":["Distraction","Dagger Spray+1"],"picked":"Noxious Fumes+1","floor":39},{"not_picked":["Violence","Bandage Up"],"picked":"Finesse","floor":41},{"not_picked":["Panache","Mayhem"],"picked":"Purity","floor":41},{"not_picked":["Secret Technique","PanicButton"],"picked":"Dark Shackles","floor":41},{"not_picked":["Prepared+1","PiercingWail"],"picked":"Footwork","floor":42},{"not_picked":["Terror+1","Masterful Stab+1"],"picked":"PiercingWail","floor":43},{"not_picked":["Bane+1","Deadly Poison"],"picked":"Backflip+1","floor":44},{"not_picked":["Poisoned Stab+1","Sucker Punch+1","Grand Finale+1"],"picked":"SKIP","floor":46},{"not_picked":["Deflect","Dash+1","Accuracy"],"picked":"SKIP","floor":51},{"not_picked":["Flechettes+1","Sucker Punch+1","Underhanded Strike+1"],"picked":"SKIP","floor":52},{"not_picked":["Flying Knee+1","Slice+1"],"picked":"Leg Sweep+1","floor":53},{"not_picked":["PiercingWail","Sucker Punch+1","Quick Slash+1"],"picked":"SKIP","floor":54},{"not_picked":["Unload+1","Sucker Punch+1","All Out Attack+1"],"picked":"SKIP","floor":61}],"player_experience":2443096,"relics_obtained":[{"floor":7,"key":"Dota2Spire:Vanguard"},{"floor":9,"key":"Dota2Spire:OrchidMalevolence"},{"floor":10,"key":"Molten Egg 2"},{"floor":11,"key":"Dota2Spire:Dagon"},{"floor":22,"key":"Red Mask"},{"floor":27,"key":"Bag of Marbles"},{"floor":29,"key":"HornCleat"},{"floor":30,"key":"Dota2Spire:EchoSabre"},{"floor":40,"key":"FossilizedHelix"},{"floor":44,"key":"The Specimen"},{"floor":46,"key":"Pen Nib"},{"floor":51,"key":"Bird Faced Urn"},{"floor":61,"key":"Dota2Spire:Desolator"}],"event_choices":[{"damage_healed":0,"gold_gain":75,"player_choice":"Gained Gold","damage_taken":0,"max_hp_gain":0,"max_hp_loss":0,"event_name":"Golden Wing","floor":3,"gold_loss":0},{"damage_healed":0,"gold_gain":0,"player_choice":"Fought Bandits","damage_taken":0,"max_hp_gain":0,"max_hp_loss":0,"event_name":"Masked Bandits","floor":22,"gold_loss":0},{"damage_healed":0,"gold_gain":0,"player_choice":"Ignored","damage_taken":0,"max_hp_gain":0,"max_hp_loss":0,"event_name":"The Mausoleum","floor":35,"gold_loss":0},{"damage_healed":0,"gold_gain":0,"player_choice":"Fight","damage_taken":0,"max_hp_gain":0,"max_hp_loss":0,"event_name":"Mysterious Sphere","floor":40,"gold_loss":0},{"damage_healed":0,"gold_gain":0,"player_choice":"Memory 3","damage_taken":10,"max_hp_gain":0,"max_hp_loss":0,"event_name":"SensoryStone","floor":41,"gold_loss":0}],"is_beta":false,"boss_relics":[{"not_picked":["Tiny House","Coffee Dripper"],"picked":"Dota2Spire:RefresherOrb"},{"not_picked":["Ring of the Serpent","Calling Bell"],"picked":"Dota2Spire:Bloodstone"}],"items_purged_floors":[24,47],"is_endless":false,"potions_floor_spawned":[2,5,13,15,18,20,21,26,27,37,40,51,52,53,54],"ascension_level":20}}