{"host":"q786d26vp7h4gpli","time":1613478482,"event":{"mods":["BaseMod","Downfall","Minty Spire (QoL Compilation)","Quick Restart","Remove Card Discount Mod","StSLib","Td1madao Mod"],"gold_per_floor":[109,109,109,122,134,134,153,153,176,176,176,189,209,224,224,321,321,333,346,372,382,82,107,107,107],"floor_reached":24,"language":"ENG","playtime":1507,"items_purged":[],"score":210,"play_id":"a3f5de8e-d75b-4cbd-b7be-b34a6696fc7e","local_time":"20210216202802","is_ascension_mode":false,"campfire_choices":[{"data":"Eruption","floor":6,"key":"SMITH"},{"data":"BattleHymn","floor":8,"key":"SMITH"},{"data":"Good Instincts","floor":11,"key":"SMITH"},{"data":"ClearTheMind","floor":15,"key":"SMITH"}],"circlet_count":0,"master_deck":["Strike_P","Strike_P","Strike_P","Strike_P","Defend_P","Defend_P","Defend_P","Defend_P+1","Eruption+1","Vigilance+1","Good Instincts+1","BowlingBash","BattleHymn+1","CutThroughFate","TalkToTheHand","SandsOfTime","ClearTheMind+1","ReachHeaven","Establishment","DeceiveReality","FollowUp+1","PathToVictory","DeceiveReality","EmptyBody","Bandage Up","FlyingSleeves+1"],"relics":["PureWater","War Paint","Sozu","Red Mask","Lantern","Orichalcum"],"acts_visited":["Exordium","TheCity"],"potions_floor_usage":[5,14,16,23],"damage_taken":[{"damage":0.0,"enemies":"Small Slimes","floor":1.0,"turns":3.0},{"damage":0.0,"enemies":"2 Louse","floor":4.0,"turns":2.0},{"damage":0,"enemies":"Jaw Worm","floor":5,"turns":1},{"damage":0,"enemies":"Large Slime","floor":7,"turns":2},{"damage":8,"enemies":"Exordium Thugs","floor":12,"turns":3},{"damage":0,"enemies":"Blue Slaver","floor":13,"turns":4},{"damage":4,"enemies":"2 Fungi Beasts","floor":14,"turns":3},{"damage":7,"enemies":"The Guardian","floor":16,"turns":10},{"damage":12,"enemies":"2 Thieves","floor":18,"turns":4},{"damage":8,"enemies":"Spheric Guardian","floor":19,"turns":4},{"damage":36,"enemies":"Masked Bandits","floor":20,"turns":5},{"damage":0,"enemies":"Cultist and Chosen","floor":21,"turns":4},{"damage":22,"enemies":"Gremlin Leader","floor":23,"turns":6},{"damage":16,"enemies":"Centurion and Healer","floor":24,"turns":6}],"seed_played":"-1778891232078324937","potions_obtained":[{"floor":1.0,"key":"Guardian:BlockOnCardUsePotion"},{"floor":4.0,"key":"FearPotion"},{"floor":13,"key":"SpeedPotion"},{"floor":14,"key":"LiquidMemories"}],"is_trial":false,"path_per_floor":["M","?","?","M","M","R","M","R","T","?","R","M","M","M","R","B",null,"M","M","?","M","$","E","M"],"character_chosen":"WATCHER","items_purchased":["Lantern","EmptyBody","Bandage Up"],"campfire_rested":0,"item_purchase_floors":[22,22,22],"current_hp_per_floor":[72,77,77,77,77,77,77,77,77,77,77,69,69,65,65,58,77,65,57,21,21,21,3,0,0],"gold":107,"neow_bonus":"RANDOM_COLORLESS","is_daily":false,"chose_seed":false,"campfire_upgraded":4,"win_rate":0.0,"timestamp":1613478482,"path_taken":["M","?","?","M","M","R","M","R","T","?","R","M","M","M","R","BOSS","M","M","?","M","$","E","M"],"items_purchased_type":["Relic","Card","Card"],"build_version":"2020-12-22","purchased_purges":0,"victory":false,"max_hp_per_floor":[72,77,77,77,77,77,77,77,77,77,77,77,77,77,77,77,77,77,77,77,77,77,77,77,77],"card_choices":[{"not_picked":["Madness","Bandage Up"],"picked":"Good Instincts","floor":0.0},{"not_picked":["Wallop","JustLucky"],"picked":"BowlingBash","floor":1.0},{"not_picked":["Worship","Adaptation"],"picked":"BattleHymn","floor":4.0},{"not_picked":["ThirdEye","Sanctity"],"picked":"CutThroughFate","floor":5},{"not_picked":["ThirdEye","Adaptation"],"picked":"TalkToTheHand","floor":7},{"not_picked":["Consecrate","SashWhip"],"picked":"SandsOfTime","floor":12},{"not_picked":["WheelKick","Crescendo"],"picked":"ClearTheMind","floor":13},{"not_picked":["Blasphemy","ThirdEye"],"picked":"ReachHeaven","floor":14},{"not_picked":["LessonLearned","DeusExMachina"],"picked":"Establishment","floor":16},{"not_picked":["WreathOfFlame","Crescendo"],"picked":"DeceiveReality","floor":18},{"not_picked":["BowlingBash","CrushJoints"],"picked":"FollowUp+1","floor":19},{"not_picked":["WaveOfTheHand","SandsOfTime"],"picked":"PathToVictory","floor":20},{"not_picked":["Blasphemy","CrushJoints"],"picked":"DeceiveReality","floor":21},{"not_picked":["ThirdEye","MasterReality"],"picked":"FlyingSleeves+1","floor":23}],"player_experience":596935,"relics_obtained":[{"floor":9,"key":"War Paint"},{"floor":20,"key":"Red Mask"},{"floor":23,"key":"Orichalcum"}],"event_choices":[{"damage_healed":0.0,"max_hp_gain":5.0,"max_hp_loss":0.0,"gold_gain":0.0,"event_name":"Big Fish","player_choice":"Donut","floor":2.0,"gold_loss":0.0,"damage_taken":0.0},{"damage_healed":0.0,"max_hp_gain":0.0,"max_hp_loss":0.0,"gold_gain":0.0,"event_name":"Liars Game","player_choice":"Ignored","floor":3.0,"gold_loss":0.0,"damage_taken":0.0},{"damage_healed":0,"gold_gain":0,"player_choice":"Ignored","damage_taken":0,"max_hp_gain":0,"max_hp_loss":0,"event_name":"Shining Light","floor":10,"gold_loss":0},{"damage_healed":0,"gold_gain":0,"player_choice":"Fought Bandits","damage_taken":0,"max_hp_gain":0,"max_hp_loss":0,"event_name":"Masked Bandits","floor":20,"gold_loss":0}],"is_beta":false,"boss_relics":[{"not_picked":["Empty Cage","Snecko Eye"],"picked":"Sozu"}],"items_purged_floors":[],"is_endless":false,"potions_floor_spawned":[1,4,13,14,20,21,23],"killed_by":"Centurion and Healer","ascension_level":0}}