{"host":"toh0bbw446wnuexf","time":1613439224,"event":{"mods":["BaseMod","Downfall","Hermit","Minty Spire (QoL Compilation)","Random Character Button","Robot Space Explorer","StSLib"],"gold_per_floor":[109,129,79,79,89,89,89,89,89,102,102,116,116,131,131,131,131],"floor_reached":16,"language":"ENG","playtime":885,"items_purged":[],"score":97,"play_id":"64bce28a-7259-48f4-8bf3-3f8e6e61dc85","local_time":"20210216143344","is_ascension_mode":true,"campfire_choices":[{"data":"RobotSpaceExplorer:IronShell","floor":6,"key":"SMITH"},{"data":"RobotSpaceExplorer:FranticSearch","floor":8,"key":"SMITH"},{"floor":15,"key":"REST"}],"circlet_count":0,"master_deck":["RobotSpaceExplorer:Strike","RobotSpaceExplorer:Strike","RobotSpaceExplorer:Strike","RobotSpaceExplorer:Strike","RobotSpaceExplorer:Defend","RobotSpaceExplorer:Defend","RobotSpaceExplorer:Defend","RobotSpaceExplorer:Scan","RobotSpaceExplorer:MiniLasers","RobotSpaceExplorer:FranticSearch+1","RobotSpaceExplorer:IronShell+1","RobotSpaceExplorer:ScrapMissile","Regret","Injury"],"relics":["Cursed Key","Regal Pillow","Akabeko","Ginger"],"acts_visited":["Exordium"],"potions_floor_usage":[],"damage_taken":[{"damage":1,"enemies":"Jaw Worm","floor":1,"turns":3},{"damage":0,"enemies":"2 Louse","floor":2,"turns":3},{"damage":0,"enemies":"Small Slimes","floor":5,"turns":4},{"damage":0,"enemies":"Blue Slaver","floor":10,"turns":2},{"damage":3,"enemies":"Red Slaver","floor":12,"turns":2},{"damage":10,"enemies":"Looter","floor":14,"turns":3},{"damage":75,"enemies":"Hexaghost","floor":16,"turns":15}],"seed_played":"4921096372484681045","potions_obtained":[{"floor":1,"key":"Fire Potion"},{"floor":2,"key":"RobotSpaceExplorer:RecyclePotion"},{"floor":12,"key":"DuplicationPotion"}],"is_trial":false,"path_per_floor":["M","M","?","?","M","R","$","R","T","M","T","M","?","M","R","B"],"character_chosen":"RobotSpaceExplorer","items_purchased":[],"campfire_rested":1,"item_purchase_floors":[],"current_hp_per_floor":[74,74,74,56,56,56,56,56,56,56,56,53,53,43,75,0,0],"gold":131,"neow_bonus":"BOSS_RELIC","is_daily":false,"chose_seed":false,"campfire_upgraded":2,"win_rate":0.0,"timestamp":1613439224,"path_taken":["M","M","?","?","M","R","$","R","T","M","?","M","?","M","R","BOSS"],"items_purchased_type":[],"build_version":"2020-12-22","purchased_purges":0,"victory":false,"max_hp_per_floor":[75,75,75,75,75,75,75,75,75,75,75,75,75,75,75,75,75],"card_choices":[{"not_picked":["RobotSpaceExplorer:ShockKick","RobotSpaceExplorer:ScrapMissile"],"picked":"RobotSpaceExplorer:FranticSearch","floor":1},{"not_picked":["RobotSpaceExplorer:LaserBurst","RobotSpaceExplorer:BigMissile"],"picked":"RobotSpaceExplorer:IronShell","floor":2},{"not_picked":["RobotSpaceExplorer:FranticSearch","RobotSpaceExplorer:Ammunition"],"picked":"RobotSpaceExplorer:ScrapMissile","floor":5},{"not_picked":["RobotSpaceExplorer:FranticSearch","RobotSpaceExplorer:Counterblock","RobotSpaceExplorer:FrostMissile"],"picked":"SKIP","floor":10},{"not_picked":["RobotSpaceExplorer:PlasmaMissile","RobotSpaceExplorer:SurgingShield","RobotSpaceExplorer:Fix"],"picked":"SKIP","floor":12},{"not_picked":["RobotSpaceExplorer:DoubleBlock","RobotSpaceExplorer:FreezingShield","RobotSpaceExplorer:MiniDrones"],"picked":"SKIP","floor":14}],"player_experience":700759,"relics_obtained":[{"floor":9,"key":"Akabeko"},{"floor":11,"key":"Ginger"}],"event_choices":[{"cards_removed":["RobotSpaceExplorer:Defend"],"damage_healed":0,"gold_gain":0,"player_choice":"Card Removal","damage_taken":0,"max_hp_gain":0,"max_hp_loss":0,"event_name":"The Cleric","floor":3,"gold_loss":50},{"damage_healed":0,"gold_gain":0,"player_choice":"Success","damage_taken":18,"relics_obtained":["Regal Pillow"],"max_hp_gain":0,"max_hp_loss":0,"event_name":"Scrap Ooze","floor":4,"gold_loss":0},{"damage_healed":0,"gold_gain":0,"player_choice":"Ignored","damage_taken":0,"max_hp_gain":0,"max_hp_loss":0,"event_name":"Shining Light","floor":13,"gold_loss":0}],"is_beta":false,"boss_relics":[],"items_purged_floors":[],"is_endless":false,"potions_floor_spawned":[1,2,12],"killed_by":"Hexaghost","ascension_level":1}}