{"host":"5z7rhcocprldured","time":1613519126,"event":{"mods":["2.2 Compatiblity","AchievementEnabler","AlwaysNeverKeys","BaseMod","Best Route Mod","Better Altar","Better Match","Better Note","Better Sensory Stone","Better Skull","Better Third Choice","BetterRewards","Block Reminder","Colored Map","Colored Powertips","Displayed Cursed Tome","Emptier Cage","Energized Spire","Marisa????????","Minty Spire (QoL Compilation)","Permanent Neow","Rare Cards Sparkle","SacredBarkPlus","Spicy Shops","StSLib","Synergy Search","The Bug Knight","Unceasing Turn Reminder"],"gold_per_floor":[116,116,129,140,155,155,186,186,256,281,310,310,310,334,334,438,438,457,457,468,468,481,481,504,504,504,832,847,847,870,488,488,602,602,621,642,642,671,721,721,391,391,391,254,289,306,306,336,336,336,336,336,184,223,223],"floor_reached":56,"language":"ENG","playtime":3214,"items_purged":["Strike_P","Strike_P","Chrysalis","Strike_P+1"],"score":1676,"play_id":"4aa98ce0-a97d-4837-9197-b12ba57f6595","local_time":"20210216234526","is_ascension_mode":false,"campfire_choices":[{"data":"DevaForm","floor":6,"key":"SMITH"},{"data":"Eruption","floor":8,"key":"SMITH"},{"data":"Wallop","floor":13,"key":"SMITH"},{"data":"1","floor":15,"key":"LIFT"},{"data":"2","floor":23,"key":"LIFT"},{"data":"BattleHymn","floor":25,"key":"SMITH"},{"data":"3","floor":29,"key":"LIFT"},{"data":"Establishment","floor":32,"key":"SMITH"},{"data":"SpiritShield","floor":40,"key":"SMITH"},{"data":"Vigilance","floor":42,"key":"SMITH"},{"data":"Fasting2","floor":47,"key":"SMITH"},{"data":"Protect","floor":49,"key":"SMITH"},{"data":"WaveOfTheHand","floor":52,"key":"SMITH"}],"circlet_count":0,"master_deck":["Defend_P","Defend_P","Defend_P","Defend_P","Eruption+1","Vigilance+1","BattleHymn+1","Wallop+1","DevaForm+1","Crescendo","CutThroughFate","Swivel","FlurryOfBlows","ThirdEye","Protect+1","EmptyBody","Establishment+1","ClearTheMind+1","Study","FlurryOfBlows+1","SpiritShield+1","WaveOfTheHand+1","Halt+1","Wallop+1","SignatureMove","Worship+1","Fasting2+1","Perseverance+1"],"relics":["PureWater","TungstenRod","Membership Card","Kunai","Toolbox","Incense Burner","Girya","FossilizedHelix","CeramicFish","Eternal Feather","Turnip","energizedSpire:MagnifyingGlass","Oddly Smooth Stone","Old Coin","Yang","Pear","Chemical X","SacredBark","Prayer Wheel","Whetstone","DollysMirror","Shuriken","Toxic Egg 2","TheAbacus","Regal Pillow","Bronze Scales","Pantograph"],"acts_visited":["Exordium","TheCity","TheBeyond","TheEnding"],"potions_floor_usage":[14,14,18,33,36,45,53,55],"damage_taken":[{"damage":8,"enemies":"2 Louse","floor":1,"turns":3},{"damage":0,"enemies":"Jaw Worm","floor":3,"turns":3},{"damage":0,"enemies":"Cultist","floor":4,"turns":2},{"damage":0,"enemies":"Looter","floor":5,"turns":2},{"damage":0,"enemies":"3 Sentries","floor":7,"turns":4},{"damage":4,"enemies":"Gremlin Gang","floor":10,"turns":3},{"damage":0,"enemies":"Lots of Slimes","floor":11,"turns":3},{"damage":0,"enemies":"Exordium Wildlife","floor":14,"turns":3},{"damage":52,"enemies":"Hexaghost","floor":16,"turns":6},{"damage":0,"enemies":"3 Byrds","floor":18,"turns":4},{"damage":0,"enemies":"2 Thieves","floor":20,"turns":5},{"damage":0,"enemies":"Sentry and Sphere","floor":22,"turns":3},{"damage":0,"enemies":"3 Cultists","floor":24,"turns":4},{"damage":0,"enemies":"Gremlin Leader","floor":27,"turns":4},{"damage":0,"enemies":"Shelled Parasite and Fungi","floor":28,"turns":4},{"damage":0,"enemies":"Snecko","floor":30,"turns":3},{"damage":0,"enemies":"Collector","floor":33,"turns":7},{"damage":0,"enemies":"Orb Walker","floor":35,"turns":3},{"damage":3,"enemies":"3 Shapes","floor":36,"turns":2},{"damage":16,"enemies":"Jaw Worm Horde","floor":38,"turns":3},{"damage":0,"enemies":"2 Orb Walkers","floor":39,"turns":4},{"damage":0,"enemies":"Maw","floor":45,"turns":5},{"damage":19,"enemies":"3 Darklings","floor":46,"turns":5},{"damage":0,"enemies":"Nemesis","floor":48,"turns":3},{"damage":0,"enemies":"Awakened One","floor":50,"turns":9},{"damage":13,"enemies":"Shield and Spear","floor":54,"turns":4},{"damage":15,"enemies":"The Heart","floor":55,"turns":7}],"seed_played":"-346510128890688272","potions_obtained":[{"floor":4,"key":"Block Potion"},{"floor":10,"key":"SkillPotion"},{"floor":14,"key":"Explosive Potion"},{"floor":22,"key":"Strength Potion"},{"floor":30,"key":"PowerPotion"},{"floor":33,"key":"Fruit Juice"},{"floor":38,"key":"DistilledChaos"},{"floor":39,"key":"BlessingOfTheForge"},{"floor":46,"key":"PowerPotion"},{"floor":54,"key":"DuplicationPotion"}],"is_trial":false,"path_per_floor":["M","?","M","M","M","R","E","R","T","M","M","T","R","M","R","B",null,"M","?","M","?","M","R","M","R","T","E","M","R","M","$","R","B",null,"M","M","?","M","?","R","$","R","T","$","M","M","R","E","R","B",null,"R","$","E","B",null],"character_chosen":"WATCHER","items_purchased":["TungstenRod","BattleHymn","Membership Card","Wallop","Kunai","Toolbox","DevaForm","Girya","Chrysalis","Yang","Pear","Chemical X","Whetstone","DollysMirror","Shuriken","TheAbacus","SignatureMove","Bronze Scales","Fruit Juice","SteroidPotion"],"campfire_rested":0,"item_purchase_floors":[0,0,0,0,0,0,0,0,0,31,31,31,41,41,41,44,44,53,53,53],"current_hp_per_floor":[64,55,55,55,55,55,55,55,55,51,51,51,60,60,72,20,72,72,72,72,72,72,72,72,72,72,72,72,72,72,82,82,87,87,87,84,83,67,67,82,82,83,83,83,83,64,79,79,83,83,83,83,93,80,78],"gold":223,"neow_bonus":"","is_daily":false,"chose_seed":false,"campfire_upgraded":10,"win_rate":0.0,"timestamp":1613519126,"path_taken":["M","?","M","M","M","R","E","R","T","M","M","?","R","M","R","BOSS","M","?","?","?","M","R","M","R","T","E","M","R","M","$","R","BOSS","M","M","?","M","?","R","$","R","T","$","M","M","R","E","R","BOSS","R","$","E","BOSS"],"items_purchased_type":["Relic","Card","Relic","Card","Relic","Relic","Card","Relic","Card","Relic","Relic","Relic","Relic","Relic","Relic","Relic","Card","Relic","Potion","Potion"],"build_version":"2020-12-22","purchased_purges":4,"victory":true,"max_hp_per_floor":[72,72,72,72,72,72,72,72,72,72,72,72,72,72,72,72,72,72,72,72,72,72,72,72,72,72,72,72,72,72,82,82,87,87,87,87,83,83,83,83,83,83,83,83,83,83,83,83,83,83,83,83,93,93,93],"card_choices":[{"not_picked":["JustLucky","ThirdEye"],"picked":"Crescendo","floor":1},{"not_picked":["Worship","ThirdEye"],"picked":"CutThroughFate","floor":3},{"not_picked":["FlyingSleeves","InnerPeace"],"picked":"Swivel","floor":4},{"not_picked":["ThirdEye","PathToVictory"],"picked":"FlurryOfBlows","floor":5},{"not_picked":["BowlingBash","JustLucky","Pray"],"picked":"SKIP","floor":7},{"not_picked":["EmptyBody","CutThroughFate"],"picked":"ThirdEye","floor":10},{"not_picked":["FollowUp","PathToVictory"],"picked":"Protect","floor":11},{"not_picked":["Crescendo","Vengeance"],"picked":"EmptyBody","floor":14},{"not_picked":["SpiritShield","MasterReality"],"picked":"Establishment","floor":16},{"not_picked":["MentalFortress","Nirvana"],"picked":"ClearTheMind+1","floor":18},{"not_picked":["PathToVictory+1","BowlingBash+1","FlyingSleeves"],"picked":"SKIP","floor":20},{"not_picked":["FollowUp+1","Swivel","ClearTheMind"],"picked":"SKIP","floor":22},{"not_picked":["Swivel","EmptyFist"],"picked":"Study","floor":24},{"not_picked":["Brilliance","EmptyBody","ClearTheMind"],"picked":"SKIP","floor":27},{"not_picked":["WreathOfFlame+1","PathToVictory","Crescendo"],"picked":"SKIP","floor":28},{"not_picked":["LikeWater","CrushJoints"],"picked":"FlurryOfBlows","floor":30},{"not_picked":["Omniscience","LessonLearned"],"picked":"SpiritShield","floor":33},{"not_picked":["PathToVictory","Evaluate+1","CarveReality+1"],"picked":"SKIP","floor":35},{"not_picked":["LikeWater","EmptyBody"],"picked":"WaveOfTheHand","floor":36},{"not_picked":["JustLucky+1","Weave+1"],"picked":"Halt+1","floor":38},{"not_picked":["EmptyBody+1","SashWhip+1"],"picked":"Worship+1","floor":45},{"not_picked":["WaveOfTheHand+1","FlurryOfBlows"],"picked":"Fasting2","floor":45},{"not_picked":["ClearTheMind+1","CutThroughFate","CrushJoints+1"],"picked":"SKIP","floor":46},{"not_picked":["InnerPeace+1","DevaForm","ClearTheMind+1"],"picked":"SKIP","floor":46},{"not_picked":["InnerPeace+1","FollowUp+1","Worship+1"],"picked":"SKIP","floor":48},{"not_picked":["Wireheading","CutThroughFate"],"picked":"Perseverance+1","floor":54}],"player_experience":200897,"relics_obtained":[{"floor":7,"key":"CeramicFish"},{"floor":9,"key":"Eternal Feather"},{"floor":12,"key":"Turnip"},{"floor":26,"key":"Oddly Smooth Stone"},{"floor":27,"key":"Old Coin"},{"floor":39,"key":"Prayer Wheel"},{"floor":43,"key":"Toxic Egg 2"},{"floor":48,"key":"Regal Pillow"},{"floor":54,"key":"Pantograph"}],"event_choices":[{"damage_healed":0,"gold_gain":0,"player_choice":"Relic ","damage_taken":12,"max_hp_gain":0,"max_hp_loss":0,"event_name":"betterThird:BetterScrap","floor":2,"gold_loss":0,"cards_obtained":["Amplify"]},{"cards_removed":["Strike_P"],"damage_healed":0,"gold_gain":0,"player_choice":"Offered Basic","damage_taken":0,"max_hp_gain":0,"max_hp_loss":0,"event_name":"Bonfire Elementals","floor":19,"gold_loss":0},{"cards_removed":["DevaForm"],"damage_healed":0,"gold_gain":0,"player_choice":"Give","damage_taken":0,"max_hp_gain":0,"max_hp_loss":0,"event_name":"betterNote:BetterNote","floor":21,"gold_loss":0,"cards_obtained":["None"]},{"damage_healed":0,"gold_gain":0,"player_choice":"Max HP","damage_taken":0,"max_hp_gain":0,"max_hp_loss":4,"event_name":"Winding Halls","floor":37,"gold_loss":0},{"damage_healed":0,"gold_gain":0,"player_choice":"Fight","damage_taken":0,"max_hp_gain":0,"max_hp_loss":0,"event_name":"Mysterious Sphere","floor":39,"gold_loss":0}],"is_beta":false,"boss_relics":[{"not_picked":["energizedSpire:CrystalSphere","Philosopher\u0027s Stone"],"picked":"energizedSpire:MagnifyingGlass"},{"not_picked":["Fusion Hammer","Velvet Choker"],"picked":"SacredBark"}],"items_purged_floors":[0,31,41,44],"is_endless":false,"potions_floor_spawned":[4,10,14,22,30,33,38,39,46,54],"ascension_level":0}}