{"host":"ad59wuc8ynh8u2z6","time":1613492212,"event":{"mods":["AchievementEnabler","BaseMod","Colored Powertips","DeckTracker","Highlight Path","Minty Spire (QoL Compilation)","Permanent Neow"],"gold_per_floor":[17,117,128,139,159,159,174,209,209,284,284,297,297,329,329,425,425,437,437,454,468,486,820,835,862,862,862,878,903,903,933,933,933,933],"floor_reached":33,"language":"ENG","playtime":1251,"items_purged":[],"score":441,"play_id":"bbe2b5ee-06d5-4f5c-b1da-e05665fccc8c","local_time":"20210216171652","is_ascension_mode":true,"campfire_choices":[{"data":"Perfected Strike","floor":6.0,"key":"SMITH"},{"data":"True Grit","floor":13.0,"key":"SMITH"},{"data":"Perfected Strike","floor":15.0,"key":"SMITH"},{"floor":32,"key":"REST"}],"circlet_count":0,"master_deck":["Strike_R","Strike_R","Strike_R","Strike_R","Strike_R","Defend_R","Defend_R","Defend_R","Defend_R","Bash","Pommel Strike","Perfected Strike+1","Wild Strike","True Grit","Twin Strike","True Grit+1","Perfected Strike+1","Pain","Shrug It Off","Twin Strike","Warcry+1"],"relics":["Burning Blood","Mango","Red Skull","Bottled Flame","HornCleat","Orichalcum","Mark of Pain","WarpedTongs","Old Coin","Vajra","Regal Pillow","Ice Cream","Paper Frog","Matryoshka"],"acts_visited":["Exordium","TheCity"],"potions_floor_usage":[22,29,33],"damage_taken":[{"damage":9.0,"enemies":"Small Slimes","floor":1.0,"turns":4.0},{"damage":0.0,"enemies":"Cultist","floor":3.0,"turns":3.0},{"damage":4.0,"enemies":"2 Louse","floor":4.0,"turns":3.0},{"damage":11.0,"enemies":"Exordium Wildlife","floor":5.0,"turns":4.0},{"damage":23.0,"enemies":"Large Slime","floor":7.0,"turns":5.0},{"damage":16.0,"enemies":"Gremlin Nob","floor":8.0,"turns":3.0},{"damage":8.0,"enemies":"Gremlin Gang","floor":12.0,"turns":4.0},{"damage":12.0,"enemies":"Lagavulin","floor":14.0,"turns":4.0},{"damage":10.0,"enemies":"Hexaghost","floor":16.0,"turns":8.0},{"damage":8,"enemies":"Shell Parasite","floor":18,"turns":2},{"damage":2,"enemies":"Spheric Guardian","floor":20,"turns":1},{"damage":1,"enemies":"Snecko","floor":21,"turns":4},{"damage":0,"enemies":"Centurion and Healer","floor":22,"turns":3},{"damage":46,"enemies":"Gremlin Leader","floor":23,"turns":6},{"damage":10,"enemies":"Chosen and Byrds","floor":24,"turns":3},{"damage":9,"enemies":"Book of Stabbing","floor":25,"turns":3},{"damage":0,"enemies":"3 Cultists","floor":28,"turns":3},{"damage":53,"enemies":"Gremlin Leader","floor":29,"turns":5},{"damage":10,"enemies":"Book of Stabbing","floor":31,"turns":3},{"damage":91,"enemies":"Champ","floor":33,"turns":7}],"seed_played":"7307065763148866726","potions_obtained":[{"floor":3.0,"key":"GamblersBrew"},{"floor":12.0,"key":"SteroidPotion"},{"floor":14.0,"key":"Energy Potion"},{"floor":24,"key":"BloodPotion"},{"floor":25,"key":"BloodPotion"},{"floor":28,"key":"Energy Potion"},{"floor":29,"key":"GamblersBrew"}],"is_trial":false,"path_per_floor":["M","?","M","M","M","R","M","E","T","?","T","M","R","E","R","B",null,"M","?","M","M","M","E","M","E","T","?","M","E","?","E","R","B"],"character_chosen":"IRONCLAD","items_purchased":[],"campfire_rested":1,"item_purchase_floors":[],"current_hp_per_floor":[83,83,89,91,86,86,69,59,59,48,48,46,46,40,40,36,80,78,78,82,87,93,53,49,46,46,46,52,23,23,19,62,0,0],"gold":933,"neow_bonus":"ONE_RARE_RELIC","is_daily":false,"chose_seed":false,"campfire_upgraded":3,"win_rate":0.0,"timestamp":1613492212,"path_taken":["M","?","M","?","M","R","M","E","T","?","?","M","R","E","R","BOSS","M","?","M","?","M","E","M","E","T","?","?","E","?","E","R","BOSS"],"items_purchased_type":[],"build_version":"2020-12-22","purchased_purges":0,"victory":false,"max_hp_per_floor":[94,94,94,94,94,94,94,94,94,94,94,94,94,94,94,94,94,94,94,94,94,94,94,94,94,94,94,94,94,94,94,94,94,94],"card_choices":[{"not_picked":["Clash","Fire Breathing"],"picked":"Pommel Strike","floor":1.0},{"not_picked":["Headbutt","Heavy Blade"],"picked":"Perfected Strike","floor":3.0},{"not_picked":["Inflame","Armaments"],"picked":"Wild Strike","floor":4.0},{"not_picked":["Power Through","Body Slam","Thunderclap"],"picked":"SKIP","floor":5.0},{"not_picked":["Spot Weakness","Whirlwind"],"picked":"True Grit","floor":7.0},{"not_picked":["Reaper","Clash"],"picked":"Twin Strike","floor":8.0},{"not_picked":["Clothesline","Thunderclap"],"picked":"True Grit","floor":12.0},{"not_picked":["Intimidate","Disarm"],"picked":"Perfected Strike","floor":14.0},{"not_picked":["Whirlwind","Flex","Warcry"],"picked":"SKIP","floor":18},{"not_picked":["Uppercut+1","Ghostly Armor"],"picked":"Shrug It Off","floor":20},{"not_picked":["Sword Boomerang","Flex+1","Twin Strike"],"picked":"SKIP","floor":21},{"not_picked":["Seeing Red","Berserk","Twin Strike"],"picked":"SKIP","floor":22},{"not_picked":["Berserk","Fire Breathing"],"picked":"Twin Strike","floor":23},{"not_picked":["Wild Strike","Cleave+1","Clash"],"picked":"SKIP","floor":24},{"not_picked":["Cleave","Thunderclap","Headbutt"],"picked":"SKIP","floor":25},{"not_picked":["Anger+1","Dark Embrace+1","Havoc"],"picked":"SKIP","floor":28},{"not_picked":["Thunderclap","Shockwave"],"picked":"Warcry+1","floor":29},{"not_picked":["Bludgeon","Clash","Heavy Blade"],"picked":"SKIP","floor":31}],"player_experience":97093,"relics_obtained":[{"floor":8.0,"key":"Red Skull"},{"floor":9.0,"key":"Bottled Flame"},{"floor":11.0,"key":"HornCleat"},{"floor":14.0,"key":"Orichalcum"},{"floor":23,"key":"Old Coin"},{"floor":25,"key":"Vajra"},{"floor":26,"key":"Regal Pillow"},{"floor":29,"key":"Paper Frog"},{"floor":31,"key":"Matryoshka"}],"event_choices":[{"damage_healed":0.0,"max_hp_gain":0.0,"max_hp_loss":0.0,"gold_gain":100.0,"event_name":"Golden Shrine","player_choice":"Pray","floor":2.0,"gold_loss":0.0,"damage_taken":0.0},{"damage_healed":0.0,"max_hp_gain":0.0,"max_hp_loss":0.0,"gold_gain":75.0,"event_name":"World of Goop","player_choice":"Gather Gold","floor":10.0,"gold_loss":0.0,"damage_taken":11.0},{"damage_healed":0,"gold_gain":0,"player_choice":"Rummage","damage_taken":0,"relics_obtained":["WarpedTongs"],"max_hp_gain":0,"max_hp_loss":0,"event_name":"Accursed Blacksmith","floor":19,"gold_loss":0,"cards_obtained":["Pain"]},{"damage_healed":0,"gold_gain":0,"player_choice":"Gave Potion","damage_taken":0,"relics_obtained":["Ice Cream"],"max_hp_gain":0,"max_hp_loss":0,"event_name":"WeMeetAgain","floor":27,"gold_loss":0},{"damage_healed":0,"gold_gain":0,"player_choice":"Ignored","damage_taken":0,"max_hp_gain":0,"max_hp_loss":0,"event_name":"Ghosts","floor":30,"gold_loss":0}],"is_beta":false,"boss_relics":[{"not_picked":["Calling Bell","Black Blood"],"picked":"Mark of Pain"}],"items_purged_floors":[],"is_endless":false,"potions_floor_spawned":[3,12,14,16,21,24,25,28,29,31],"killed_by":"Champ","ascension_level":6}}