{"host":"2lvuisjyit3p3u01","time":1613500350,"event":{"mods":["Act Like it!","BaseMod","Bestiary","Better Synergies","Bossed Relics","CapriCore","Colored Map","Colored Powertips","GifTheSpireLib","Minty Spire (QoL Compilation)","Quick Restart","Replay The Spire","Shapeshifter Mod","StSLib"],"gold_per_floor":[118,118,118,193,193,218,218,247,247,272,119,35,35,50,50,169,169,184,36,36,59,69,69],"floor_reached":22,"language":"ENG","playtime":961,"items_purged":["StSShapeShifter:ShapeShifter_Defend","StSShapeShifter:ShapeShifter_Strike"],"score":250,"play_id":"ecd26051-3579-43b1-aca2-c516871704c1","local_time":"20210216203230","is_ascension_mode":false,"campfire_choices":[{"floor":7,"key":"REST"},{"floor":13,"key":"REST"}],"circlet_count":0,"master_deck":["StSShapeShifter:ShapeShifter_Strike","StSShapeShifter:ShapeShifter_Strike","StSShapeShifter:ShapeShifter_Strike+1","StSShapeShifter:ShapeShifter_Defend","StSShapeShifter:ShapeShifter_Defend","StSShapeShifter:ShapeShifter_Defend","StSShapeShifter:Tortoise_Form","StSShapeShifter:Lynx_Form","StSShapeShifter:AdaptiveStrikes+1","StSShapeShifter:Summer+1","StSShapeShifter:PorcupineForm","StSShapeShifter:BloomingSlash","StSShapeShifter:Synchronicity","StSShapeShifter:AdaptiveStrikes","StSShapeShifter:FoxForm","StSShapeShifter:IntimidatingAura+1","StSShapeShifter:Spring","StSShapeShifter:DeerForm+1"],"relics":["StSShapeShifter:AnimalHeart","StSShapeShifter:TheShapeShiftersMagnolia","NeowsBlessing","Replay:PocketPolymizer","Replay:Wax Seal","Bottled Lightning","Ornamental Fan","Astrolabe"],"acts_visited":["Exordium","TheCity"],"potions_floor_usage":[14,16,16,16],"damage_taken":[{"damage":0,"enemies":"2 Louse","floor":1,"turns":1},{"damage":0,"enemies":"Lagavulin","floor":6,"turns":1},{"damage":0,"enemies":"Gremlin Nob","floor":8,"turns":1},{"damage":22,"enemies":"Lagavulin","floor":10,"turns":11},{"damage":8,"enemies":"Small Slimes","floor":12,"turns":3},{"damage":0,"enemies":"Jaw Worm","floor":14,"turns":2},{"damage":50,"enemies":"The Guardian","floor":16,"turns":10},{"damage":32,"enemies":"2 Thieves","floor":18,"turns":4},{"damage":20,"enemies":"Spheric Guardian","floor":21,"turns":5},{"damage":28,"enemies":"Snake Plant","floor":22,"turns":3}],"seed_played":"-3732041844026436692","potions_obtained":[{"floor":1,"key":"SmokeBomb"},{"floor":10,"key":"Block Potion"},{"floor":12,"key":"AttackPotion"},{"floor":14,"key":"Energy Potion"}],"is_trial":false,"path_per_floor":["M","?","?","?","?","E","R","E","T","E","$","M","R","M","R_BF","B",null,"M","$","?","M","M"],"character_chosen":"SHAPESHIFTER","items_purchased":["StSShapeShifter:Synchronicity","SkillPotion","StSShapeShifter:AdaptiveStrikes","BlessingOfTheForge"],"campfire_rested":2,"item_purchase_floors":[11,11,11,19],"current_hp_per_floor":[78,62,55,44,44,44,67,67,67,45,45,37,60,60,78,28,78,46,46,46,26,0,0],"gold":69,"neow_bonus":"THREE_ENEMY_KILL","is_daily":false,"chose_seed":false,"campfire_upgraded":0,"win_rate":0.0,"timestamp":1613500350,"path_taken":["M","?","?","?","?","E","R","E","T","E","?","M","R","M","R_BF","BOSS","M","$","?","M","?"],"items_purchased_type":["Card","Potion","Card","Potion"],"build_version":"2020-12-22","purchased_purges":2,"victory":false,"max_hp_per_floor":[78,78,78,78,78,78,78,78,78,78,78,78,78,78,78,78,78,78,78,78,78,78,78],"card_choices":[{"not_picked":["StSShapeShifter:PantherForm","StSShapeShifter:FlowerShield"],"picked":"StSShapeShifter:AdaptiveStrikes","floor":1},{"not_picked":["StSShapeShifter:MonkeyForm","StSShapeShifter:EagleForm"],"picked":"StSShapeShifter:Summer","floor":6},{"not_picked":["StSShapeShifter:Flourish","StSShapeShifter:LeapingSlash"],"picked":"StSShapeShifter:PorcupineForm","floor":8},{"not_picked":["StSShapeShifter:FlowerShield","StSShapeShifter:Rest"],"picked":"StSShapeShifter:BloomingSlash","floor":10},{"not_picked":["StSShapeShifter:Garden","StSShapeShifter:BloomingSlash","StSShapeShifter:AdaptiveStrikes"],"picked":"SKIP","floor":12},{"not_picked":["StSShapeShifter:PoisonIvy","StSShapeShifter:SunflowerShuriken"],"picked":"StSShapeShifter:FoxForm","floor":14},{"not_picked":["StSShapeShifter:BearForm","StSShapeShifter:GoldenBerries"],"picked":"StSShapeShifter:IntimidatingAura+1","floor":18},{"not_picked":["StSShapeShifter:FallingLeaves","StSShapeShifter:RaptorForm"],"picked":"StSShapeShifter:DeerForm+1","floor":21}],"player_experience":206418,"relics_obtained":[{"floor":6,"key":"Replay:PocketPolymizer"},{"floor":8,"key":"Replay:Wax Seal"},{"floor":9,"key":"Bottled Lightning"},{"floor":10,"key":"Ornamental Fan"}],"event_choices":[{"damage_healed":0,"gold_gain":0,"player_choice":"Entered Light","damage_taken":16,"max_hp_gain":0,"max_hp_loss":0,"event_name":"Shining Light","floor":2,"gold_loss":0,"cards_upgraded":["StSShapeShifter:AdaptiveStrikes","StSShapeShifter:ShapeShifter_Strike"]},{"cards_removed":["StSShapeShifter:ShapeShifter_Defend"],"damage_healed":0,"gold_gain":0,"player_choice":"Card Removal","damage_taken":7,"max_hp_gain":0,"max_hp_loss":0,"event_name":"Golden Wing","floor":3,"gold_loss":0},{"damage_healed":0,"gold_gain":75,"player_choice":"Gather Gold","damage_taken":11,"max_hp_gain":0,"max_hp_loss":0,"event_name":"World of Goop","floor":4,"gold_loss":0},{"damage_healed":0,"gold_gain":0,"cards_transformed":["StSShapeShifter:ShapeShifter_Strike"],"player_choice":"Transformed","damage_taken":0,"max_hp_gain":0,"max_hp_loss":0,"event_name":"Transmorgrifier","floor":20,"gold_loss":0,"cards_obtained":["StSShapeShifter:Spring"]}],"is_beta":false,"boss_relics":[{"not_picked":["ReplayTheSpireMod:DimensionalGlitch","Philosopher\u0027s Stone"],"picked":"Astrolabe"}],"items_purged_floors":[11,19],"is_endless":false,"potions_floor_spawned":[1,10,12,14],"killed_by":"Snake Plant","ascension_level":0}}