{"host":"czzthkrvfe6r7fjf","time":1613453050,"event":{"mods":["ATMod(∞¢Ë™Mod)","Act Like it!","BaseMod","Downfall","GungeonMod","Marisa£®ÏF”Í°°ƒß¿Ì…≥£©","Minty Spire (QoL Compilation)","Quick Restart","StSLib","The Servant 0.9.4","Waifu the Spire","°æπ¶ƒ‹Mod°øªÏ„Á÷Æª∑–ﬁ∏¥≤π∂°"],"gold_per_floor":[119,119,44,81,81,81,190,190,216,216,55,119,187,187,187,306,306,405,405,451,86,156,206,206],"floor_reached":23,"language":"ZHS","playtime":622,"items_purged":["Regret","Strike_R"],"score":422,"play_id":"eb4c4d83-1e12-4b5a-98db-7e3a4e1585e3","local_time":"20210216132410","is_ascension_mode":true,"campfire_choices":[{"data":"Armaments","floor":6.0,"key":"SMITH"},{"data":"AT_Dispersion","floor":10.0,"key":"SMITH"},{"data":"Bash","floor":15.0,"key":"SMITH"}],"circlet_count":0,"master_deck":["AscendersBane","Strike_R","Defend_R","Defend_R","Defend_R","Bash+1","AT_Dispersion+1","Anger","Armaments+1","Clash","Feed","Uppercut+1","DemoMod:BlackBlade+1","DemoMod:WhiteBlade","Burning Pact+1","Inflame","Sword Boomerang+1"],"relics":["Burning Blood","AT_ATBox","NeowsBlessing","AT_MibuBalloonWealth","Golden Idol","DemoMod:WeirdEgg","Nunchaku","PreservedInsect","AT_BladeRuinedKing","Prayer Wheel","Astrolabe","Singing Bowl","Ornamental Fan"],"acts_visited":["Exordium","TheCity"],"potions_floor_usage":[],"damage_taken":[{"damage":0.0,"enemies":"2 Louse","floor":1.0,"turns":1.0},{"damage":0.0,"enemies":"Jaw Worm","floor":4.0,"turns":1.0},{"damage":0.0,"enemies":"3 Sentries","floor":7.0,"turns":2.0},{"damage":3.0,"enemies":"Small Slimes","floor":12.0,"turns":3.0},{"damage":9.0,"enemies":"Lagavulin","floor":13.0,"turns":3.0},{"damage":19.0,"enemies":"The Guardian","floor":16.0,"turns":10.0},{"damage":0.0,"enemies":"3 Byrds","floor":18.0,"turns":7.0},{"damage":13.0,"enemies":"Shell Parasite","floor":20.0,"turns":5.0},{"damage":21.0,"enemies":"Centurion and Healer","floor":22.0,"turns":6.0},{"damage":58,"enemies":"Gremlin Leader","floor":23,"turns":4}],"seed_played":"5194658099166137635","potions_obtained":[{"floor":16.0,"key":"SpeedPotion"},{"floor":18.0,"key":"Weak Potion"},{"floor":22,"key":"SpeedPotion"}],"is_trial":false,"path_per_floor":["M","?","$","M","?","R","E","?","T","R","$","M","E","?","R","B",null,"M","?","M","$","M","E"],"character_chosen":"IRONCLAD","items_purchased":["AT_BladeRuinedKing","Ornamental Fan"],"campfire_rested":0,"item_purchase_floors":[11,21],"current_hp_per_floor":[74,74,74,75,49,49,55,37,37,37,37,40,37,37,37,24,62,71,71,68,68,58,0,0],"gold":206,"neow_bonus":"THREE_ENEMY_KILL","is_daily":false,"chose_seed":false,"campfire_upgraded":3,"win_rate":0.0,"timestamp":1613453050,"path_taken":["M","?","$","M","?","R","E","?","T","R","?","?","E","?","R","BOSS","M","?","M","$","M","E"],"items_purchased_type":["Relic","Relic"],"build_version":"2020-12-22","purchased_purges":2,"victory":false,"max_hp_per_floor":[75,75,75,75,75,75,75,75,75,75,75,75,75,75,75,75,75,78,78,82,82,87,87,87],"card_choices":[{"not_picked":["Heavy Blade","Iron Wave"],"picked":"Anger","floor":1.0},{"not_picked":["Dual Wield","DemoMod:WhiteBlade"],"picked":"Armaments","floor":4.0},{"not_picked":["Perfected Strike","Sword Boomerang"],"picked":"Clash","floor":7.0},{"not_picked":["Cleave","Headbutt","Pommel Strike"],"picked":"SKIP","floor":12.0},{"not_picked":["Twin Strike","Feel No Pain","Sword Boomerang"],"picked":"SKIP","floor":13.0},{"not_picked":["Exhume","Impervious"],"picked":"Feed","floor":16.0},{"not_picked":["Cleave","Rampage"],"picked":"Inflame","floor":18.0},{"not_picked":["Bloodletting","AT_DiedThrough","Clash"],"picked":"SKIP","floor":18.0},{"not_picked":["Feel No Pain+1","Ghostly Armor","Perfected Strike"],"picked":"Singing Bowl","floor":20.0},{"not_picked":["Blood for Blood","True Grit","Clothesline"],"picked":"Singing Bowl","floor":20.0},{"not_picked":["Armaments","Cleave"],"picked":"Sword Boomerang+1","floor":22},{"not_picked":["Cleave","Clothesline+1","Brutality"],"picked":"Singing Bowl","floor":22}],"player_experience":137481,"relics_obtained":[{"floor":7.0,"key":"DemoMod:WeirdEgg"},{"floor":9.0,"key":"PreservedInsect"},{"floor":13.0,"key":"Prayer Wheel"}],"event_choices":[{"damage_healed":0.0,"max_hp_gain":0.0,"max_hp_loss":0.0,"gold_gain":0.0,"event_name":"Big Fish","player_choice":"Box","floor":2.0,"gold_loss":0.0,"damage_taken":0.0,"relics_obtained":["AT_MibuBalloonWealth"],"cards_obtained":["Regret"]},{"damage_healed":0.0,"max_hp_gain":0.0,"max_hp_loss":0.0,"gold_gain":0.0,"event_name":"Golden Idol","player_choice":"Take Damage","floor":5.0,"gold_loss":0.0,"damage_taken":26.0,"relics_obtained":["Golden Idol"]},{"damage_healed":0.0,"max_hp_gain":0.0,"max_hp_loss":0.0,"gold_gain":0.0,"event_name":"Scrap Ooze","player_choice":"Success","floor":8.0,"gold_loss":0.0,"damage_taken":18.0,"relics_obtained":["Nunchaku"]},{"cards_removed":["Strike_R"],"damage_healed":0.0,"max_hp_gain":0.0,"max_hp_loss":0.0,"gold_gain":0.0,"event_name":"Purifier","player_choice":"Purged","floor":14.0,"gold_loss":0.0,"damage_taken":0.0},{"damage_healed":0.0,"max_hp_gain":0.0,"max_hp_loss":0.0,"gold_gain":0.0,"event_name":"WeMeetAgain","player_choice":"Gave Potion","floor":19.0,"gold_loss":0.0,"damage_taken":0.0,"relics_obtained":["Singing Bowl"]}],"is_beta":false,"boss_relics":[{"not_picked":["Snecko Eye","Runic Cube"],"picked":"Astrolabe"}],"items_purged_floors":[3,21],"is_endless":false,"potions_floor_spawned":[16,18,22],"killed_by":"Gremlin Leader","ascension_level":18}}