{"host":"knk89g45d3vzr5fm","time":1613460038,"event":{"mods":["2.2 Compatiblity","BaseMod","Downfall","Minty Spire (QoL Compilation)","Relic Stats","Reliquary","Replay The Spire","StSLib","The Marked"],"gold_per_floor":[99,111,122,122,142,155,155,190,190,221,243,269,169,195,210,284,284,284,304,315,331,349,384,411,424,13,13,13,25,43,76,92,165,165,65,79,79,120,120,150,175,195,221,121,132,167,215,234,245,245,245,280,37,37,37,37],"floor_reached":57,"language":"FRA","playtime":5144,"items_purged":["sneckomod:Strike"],"score":2414,"play_id":"ddf5a559-81bf-44f4-9dd3-a7ece4b14529","local_time":"20210216082038","is_ascension_mode":true,"campfire_choices":[{"floor":1,"key":"DIG"},{"floor":13,"key":"REST"},{"floor":18,"key":"DIG"},{"floor":27,"key":"RECALL"},{"data":"sneckomod:Rotation","floor":35,"key":"SMITH"},{"floor":44,"key":"DIG"},{"floor":54,"key":"DIG"}],"circlet_count":0,"master_deck":["AscendersBane","sneckomod:Strike","sneckomod:Defend","sneckomod:Defend","sneckomod:Defend","sneckomod:SnekBite","sneckomod:PureSnecko","sneckomod:DiceBlock","sneckomod:SerpentIdol","sneckomod:UnknownDraw","sneckomod:SlitherStrike+1","sneckomod:UnknownClassHEXA_GHOST_PURPLE","sneckomod:UnknownUncommonAttack","sneckomod:UnknownBoss","sneckomod:SoulDraw","sneckomod:Restock","sneckomod:Rotation","sneckomod:MasterEye","sneckomod:SnakeSap","sneckomod:CheapStock+1","sneckomod:PureSnecko","sneckomod:SoulCleanse","downfall:Bewildered","sneckomod:Rotation+1","sneckomod:UnknownRareAttack","sneckomod:UnknownDexterity","sneckomod:SerpentMind","sneckomod:Mudshield"],"relics":["Philosopher\u0027s Stone","Chameleon Ring","Juzu Bracelet","downfall:ShatteredFragment","reliquary:HotPoker","Odd Mushroom","Pondfish Scales","downfall:HeartBlessingBlue","Oddly Smooth Stone","Snecko Eye","reliquary:Spinner","reliquary:Sod","Bag of Preparation","HornCleat","sneckomod:SleevedAce","sneckomod:BabySnecko","Ancient Tea Set","reliquary:Craggleroot","downfall:HeartBlessingRed","Replay:Wax Seal","reliquary:Bookmark","Shovel","Lantern","Art of War","downfall:HeartBlessingGreen","Replay:WaspNest","Dream Catcher","Pocketwatch","reliquary:Boomerang","reliquary:FeatherDuster","Kunai"],"acts_visited":["Exordium","TheCity","TheBeyond","TheEnding"],"potions_floor_usage":[10,14,16,21,23,26,30,43,50],"damage_taken":[{"damage":0,"enemies":"Small Slimes","floor":2,"turns":3},{"damage":3,"enemies":"Cultist","floor":3,"turns":4},{"damage":7,"enemies":"2 Louse","floor":5,"turns":3},{"damage":0,"enemies":"Large Slime","floor":6,"turns":5},{"damage":0,"enemies":"Lagavulin","floor":8,"turns":11},{"damage":15,"enemies":"Gremlin Nob","floor":10,"turns":4},{"damage":17,"enemies":"The Mushroom Lair","floor":11,"turns":4},{"damage":22,"enemies":"3 Sentries","floor":12,"turns":6},{"damage":8,"enemies":"Lagavulin","floor":14,"turns":6},{"damage":0,"enemies":"2 Fungi Beasts","floor":15,"turns":2},{"damage":4,"enemies":"SI_SHIV_ARCHETYPE","floor":16,"turns":5},{"damage":6,"enemies":"3 Byrds","floor":19,"turns":2},{"damage":0,"enemies":"Spheric Guardian","floor":20,"turns":2},{"damage":0,"enemies":"Snake Plant","floor":21,"turns":2},{"damage":5,"enemies":"Centurion and Healer","floor":22,"turns":7},{"damage":0,"enemies":"Slavers","floor":23,"turns":4},{"damage":0,"enemies":"Snecko","floor":25,"turns":3},{"damage":0,"enemies":"downfall:FleeingMerchant","floor":26,"turns":4},{"damage":1,"enemies":"Cultist and Chosen","floor":29,"turns":4},{"damage":0,"enemies":"Chosen and Byrds","floor":30,"turns":3},{"damage":0,"enemies":"Book of Stabbing","floor":31,"turns":2},{"damage":0,"enemies":"3 Cultists","floor":32,"turns":2},{"damage":0,"enemies":"IC_MUSHROOM_ARCHETYPE","floor":33,"turns":6},{"damage":0,"enemies":"3 Darklings","floor":36,"turns":3},{"damage":0,"enemies":"downfall:FleeingMerchant","floor":38,"turns":2},{"damage":0,"enemies":"Nemesis","floor":40,"turns":3},{"damage":0,"enemies":"Orb Walker","floor":42,"turns":3},{"damage":31,"enemies":"Reptomancer","floor":43,"turns":5},{"damage":0,"enemies":"Transient","floor":45,"turns":5},{"damage":0,"enemies":"R_Hoarder","floor":46,"turns":2},{"damage":0,"enemies":"2 Orb Walkers","floor":47,"turns":2},{"damage":0,"enemies":"3 Darklings","floor":48,"turns":3},{"damage":0,"enemies":"Maw","floor":49,"turns":2},{"damage":15,"enemies":"DF_ARCHETYPE_ORBS","floor":50,"turns":4},{"damage":0,"enemies":"downfall:CharBossMerchant","floor":52,"turns":4},{"damage":0,"enemies":"downfall:NeowBoss","floor":55,"turns":14},{"damage":28,"enemies":"downfall:NeowBossFinal","floor":56,"turns":10}],"seed_played":"1514307412659766733","potions_obtained":[{"floor":2,"key":"hexamod:SoulburnPotion"},{"floor":5,"key":"Fire Potion"},{"floor":11,"key":"Strength Potion"},{"floor":15,"key":"Block Potion"},{"floor":16,"key":"Ancient Potion"},{"floor":22,"key":"FearPotion"},{"floor":23,"key":"Explosive Potion"},{"floor":26,"key":"ColorlessPotion"},{"floor":31,"key":"sneckomod:MuddlingPotion"},{"floor":45,"key":"LiquidMemories"}],"is_trial":false,"path_per_floor":["R","M","M","?","M","M","T","E","?","E","?","E","R","E","M","B",null,"R","M","M","M","M","E","T","M","$","R","?","M","M","E","M","B",null,"R","M","?","$","?","E","T","M","E","R","M","E","?","M","M","B",null,"E","$","R","B","B",null],"character_chosen":"THE_SNECKO","items_purchased":["HornCleat","sneckomod:SleevedAce","Replay:Wax Seal","reliquary:Bookmark","reliquary:FeatherDuster"],"campfire_rested":1,"item_purchase_floors":[26,26,38,38,53],"current_hp_per_floor":[81,81,78,78,71,71,71,71,50,40,23,8,48,40,47,43,86,86,80,80,80,80,85,85,85,85,85,85,84,84,84,84,84,96,96,96,96,100,100,100,100,100,69,69,69,69,91,91,91,91,98,100,100,100,100,72],"gold":37,"neow_bonus":"BOSS_RELIC","is_daily":false,"chose_seed":false,"campfire_upgraded":1,"win_rate":0.0,"timestamp":1613460038,"path_taken":["R","M","M","?","M","?","T","E","?","E","?","E","R","E","M","BOSS","R","M","M","M","M","E","T","M","$","R","?","M","M","E","M","BOSS","R","M","?","$","?","E","T","M","E","R","M","E","?","M","M","BOSS","E","$","R","BOSS","BOSS"],"items_purchased_type":["Relic","Relic","Relic","Relic","Relic"],"build_version":"2020-12-22","purchased_purges":1,"victory":true,"max_hp_per_floor":[90,90,90,90,90,90,90,90,90,90,90,90,100,100,100,100,100,100,100,100,100,100,100,100,100,100,100,100,100,100,100,100,100,100,100,100,100,100,100,100,100,100,100,100,100,100,100,100,100,100,100,100,100,100,100,100],"relic_stats":{"Dream Catcher":0,"Shovel":4,"counters":[37,156],"Snecko Eye":[284,264,288,274],"Juzu Bracelet":0,"Bag of Preparation":[42],"Art of War":[1],"Kunai":[41],"obtain_stats":[{"reliquary:FeatherDuster":53,"Lantern":41,"reliquary:Boomerang":52,"downfall:HeartBlessingGreen":44,"Juzu Bracelet":8,"Bag of Preparation":24,"sneckomod:SneckoSoul":0,"Ancient Tea Set":31,"reliquary:HotPoker":10,"Dream Catcher":46,"Chameleon Ring":1,"HornCleat":26,"Shovel":40,"downfall:HeartBlessingBlue":13,"Philosopher\u0027s Stone":0,"Kunai":54,"Replay:Wax Seal":38,"downfall:ShatteredFragment":9,"downfall:HeartBlessingRed":35,"Oddly Smooth Stone":14,"Replay:WaspNest":44,"reliquary:Spinner":18,"Odd Mushroom":11,"reliquary:Sod":23,"reliquary:Bookmark":38,"sneckomod:BabySnecko":28,"Pondfish Scales":12,"Snecko Eye":17,"sneckomod:SleevedAce":26,"reliquary:Craggleroot":34,"Art of War":43,"Pocketwatch":47},{"reliquary:FeatherDuster":35,"Lantern":26,"reliquary:Boomerang":35,"downfall:HeartBlessingGreen":28,"Juzu Bracelet":5,"Bag of Preparation":16,"sneckomod:SneckoSoul":0,"Ancient Tea Set":21,"reliquary:HotPoker":6,"Dream Catcher":30,"Chameleon Ring":0,"HornCleat":18,"Shovel":26,"downfall:HeartBlessingBlue":8,"Philosopher\u0027s Stone":0,"Kunai":35,"Replay:Wax Seal":25,"downfall:ShatteredFragment":5,"downfall:HeartBlessingRed":23,"Oddly Smooth Stone":9,"Replay:WaspNest":28,"reliquary:Spinner":11,"Odd Mushroom":7,"reliquary:Sod":16,"reliquary:Bookmark":25,"sneckomod:BabySnecko":18,"Pondfish Scales":8,"Snecko Eye":11,"sneckomod:SleevedAce":18,"reliquary:Craggleroot":23,"Art of War":28,"Pocketwatch":31},{"reliquary:FeatherDuster":132,"Lantern":102,"reliquary:Boomerang":132,"downfall:HeartBlessingGreen":110,"Juzu Bracelet":26,"Bag of Preparation":70,"sneckomod:SneckoSoul":0,"Ancient Tea Set":86,"reliquary:HotPoker":30,"Dream Catcher":117,"Chameleon Ring":0,"HornCleat":77,"Shovel":102,"downfall:HeartBlessingBlue":40,"Philosopher\u0027s Stone":0,"Kunai":132,"Replay:Wax Seal":99,"downfall:ShatteredFragment":26,"downfall:HeartBlessingRed":94,"Oddly Smooth Stone":46,"Replay:WaspNest":110,"reliquary:Spinner":53,"Odd Mushroom":34,"reliquary:Sod":70,"reliquary:Bookmark":99,"sneckomod:BabySnecko":77,"Pondfish Scales":40,"Snecko Eye":53,"sneckomod:SleevedAce":77,"reliquary:Craggleroot":94,"Art of War":110,"Pocketwatch":119}],"Pocketwatch":[0]},"card_choices":[{"not_picked":["sneckomod:SoulDraw","sneckomod:Unknown2Cost"],"picked":"sneckomod:PureSnecko","floor":2},{"not_picked":["sneckomod:WideSting","sneckomod:CheapStock"],"picked":"sneckomod:UnknownCommonSkill","floor":3},{"not_picked":["sneckomod:UnknownClassMARKED_PURPLE_COLOR","sneckomod:UnknownStrike"],"picked":"sneckomod:SerpentIdol","floor":5},{"not_picked":["sneckomod:UnknownClassTHE_BRONZE_AUTOMATON","sneckomod:DiceCrush","sneckomod:UnknownClassGUARDIAN"],"picked":"SKIP","floor":6},{"not_picked":["sneckomod:PureSnecko","sneckomod:MixItUp"],"picked":"sneckomod:UnknownDraw","floor":8},{"not_picked":["sneckomod:UnknownClassGUARDIAN","sneckomod:UnknownClassSLIMEBOUND"],"picked":"sneckomod:SlitherStrike","floor":10},{"not_picked":["sneckomod:UnknownX","sneckomod:UnknownUncommonSkill"],"picked":"sneckomod:UnknownClassHEXA_GHOST_PURPLE","floor":11},{"not_picked":["sneckomod:UnknownClassTHE_CHAMP_GRAY","sneckomod:WideSting"],"picked":"sneckomod:UnknownUncommonAttack","floor":12},{"not_picked":["sneckomod:Memorize","sneckomod:UnknownClassRED"],"picked":"sneckomod:UnknownBoss","floor":14},{"not_picked":["sneckomod:UnknownClassSLIMEBOUND","sneckomod:UnknownClassTHE_CHAMP_GRAY"],"picked":"sneckomod:SoulDraw","floor":15},{"not_picked":["sneckomod:UnknownRareSkill","sneckomod:SoulExchange"],"picked":"sneckomod:Restock","floor":16},{"not_picked":["sneckomod:UnknownClassHEXA_GHOST_PURPLE","sneckomod:SoulDraw"],"picked":"sneckomod:Rotation","floor":19},{"not_picked":["sneckomod:Nope","sneckomod:DiceCrush"],"picked":"sneckomod:MasterEye","floor":20},{"not_picked":["sneckomod:Nope","sneckomod:MasterEye+1"],"picked":"sneckomod:SnakeSap","floor":21},{"not_picked":["sneckomod:UnknownVulnerable","sneckomod:UnknownClassTHE_BRONZE_AUTOMATON"],"picked":"sneckomod:CheapStock","floor":22},{"not_picked":["sneckomod:DiceBoulder+1","sneckomod:Memorize"],"picked":"sneckomod:PureSnecko","floor":23},{"not_picked":["sneckomod:UnknownVulnerable","sneckomod:UnknownClassGUARDIAN","sneckomod:Unknown1Cost"],"picked":"SKIP","floor":25},{"not_picked":["sneckomod:Nope","sneckomod:UnknownUncommonAttack"],"picked":"sneckomod:SoulCleanse","floor":26},{"not_picked":["sneckomod:UnknownDexterity","sneckomod:SerpentIdol"],"picked":"sneckomod:Rotation","floor":29},{"not_picked":["sneckomod:UnknownClassTHE_BRONZE_AUTOMATON","sneckomod:Nope"],"picked":"sneckomod:UnknownRareAttack","floor":30},{"not_picked":["sneckomod:UnknownCommonAttack","sneckomod:UnknownClassHEXA_GHOST_PURPLE+1","sneckomod:MasterEye"],"picked":"SKIP","floor":31},{"not_picked":["sneckomod:ImprovisedGuard","sneckomod:UnknownClassPURPLE"],"picked":"sneckomod:UnknownDexterity","floor":32},{"not_picked":["sneckomod:MorePower","sneckomod:GlitteringGambit"],"picked":"sneckomod:SerpentMind","floor":33},{"not_picked":["sneckomod:UnknownCommonSkill","sneckomod:UnknownClassSLIMEBOUND+1","sneckomod:DiceBlock"],"picked":"SKIP","floor":36},{"not_picked":["sneckomod:UnknownClassSLIMEBOUND","sneckomod:Unknown0Cost"],"picked":"sneckomod:Mudshield","floor":38},{"not_picked":["sneckomod:UnknownClassMARKED_PURPLE_COLOR","sneckomod:UnknownDexterity","sneckomod:UnknownClassTHE_BRONZE_AUTOMATON+1"],"picked":"SKIP","floor":40},{"not_picked":["sneckomod:UnknownClassMARKED_PURPLE_COLOR","sneckomod:UnknownClassBLUE","sneckomod:UnknownUncommonAttack"],"picked":"SKIP","floor":42},{"not_picked":["sneckomod:UnknownDexterity","sneckomod:UnknownColorless","sneckomod:DefensiveFlair"],"picked":"SKIP","floor":43},{"not_picked":["sneckomod:MasterEye","sneckomod:DiceCrush","sneckomod:UnknownClassMARKED_PURPLE_COLOR"],"picked":"SKIP","floor":45},{"not_picked":["sneckomod:UnknownClassMARKED_PURPLE_COLOR","sneckomod:Unknown3Cost","sneckomod:SerpentIdol+1"],"picked":"SKIP","floor":46},{"not_picked":["sneckomod:UnknownExhaust+1","sneckomod:SoulRoll","sneckomod:UnknownClassBLUE+1"],"picked":"SKIP","floor":48},{"not_picked":["sneckomod:SoulDraw","sneckomod:UnknownDraw+1","sneckomod:UnendingSupply"],"picked":"SKIP","floor":49},{"not_picked":["sneckomod:Nope","sneckomod:UnknownWeak","sneckomod:GlitteringGambit"],"picked":"SKIP","floor":52}],"player_experience":2202510,"relics_obtained":[{"floor":1,"key":"Chameleon Ring"},{"floor":8,"key":"Juzu Bracelet"},{"floor":10,"key":"reliquary:HotPoker"},{"floor":11,"key":"Odd Mushroom"},{"floor":12,"key":"Pondfish Scales"},{"floor":14,"key":"Oddly Smooth Stone"},{"floor":18,"key":"reliquary:Spinner"},{"floor":23,"key":"reliquary:Sod"},{"floor":24,"key":"Bag of Preparation"},{"floor":31,"key":"Ancient Tea Set"},{"floor":40,"key":"Shovel"},{"floor":41,"key":"Lantern"},{"floor":43,"key":"Art of War"},{"floor":44,"key":"Replay:WaspNest"},{"floor":46,"key":"Dream Catcher"},{"floor":47,"key":"Pocketwatch"},{"floor":52,"key":"reliquary:Boomerang"},{"floor":54,"key":"Kunai"}],"event_choices":[{"damage_healed":0,"gold_gain":0,"player_choice":"Fought Mushrooms","damage_taken":0,"max_hp_gain":0,"max_hp_loss":0,"event_name":"Mushrooms","floor":11,"gold_loss":0},{"damage_healed":0,"gold_gain":0,"player_choice":"Fight","damage_taken":0,"max_hp_gain":0,"max_hp_loss":0,"event_name":"Mysterious Sphere","floor":47,"gold_loss":0}],"is_beta":false,"boss_relics":[{"not_picked":["Tiny House","Runic Dome"],"picked":"Snecko Eye"},{"not_picked":["reliquary:WritOfMandamus","Replay:Bronze Core"],"picked":"reliquary:Craggleroot"}],"items_purged_floors":[38],"is_endless":false,"potions_floor_spawned":[2,5,8,11,15,16,20,22,23,29,31,40,42,45,48],"ascension_level":13}}