{"host":"qxeepl7ydvsgmfdb","time":1613491519,"event":{"mods":["AchievementEnabler","BaseMod","Colored Powertips","Minty Spire (QoL Compilation)","Quick Restart","slay the spire mod where everything is the same but ironclad has a cowboy hat"],"gold_per_floor":[114,114,114,131,131,159,159,173,173,15,33,48,68,26,26,26,26],"floor_reached":16,"language":"ENG","playtime":438,"items_purged":[],"score":235,"play_id":"c9bd39ff-1ccc-4b24-bb2c-0cc2039bb5d0","local_time":"20210216110519","is_ascension_mode":true,"campfire_choices":[{"floor":7,"key":"REST"},{"floor":15,"key":"REST"}],"circlet_count":0,"master_deck":["AscendersBane","Strike_G+1","Strike_G","Strike_G+1","Defend_G","Defend_G","Defend_G","Defend_G","Defend_G","Survivor","Neutralize","All Out Attack","Poisoned Stab","Cloak And Dagger","Deadly Poison","Accuracy"],"relics":["Ring of the Snake","NeowsBlessing","Toy Ornithopter","HornCleat","Membership Card"],"acts_visited":["Exordium"],"potions_floor_usage":[16,16],"damage_taken":[{"damage":0,"enemies":"2 Louse","floor":1,"turns":1},{"damage":0,"enemies":"Jaw Worm","floor":4,"turns":1},{"damage":0,"enemies":"Lagavulin","floor":6,"turns":1},{"damage":7,"enemies":"Small Slimes","floor":8,"turns":5},{"damage":6,"enemies":"Exordium Thugs","floor":11,"turns":5},{"damage":0,"enemies":"Lots of Slimes","floor":12,"turns":2},{"damage":2,"enemies":"Red Slaver","floor":13,"turns":3},{"damage":74,"enemies":"Slime Boss","floor":16,"turns":10}],"seed_played":"-557322412998653502","potions_obtained":[{"floor":8,"key":"GamblersBrew"},{"floor":12,"key":"SteroidPotion"}],"is_trial":false,"path_per_floor":["M","?","?","M","?","E","R","M","T","$","M","M","M","$","R","B"],"character_chosen":"THE_SILENT","items_purchased":["Membership Card","Accuracy"],"campfire_rested":2,"item_purchase_floors":[10,14],"current_hp_per_floor":[59,59,52,52,32,32,51,44,44,44,38,38,36,36,55,0,0],"gold":26,"neow_bonus":"THREE_ENEMY_KILL","is_daily":false,"chose_seed":false,"campfire_upgraded":0,"win_rate":0.0,"timestamp":1613491519,"path_taken":["M","?","?","M","?","E","R","M","T","$","M","?","M","?","R","BOSS"],"items_purchased_type":["Relic","Card"],"build_version":"2020-12-22","purchased_purges":0,"victory":false,"max_hp_per_floor":[66,66,66,66,66,66,66,66,66,66,66,66,66,66,66,66,66],"card_choices":[{"not_picked":["Acrobatics","Flying Knee","Outmaneuver"],"picked":"SKIP","floor":1},{"not_picked":["Flechettes","Flying Knee","Backflip"],"picked":"SKIP","floor":4},{"not_picked":["Dagger Spray","Bane"],"picked":"All Out Attack","floor":6},{"not_picked":["Setup","Dodge and Roll"],"picked":"Poisoned Stab","floor":8},{"not_picked":["Acrobatics","Bouncing Flask"],"picked":"Cloak And Dagger","floor":11},{"not_picked":["PiercingWail","Storm of Steel","Caltrops"],"picked":"SKIP","floor":12},{"not_picked":["Predator","Outmaneuver"],"picked":"Deadly Poison","floor":13}],"player_experience":158519,"relics_obtained":[{"floor":6,"key":"Toy Ornithopter"},{"floor":9,"key":"HornCleat"}],"event_choices":[{"cards_removed":["Strike_G"],"damage_healed":0,"gold_gain":0,"player_choice":"Forget","damage_taken":0,"max_hp_gain":0,"max_hp_loss":0,"event_name":"Living Wall","floor":2,"gold_loss":0},{"cards_removed":["Strike_G"],"damage_healed":0,"gold_gain":0,"player_choice":"Card Removal","damage_taken":7,"max_hp_gain":0,"max_hp_loss":0,"event_name":"Golden Wing","floor":3,"gold_loss":0},{"damage_healed":0,"gold_gain":0,"player_choice":"Entered Light","damage_taken":20,"max_hp_gain":0,"max_hp_loss":0,"event_name":"Shining Light","floor":5,"gold_loss":0,"cards_upgraded":["Strike_G","Strike_G"]}],"is_beta":false,"boss_relics":[],"items_purged_floors":[],"is_endless":false,"potions_floor_spawned":[8,12],"killed_by":"Slime Boss","ascension_level":17}}