{"host":"st1kg310ms6sytc5","time":1613499437,"event":{"mods":["ATMod(°¢èªMod)","Act Like it!","BaseMod","CapriCore","Lobotomy","LobotomyExtend","Minty Spire (QoL Compilation)","Reliquary","StSLib","SuperFastMode","Wide Potions","[IsaacMod]ÒÔÈö¼âËþ","¡¾ÒÅÎï¿¨ÅÆ¡¿REMEMod"],"gold_per_floor":[109,119,119,119,134,168,168,189,189,229,242,275,288,288,288,409,409,409,409],"floor_reached":18,"language":"ZHS","playtime":871,"items_purged":[],"score":244,"play_id":"7b613438-074c-4d93-9d09-22b7a52b5877","local_time":"20210217021717","is_ascension_mode":true,"campfire_choices":[{"data":"AT_EmpoweredMortalDraw","floor":7,"key":"SMITH"},{"data":"AT_KneejerkReflex","floor":15,"key":"SMITH"}],"circlet_count":0,"master_deck":["Survivor","Neutralize","AT_EmpoweredMortalDraw+1","AT_ChampionStep","UniverseFragment","Dagger Spray","SpiderBud","AT_KneejerkReflex+1","AT_WindFlip","MHz","Acrobatics","DespairKnight","Burst","Phantasmal Killer","Crippling Poison","Phantasmal Killer","A Thousand Cuts","Wraith Form v2","Unload","Dagger Spray","AT_WindRun","Endless Agony"],"relics":["Ring of the Snake","AT_ATBox","REME_ComplimentaryCards","HushsDoor","DoctorsRemote","CogitoBucket","LetterFromLob","Golden Idol","MagicBullet_r","LaetitiaHeart","InspiredRelic","UnicornStump","Girya","reliquary:Spinner","AspirationHeart","AT_ChloranthyRing","Pandora\u0027s Box"],"acts_visited":["Exordium","TheCity"],"potions_floor_usage":[11,11],"damage_taken":[{"damage":3,"enemies":"2 Louse","floor":1,"turns":2},{"damage":0,"enemies":"Jaw Worm","floor":2,"turns":3},{"damage":0,"enemies":"Jaw Worm","floor":4,"turns":1},{"damage":0,"enemies":"Jaw Worm","floor":4,"turns":1},{"damage":0,"enemies":"Jaw Worm","floor":4,"turns":1},{"damage":0,"enemies":"Cultist","floor":5,"turns":2},{"damage":0,"enemies":"3 Sentries","floor":6,"turns":1},{"damage":0,"enemies":"2 Fungi Beasts","floor":8,"turns":2},{"damage":20,"enemies":"Gremlin Nob","floor":10,"turns":2},{"damage":21,"enemies":"Blue Slaver","floor":11,"turns":6},{"damage":0,"enemies":"3 Sentries","floor":12,"turns":2},{"damage":0,"enemies":"Large Slime","floor":13,"turns":2},{"damage":26,"enemies":"Hexaghost","floor":16,"turns":9},{"damage":75,"enemies":"Shell Parasite","floor":18,"turns":4}],"seed_played":"-8502097842953566008","potions_obtained":[{"floor":2,"key":"Fire Potion"},{"floor":8,"key":"FearPotion"},{"floor":10,"key":"CunningPotion"},{"floor":13,"key":"Energy Potion"},{"floor":16,"key":"LiquidBronze"}],"is_trial":false,"path_per_floor":["M","M","?","?","M","E","R","M","T","E","M","E","M","E","R","B",null,"M"],"character_chosen":"THE_SILENT","items_purchased":[],"campfire_rested":0,"item_purchase_floors":[],"current_hp_per_floor":[67,67,50,56,56,56,56,56,56,36,25,25,25,75,75,49,75,0,0],"gold":409,"neow_bonus":"","is_daily":false,"chose_seed":false,"campfire_upgraded":2,"win_rate":0.0,"timestamp":1613499437,"path_taken":["M","M","?","?","M","E","R","M","T","E","M","E","M","E","R","BOSS","M"],"items_purchased_type":[],"build_version":"2020-12-22","purchased_purges":0,"victory":false,"max_hp_per_floor":[70,70,70,65,65,65,65,65,65,65,75,75,75,75,75,75,75,75,75],"card_choices":[{"not_picked":[],"picked":"ChaosCard","floor":0},{"not_picked":["NakedNest","CrumblingArmor"],"picked":"UniverseFragment","floor":1},{"not_picked":["Dagger Throw","Deflect"],"picked":"Dagger Spray","floor":1},{"not_picked":["CherryBlossoms","PunishingBird"],"picked":"SpiderBud","floor":2},{"not_picked":["Dagger Throw","Unload","Poisoned Stab"],"picked":"SKIP","floor":2},{"not_picked":["Distraction","Dash"],"picked":"AT_KneejerkReflex","floor":5},{"not_picked":["Catalyst","REME_ShadowForm"],"picked":"AT_WindFlip","floor":6},{"not_picked":["OSAHOGD","Rudolta"],"picked":"MHz","floor":8},{"not_picked":["Dagger Spray","AT_WomanClash"],"picked":"Acrobatics","floor":8},{"not_picked":["OldLady","Porccubus"],"picked":"DespairKnight","floor":10},{"not_picked":["Bomb","Dodge and Roll"],"picked":"Burst","floor":10},{"not_picked":["PiercingWail","AT_WindFlip","Outmaneuver"],"picked":"SKIP","floor":11},{"not_picked":["Underhanded Strike","Caltrops","Dagger Throw"],"picked":"SKIP","floor":12},{"not_picked":["Underhanded Strike","Choke","Poisoned Stab"],"picked":"SKIP","floor":13}],"player_experience":1453875,"relics_obtained":[{"floor":1,"key":"LetterFromLob"},{"floor":6,"key":"UnicornStump"},{"floor":9,"key":"Girya"},{"floor":10,"key":"reliquary:Spinner"},{"floor":12,"key":"AT_ChloranthyRing"}],"event_choices":[{"damage_healed":0,"gold_gain":0,"player_choice":"Take Damage","damage_taken":17,"relics_obtained":["Golden Idol"],"max_hp_gain":0,"max_hp_loss":0,"event_name":"Golden Idol","floor":3,"gold_loss":0}],"is_beta":false,"boss_relics":[{"not_picked":["Tiny House","Snecko Eye"],"picked":"Pandora\u0027s Box"},{"not_picked":[]}],"items_purged_floors":[],"is_endless":false,"potions_floor_spawned":[2,5,8,10,13,16],"killed_by":"Shell Parasite","ascension_level":1}}