{"host":"r3islh0l1a1ykxfu","time":1613508158,"event":{"mods":["BaseMod","Bestiary","Colored Map","Colored Powertips","Highlight Path","Minty Spire (QoL Compilation)","Relic Stats","Slay-I"],"gold_per_floor":[17,37,50,60,60,94,19,19,19,19,38,57,57,82,82,202,202,225,249,1,16,16,16,16],"floor_reached":23,"language":"ENG","playtime":3493,"items_purged":["Injury","Strike_R"],"score":244,"play_id":"3043cc58-836a-48ac-b8e5-e6630b91f193","local_time":"20210216144238","is_ascension_mode":true,"campfire_choices":[{"floor":8,"key":"REST"},{"floor":13,"key":"REST"},{"data":"Hemokinesis","floor":15,"key":"SMITH"}],"circlet_count":0,"master_deck":["Strike_R","Strike_R","Strike_R","Strike_R","Defend_R","Defend_R","Bash","Hemokinesis+1","Anger","Shockwave","Combust","Wild Strike","Iron Wave","Warcry","Flex","Corruption","Sword Boomerang","Warcry+1","Brutality"],"relics":["Burning Blood","Golden Idol","Mummified Hand","Sundial","Philosopher\u0027s Stone"],"acts_visited":["Exordium","TheCity"],"potions_floor_usage":[4,21,23],"damage_taken":[{"damage":9,"enemies":"Jaw Worm","floor":1,"turns":2},{"damage":15,"enemies":"2 Louse","floor":2,"turns":2},{"damage":2,"enemies":"Cultist","floor":3,"turns":2},{"damage":16,"enemies":"Red Slaver","floor":4,"turns":2},{"damage":40,"enemies":"Lagavulin","floor":6,"turns":4},{"damage":3,"enemies":"2 Fungi Beasts","floor":11,"turns":3},{"damage":13,"enemies":"Blue Slaver","floor":12,"turns":2},{"damage":10,"enemies":"Exordium Thugs","floor":14,"turns":3},{"damage":44,"enemies":"Slime Boss","floor":16,"turns":8},{"damage":13,"enemies":"Chosen","floor":18,"turns":3},{"damage":16,"enemies":"Spheric Guardian","floor":19,"turns":3},{"damage":28,"enemies":"Snecko","floor":21,"turns":4},{"damage":32,"enemies":"Sentry and Sphere","floor":23,"turns":3}],"seed_played":"4760214199831294457","potions_obtained":[{"floor":1,"key":"GamblersBrew"},{"floor":2,"key":"AttackPotion"},{"floor":6,"key":"Swift Potion"},{"floor":11,"key":"Explosive Potion"},{"floor":21,"key":"Regen Potion"}],"is_trial":false,"path_per_floor":["M","M","M","M","?","E","$","R","T","?","M","M","R","M","R","B",null,"M","M","$","M","?","M"],"character_chosen":"IRONCLAD","items_purchased":["Brutality"],"campfire_rested":2,"item_purchase_floors":[20],"current_hp_per_floor":[77,68,72,62,62,28,28,52,52,52,55,48,72,68,68,30,68,61,51,51,29,21,0,0],"gold":16,"neow_bonus":"TRANSFORM_TWO_CARDS","is_daily":false,"chose_seed":false,"campfire_upgraded":1,"win_rate":0.0,"timestamp":1613508158,"path_taken":["M","M","M","M","?","E","$","R","T","?","?","M","R","M","R","BOSS","M","M","$","M","?","?"],"items_purchased_type":["Card"],"build_version":"2020-12-22","purchased_purges":2,"victory":false,"max_hp_per_floor":[80,80,80,80,80,80,80,80,80,80,80,80,80,80,80,80,80,80,80,80,80,80,80,80],"relic_stats":{"counters":[13,41],"Golden Idol":57,"Mummified Hand":[8],"Sundial":[2],"obtain_stats":[{"Golden Idol":5,"Mummified Hand":6,"Sundial":9,"Philosopher\u0027s Stone":17,"Burning Blood":0},{"Golden Idol":4,"Mummified Hand":5,"Sundial":5,"Philosopher\u0027s Stone":9,"Burning Blood":0},{"Golden Idol":8,"Mummified Hand":12,"Sundial":12,"Philosopher\u0027s Stone":28,"Burning Blood":0}],"Burning Blood":72},"card_choices":[{"not_picked":["Dual Wield","Havoc"],"picked":"Shockwave","floor":1},{"not_picked":["Entrench","Armaments"],"picked":"Combust","floor":2},{"not_picked":["Sword Boomerang","Perfected Strike"],"picked":"Wild Strike","floor":3},{"not_picked":["Shockwave","Entrench","Clothesline"],"picked":"SKIP","floor":4},{"not_picked":["Perfected Strike","Spot Weakness"],"picked":"Iron Wave","floor":6},{"not_picked":["Sword Boomerang","Pummel"],"picked":"Warcry","floor":11},{"not_picked":["Anger","Sever Soul","Pummel"],"picked":"SKIP","floor":12},{"not_picked":["Brutality","Cleave"],"picked":"Flex","floor":14},{"not_picked":["Limit Break","Fiend Fire"],"picked":"Corruption","floor":16},{"not_picked":["Twin Strike","Rage+1"],"picked":"Sword Boomerang","floor":18},{"not_picked":["Second Wind","Bloodletting"],"picked":"Warcry+1","floor":19},{"not_picked":["Anger+1","Whirlwind+1","Reckless Charge"],"picked":"SKIP","floor":21}],"player_experience":1289592,"relics_obtained":[{"floor":6,"key":"Mummified Hand"},{"floor":9,"key":"Sundial"}],"event_choices":[{"damage_healed":0,"gold_gain":0,"player_choice":"Take Wound","damage_taken":0,"relics_obtained":["Golden Idol"],"max_hp_gain":0,"max_hp_loss":0,"event_name":"Golden Idol","floor":5,"gold_loss":0,"cards_obtained":["Injury"]},{"damage_healed":0,"gold_gain":0,"player_choice":"Ignored","damage_taken":0,"max_hp_gain":0,"max_hp_loss":0,"event_name":"Liars Game","floor":10,"gold_loss":0},{"damage_healed":0,"gold_gain":0,"player_choice":"Damaged","damage_taken":8,"max_hp_gain":0,"max_hp_loss":0,"event_name":"Wheel of Change","floor":22,"gold_loss":0}],"is_beta":false,"boss_relics":[{"not_picked":["Fusion Hammer","Runic Cube"],"picked":"Philosopher\u0027s Stone"}],"items_purged_floors":[7,20],"is_endless":false,"potions_floor_spawned":[1,2,6,11,21],"killed_by":"Sentry and Sphere","ascension_level":5}}