{"host":"zxo0hh95ci93qotr","time":1613447032,"event":{"mods":["AchievementEnabler","BaseMod","Googly Eyes","Minty Spire (QoL Compilation)","StSLib"],"gold_per_floor":[112,112,130,55,55,55,88,88,111,129,149,149,162,191,191,294,294,313,313,331,36,36,36,36,67,91,91,103,130,80,6,6,110,110,123,123,137,137,37,62,62,88,88,88,41,76,176,176,176,176],"floor_reached":51,"language":"ENG","playtime":1665,"items_purged":["Defend_B","Strike_B"],"score":1024,"play_id":"ffd5e252-575d-4e71-b93c-115d717c58d3","local_time":"20210215214352","is_ascension_mode":true,"campfire_choices":[{"data":"Defend_B","floor":6,"key":"SMITH"},{"floor":8,"key":"DIG"},{"floor":15,"key":"DIG"},{"floor":23,"key":"DIG"},{"floor":27,"key":"DIG"},{"floor":32,"key":"REST"},{"floor":41,"key":"DIG"},{"floor":44,"key":"DIG"},{"floor":49,"key":"DIG"}],"circlet_count":0,"master_deck":["Strike_B","Strike_B+1","Defend_B+1","Defend_B+1","Defend_B+1","Zap+1","Dualcast","Double Energy","Auto Shields+1","Leap","Defragment+1","Rebound+1","Rip and Tear","Cold Snap","White Noise+1","Electrodynamics+1","Consume","Stack+1","Loop+1","Buffer+1","Ball Lightning","Defragment+1","Tempest","Machine Learning+1","Ball Lightning+1","Steam Power+1"],"relics":["Cracked Core","NeowsBlessing","Shovel","Frozen Egg 2","Juzu Bracelet","Whetstone","Sozu","Runic Capacitor","War Paint","NlothsMask","Boot","Nloth\u0027s Gift","InkBottle","Bottled Tornado","Bottled Lightning","Fusion Hammer","Lantern","Akabeko","Mummified Hand","Molten Egg 2","Strawberry","Mercury Hourglass","Kunai"],"acts_visited":["Exordium","TheCity","TheBeyond"],"potions_floor_usage":[11,13,14,14,25],"damage_taken":[{"damage":0,"enemies":"Jaw Worm","floor":1,"turns":1},{"damage":0,"enemies":"Cultist","floor":3,"turns":1},{"damage":0,"enemies":"Lagavulin","floor":7,"turns":1},{"damage":0,"enemies":"2 Louse","floor":10,"turns":3},{"damage":17,"enemies":"Lots of Slimes","floor":11,"turns":4},{"damage":20,"enemies":"Gremlin Gang","floor":13,"turns":4},{"damage":12,"enemies":"Gremlin Nob","floor":14,"turns":3},{"damage":32,"enemies":"Slime Boss","floor":16,"turns":12},{"damage":7,"enemies":"Shell Parasite","floor":18,"turns":5},{"damage":2,"enemies":"3 Byrds","floor":20,"turns":3},{"damage":31,"enemies":"Slavers","floor":25,"turns":3},{"damage":6,"enemies":"Sentry and Sphere","floor":28,"turns":4},{"damage":12,"enemies":"Gremlin Leader","floor":29,"turns":3},{"damage":0,"enemies":"Automaton","floor":33,"turns":6},{"damage":0,"enemies":"3 Shapes","floor":35,"turns":2},{"damage":0,"enemies":"Orb Walker","floor":37,"turns":3},{"damage":11,"enemies":"Reptomancer","floor":40,"turns":4},{"damage":18,"enemies":"Giant Head","floor":42,"turns":8},{"damage":0,"enemies":"Nemesis","floor":46,"turns":4},{"damage":26,"enemies":"Donu and Deca","floor":50,"turns":4}],"seed_played":"-1490509306220725884","potions_obtained":[{"floor":2,"key":"Strength Potion"},{"floor":2,"key":"FairyPotion"},{"floor":2,"key":"PotionOfCapacity"},{"floor":3,"key":"EntropicBrew"},{"floor":7,"key":"Regen Potion"},{"floor":11,"key":"BlessingOfTheForge"}],"is_trial":false,"path_per_floor":["M","?","M","$","?","R","E","R","T","M","M","?","M","E","R","B",null,"M","?","M","$","?","R","?","E","T","R","M","E","?","$","R","B",null,"M","?","M","?","$","E","R","E","T","R","$","E","?","?","R","B",null],"character_chosen":"DEFECT","items_purchased":["Runic Capacitor","War Paint","Loop+1","Ball Lightning+1"],"campfire_rested":1,"item_purchase_floors":[21,21,31,45],"current_hp_per_floor":[75,75,75,75,60,60,60,60,60,60,60,60,45,43,43,11,75,68,68,66,66,66,66,66,35,35,35,29,17,17,17,39,39,75,75,75,75,75,75,64,64,46,46,53,53,53,53,53,53,27],"gold":176,"neow_bonus":"THREE_ENEMY_KILL","is_daily":false,"chose_seed":false,"campfire_upgraded":1,"win_rate":0.0,"timestamp":1613447032,"path_taken":["M","?","?","$","?","R","E","R","T","M","M","?","?","E","R","BOSS","M","?","M","?","?","R","?","E","T","R","M","E","?","?","R","BOSS","M","?","M","?","?","E","R","E","T","R","$","E","?","?","R","BOSS"],"items_purchased_type":["Relic","Relic","Card","Card"],"build_version":"2020-12-22","purchased_purges":2,"victory":true,"max_hp_per_floor":[75,75,75,75,75,75,75,75,75,75,75,75,75,75,75,75,75,75,75,75,75,75,75,75,75,75,75,75,75,75,75,75,75,75,75,75,75,75,75,75,75,75,75,82,82,82,82,82,82,82],"card_choices":[{"not_picked":["Beam Cell","Turbo"],"picked":"Double Energy","floor":1},{"not_picked":["Hologram","Glacier"],"picked":"Auto Shields","floor":3},{"not_picked":["Hello World","Sweeping Beam"],"picked":"Leap","floor":7},{"not_picked":["Compile Driver","Leap"],"picked":"Defragment+1","floor":10},{"not_picked":["Skim","Fusion"],"picked":"Rebound","floor":11},{"not_picked":["Tempest","Steam Power"],"picked":"Cold Snap","floor":13},{"not_picked":["Rip and Tear","Undo"],"picked":"White Noise","floor":14},{"not_picked":["Echo Form+1","Reboot"],"picked":"Electrodynamics+1","floor":16},{"not_picked":["Gash","Reprogram+1","Hologram"],"picked":"SKIP","floor":18},{"not_picked":["Leap","Barrage"],"picked":"Steam+1","floor":20},{"not_picked":["Reprogram+1","Multi-Cast","Scrape"],"picked":"SKIP","floor":25},{"not_picked":["Beam Cell+1","Coolheaded+1"],"picked":"Consume","floor":28},{"not_picked":["Tempest","Redo"],"picked":"Stack+1","floor":29},{"not_picked":["All For One","Fission"],"picked":"Buffer+1","floor":33},{"not_picked":["Steam","Cold Snap+1"],"picked":"Ball Lightning","floor":35},{"not_picked":["Gash+1","Biased Cognition+1","Rebound"],"picked":"SKIP","floor":37},{"not_picked":["Fusion+1","Darkness"],"picked":"Tempest","floor":40},{"not_picked":["Leap","Chill"],"picked":"Machine Learning+1","floor":42},{"not_picked":["Cold Snap+1","White Noise+1"],"picked":"Steam Power+1","floor":46}],"player_experience":216888,"relics_obtained":[{"floor":7,"key":"Shovel"},{"floor":8,"key":"Frozen Egg 2"},{"floor":9,"key":"Toy Ornithopter"},{"floor":14,"key":"Juzu Bracelet"},{"floor":15,"key":"Whetstone"},{"floor":23,"key":"Boot"},{"floor":25,"key":"InkBottle"},{"floor":27,"key":"Bottled Tornado"},{"floor":29,"key":"Bottled Lightning"},{"floor":40,"key":"Lantern"},{"floor":41,"key":"Akabeko"},{"floor":42,"key":"Mummified Hand"},{"floor":43,"key":"Molten Egg 2"},{"floor":44,"key":"Strawberry"},{"floor":46,"key":"Mercury Hourglass"},{"floor":49,"key":"Kunai"}],"event_choices":[{"damage_healed":0,"gold_gain":0,"player_choice":"Got Potions","damage_taken":0,"max_hp_gain":0,"max_hp_loss":0,"event_name":"Lab","floor":2,"gold_loss":0},{"damage_healed":0,"gold_gain":0,"player_choice":"Entered Light","damage_taken":15,"max_hp_gain":0,"max_hp_loss":0,"event_name":"Shining Light","floor":5,"gold_loss":0,"cards_upgraded":["Defend_B","Defend_B"]},{"damage_healed":0,"gold_gain":0,"player_choice":"1 cards matched","damage_taken":0,"max_hp_gain":0,"max_hp_loss":0,"event_name":"Match and Keep!","floor":12,"gold_loss":0,"cards_obtained":["Rip and Tear"]},{"cards_removed":["Strike_B"],"damage_healed":0,"gold_gain":0,"player_choice":"Purged","damage_taken":0,"max_hp_gain":0,"max_hp_loss":0,"event_name":"Purifier","floor":19,"gold_loss":0},{"damage_healed":0,"gold_gain":0,"player_choice":"Trade","damage_taken":0,"relics_obtained":["NlothsMask"],"max_hp_gain":0,"max_hp_loss":0,"event_name":"FaceTrader","floor":22,"gold_loss":0},{"damage_healed":0,"gold_gain":0,"player_choice":"Traded Relic","damage_taken":0,"relics_obtained":["Nloth\u0027s Gift"],"max_hp_gain":0,"max_hp_loss":0,"event_name":"N\u0027loth","floor":24,"relics_lost":["Toy Ornithopter"],"gold_loss":0},{"damage_healed":0,"gold_gain":0,"player_choice":"Bet on Owner","damage_taken":0,"max_hp_gain":0,"max_hp_loss":0,"event_name":"The Joust","floor":30,"gold_loss":50},{"damage_healed":0,"gold_gain":0,"player_choice":"Copied","damage_taken":0,"max_hp_gain":0,"max_hp_loss":0,"event_name":"Duplicator","floor":36,"gold_loss":0,"cards_obtained":["Defragment"]},{"damage_healed":0,"gold_gain":0,"player_choice":"Upgraded","damage_taken":0,"max_hp_gain":0,"max_hp_loss":0,"event_name":"Upgrade Shrine","floor":38,"gold_loss":0,"cards_upgraded":["Zap"]},{"damage_healed":0,"gold_gain":100,"player_choice":"Pray","damage_taken":0,"max_hp_gain":0,"max_hp_loss":0,"event_name":"Golden Shrine","floor":47,"gold_loss":0},{"cards_removed":["Steam"],"damage_healed":0,"gold_gain":0,"player_choice":"Removed Skill","damage_taken":0,"max_hp_gain":0,"max_hp_loss":0,"event_name":"Falling","floor":48,"gold_loss":0}],"is_beta":false,"boss_relics":[{"not_picked":["SlaversCollar","Astrolabe"],"picked":"Sozu"},{"not_picked":["Philosopher\u0027s Stone","FrozenCore"],"picked":"Fusion Hammer"}],"items_purged_floors":[4,39],"is_endless":false,"potions_floor_spawned":[3,7,11,20,25,40,46],"ascension_level":3}}