{"host":"kvo7eymyd21g9abd","time":1613434487,"event":{"mods":["AchievementEnabler","BaseMod","Bestiary","Colored Map","Minty Spire (QoL Compilation)","StSLib"],"gold_per_floor":[109,109,127,145,163,193,193,207,230,242,242,242],"floor_reached":11,"language":"ENG","playtime":258,"items_purged":[],"score":104,"play_id":"3f7964f7-2c47-44df-883a-d6aa0d916d6a","local_time":"20210215191447","is_ascension_mode":true,"campfire_choices":[{"floor":7,"key":"REST"}],"circlet_count":0,"master_deck":["Strike_R","Strike_R","Strike_R","Strike_R","Strike_R","Defend_R","Defend_R","Defend_R","Defend_R","Bash","Power Through+1","Armaments","Whirlwind","Dark Embrace","Offering","Infernal Blade","Flame Barrier"],"relics":["Burning Blood","NeowsBlessing","Bag of Marbles"],"acts_visited":["Exordium"],"potions_floor_usage":[6,11],"damage_taken":[{"damage":0,"enemies":"Small Slimes","floor":1,"turns":1},{"damage":0,"enemies":"Cultist","floor":3,"turns":1},{"damage":0,"enemies":"2 Louse","floor":4,"turns":1},{"damage":0,"enemies":"Lots of Slimes","floor":5,"turns":1},{"damage":44,"enemies":"Gremlin Nob","floor":6,"turns":5},{"damage":6,"enemies":"2 Fungi Beasts","floor":8,"turns":5},{"damage":22,"enemies":"Exordium Thugs","floor":10,"turns":3},{"damage":66,"enemies":"Lagavulin","floor":11,"turns":6}],"seed_played":"-6743659630548608286","potions_obtained":[{"floor":1,"key":"SteroidPotion"},{"floor":5,"key":"GamblersBrew"}],"is_trial":false,"path_per_floor":["M","?","M","M","M","E","R","M","T","M","E"],"character_chosen":"IRONCLAD","items_purchased":[],"campfire_rested":1,"item_purchase_floors":[],"current_hp_per_floor":[78,78,80,80,80,42,66,66,66,50,0,0],"gold":242,"neow_bonus":"THREE_ENEMY_KILL","is_daily":false,"chose_seed":false,"campfire_upgraded":0,"win_rate":0.0,"timestamp":1613434487,"path_taken":["M","?","M","M","M","E","R","M","T","M","E"],"items_purchased_type":[],"build_version":"2020-12-22","purchased_purges":0,"victory":false,"max_hp_per_floor":[80,80,80,80,80,80,80,80,80,80,80,80],"card_choices":[{"not_picked":["Headbutt","Clash"],"picked":"Power Through","floor":1},{"not_picked":["Iron Wave","Twin Strike"],"picked":"Armaments","floor":3},{"not_picked":["Flex","Clash"],"picked":"Whirlwind","floor":4},{"not_picked":["Uppercut","Thunderclap"],"picked":"Dark Embrace","floor":5},{"not_picked":["Rage","Blood for Blood"],"picked":"Offering","floor":6},{"not_picked":["Flex","Body Slam"],"picked":"Infernal Blade","floor":8},{"not_picked":["Twin Strike","Dual Wield"],"picked":"Flame Barrier","floor":10}],"player_experience":462489,"relics_obtained":[{"floor":6,"key":"Bag of Marbles"}],"event_choices":[{"damage_healed":0,"gold_gain":0,"player_choice":"Forge","damage_taken":0,"max_hp_gain":0,"max_hp_loss":0,"event_name":"Accursed Blacksmith","floor":2,"gold_loss":0,"cards_upgraded":["Power Through"]}],"is_beta":false,"boss_relics":[],"items_purged_floors":[],"is_endless":false,"potions_floor_spawned":[1,5],"killed_by":"Lagavulin","ascension_level":7}}