{"host":"pj7egx7jkoz18hom","time":1613452633,"event":{"mods":["AchievementEnabler","BaseMod","Keyboard Shortcuts","Minty Spire (QoL Compilation)","SuperFastMode"],"gold_per_floor":[115,131,151,171,188,188,205,205,205,236,236,269,71,71,71,166,166,186,200,121,121,121],"floor_reached":21,"language":"KOR","playtime":764,"items_purged":[],"score":210,"play_id":"813f6e2e-2633-4e1e-9a9d-f765f7a34c78","local_time":"20210216141713","is_ascension_mode":true,"campfire_choices":[{"floor":6.0,"key":"REST"},{"floor":8.0,"key":"REST"},{"floor":15,"key":"REST"}],"circlet_count":0,"master_deck":["Strike_B","Strike_B","Strike_B","Defend_B","Defend_B","Zap","Dualcast","Self Repair","Leap","Go for the Eyes","Conserve Battery","Loop","Sweeping Beam","Echo Form","Buffer","Machine Learning","Coolheaded","Ball Lightning","Hello World"],"relics":["Cracked Core","Potion Belt","Mummified Hand","Regal Pillow","Blood Vial","Nuclear Battery"],"acts_visited":["Exordium","TheCity"],"potions_floor_usage":[16],"damage_taken":[{"damage":6.0,"enemies":"Cultist","floor":1.0,"turns":3.0},{"damage":7.0,"enemies":"Small Slimes","floor":2.0,"turns":3.0},{"damage":10.0,"enemies":"2 Louse","floor":3.0,"turns":3.0},{"damage":17.0,"enemies":"Lots of Slimes","floor":4.0,"turns":5.0},{"damage":42.0,"enemies":"Exordium Wildlife","floor":5.0,"turns":5.0},{"damage":3.0,"enemies":"2 Fungi Beasts","floor":7.0,"turns":4.0},{"damage":18.0,"enemies":"3 Sentries","floor":10.0,"turns":8.0},{"damage":24.0,"enemies":"Gremlin Nob","floor":12.0,"turns":4.0},{"damage":47,"enemies":"The Guardian","floor":16,"turns":9},{"damage":28,"enemies":"2 Thieves","floor":18,"turns":4},{"damage":25,"enemies":"3 Byrds","floor":19,"turns":5},{"damage":37,"enemies":"Snake Plant","floor":21,"turns":2}],"seed_played":"-1507931981336996649","potions_obtained":[{"floor":2.0,"key":"SneckoOil"},{"floor":4.0,"key":"Explosive Potion"},{"floor":5.0,"key":"Dexterity Potion"},{"floor":7.0,"key":"SteroidPotion"},{"floor":19,"key":"Fire Potion"}],"is_trial":false,"path_per_floor":["M","M","M","M","M","R","M","R","T","E","?","E","$","?","R","B",null,"M","M","$","M"],"character_chosen":"DEFECT","items_purchased":["Blood Vial","AttackPotion","Hello World"],"campfire_rested":3,"item_purchase_floors":[13,13,20],"current_hp_per_floor":[62,62,59,49,14,34,38,58,58,47,47,30,30,30,65,27,68,47,31,31,0,0],"gold":121,"neow_bonus":"REMOVE_TWO","is_daily":false,"chose_seed":false,"campfire_upgraded":0,"win_rate":0.0,"timestamp":1613452633,"path_taken":["M","?","M","?","M","R","M","R","T","E","?","E","$","?","R","BOSS","M","M","$","M"],"items_purchased_type":["Relic","Potion","Card"],"build_version":"2020-12-22","purchased_purges":0,"victory":false,"max_hp_per_floor":[68,68,68,68,68,68,68,68,68,68,68,68,68,68,68,68,68,68,68,68,68,68],"card_choices":[{"not_picked":["Barrage","Rebound"],"picked":"Self Repair","floor":1.0},{"not_picked":["Chill","Turbo"],"picked":"Leap","floor":2.0},{"not_picked":["Redo","Compile Driver"],"picked":"Go for the Eyes","floor":3.0},{"not_picked":["Hologram","Redo","Steam"],"picked":"SKIP","floor":4.0},{"not_picked":["Stack","Compile Driver"],"picked":"Conserve Battery","floor":5.0},{"not_picked":["Streamline","Hologram","Tempest"],"picked":"SKIP","floor":7.0},{"not_picked":["Barrage","Turbo"],"picked":"Loop","floor":10.0},{"not_picked":["Electrodynamics","Streamline"],"picked":"Echo Form","floor":12.0},{"not_picked":["Hyperbeam","Fission"],"picked":"Machine Learning","floor":16},{"not_picked":["Tempest+1","Steam"],"picked":"Coolheaded","floor":18},{"not_picked":["Fusion","Steam"],"picked":"Ball Lightning","floor":19}],"player_experience":95337,"relics_obtained":[{"floor":9.0,"key":"Potion Belt"},{"floor":10.0,"key":"Mummified Hand"},{"floor":12.0,"key":"Regal Pillow"}],"event_choices":[{"damage_healed":0.0,"max_hp_gain":0.0,"max_hp_loss":0.0,"gold_gain":0.0,"cards_transformed":["Defend_B"],"event_name":"Living Wall","player_choice":"Change","floor":11.0,"gold_loss":0.0,"damage_taken":0.0,"cards_obtained":["Sweeping Beam"]},{"damage_healed":0,"gold_gain":0,"player_choice":"1 cards matched","damage_taken":0,"max_hp_gain":0,"max_hp_loss":0,"event_name":"Match and Keep!","floor":14,"gold_loss":0,"cards_obtained":["Buffer"]}],"is_beta":false,"boss_relics":[{"not_picked":["Velvet Choker","Black Star"],"picked":"Nuclear Battery"}],"items_purged_floors":[],"is_endless":false,"potions_floor_spawned":[2,4,5,7,19],"killed_by":"Snake Plant","ascension_level":2}}