{"host":"cpsutu8lprjuipd6","time":1613445270,"event":{"mods":["BaseMod","Colored Map","Minty Spire (QoL Compilation)","Permanent Neow","StSLib","SuperFastMode","The Bug Knight","Together in Spire"],"gold_per_floor":[19,19,31,31,47,72,84,115,115,115,143,318,318,318,318,318,318],"floor_reached":16,"language":"KOR","playtime":508,"items_purged":[],"score":124,"play_id":"7e496c4a-9f2f-4d5e-b678-0d6b72a71552","local_time":"20210216121430","is_ascension_mode":true,"campfire_choices":[{"data":"Dropkick","floor":10,"key":"SMITH"},{"floor":13,"key":"REST"},{"floor":15,"key":"REST"}],"circlet_count":0,"master_deck":["Strike_R","Strike_R","Strike_R","Strike_R","Defend_R","Defend_R","Defend_R","Defend_R","Metallicize","Spot Weakness","Cleave+1","Cleave","Warcry","Dropkick+1","Doubt"],"relics":["Burning Blood","PreservedInsect","Ornamental Fan","Meat on the Bone","Shuriken","Golden Idol"],"acts_visited":["Exordium"],"potions_floor_usage":[16],"damage_taken":[{"damage":9,"enemies":"Cultist","floor":1,"turns":5},{"damage":2,"enemies":"Jaw Worm","floor":3,"turns":5},{"damage":2,"enemies":"Small Slimes","floor":5,"turns":3},{"damage":27,"enemies":"Gremlin Nob","floor":6,"turns":5},{"damage":17,"enemies":"Exordium Wildlife","floor":7,"turns":5},{"damage":10,"enemies":"3 Sentries","floor":8,"turns":3},{"damage":23,"enemies":"Gremlin Nob","floor":11,"turns":5},{"damage":86,"enemies":"Hexaghost","floor":16,"turns":11}],"seed_played":"4988262906686415599","potions_obtained":[{"floor":8,"key":"Regen Potion"},{"floor":11,"key":"BlessingOfTheForge"}],"is_trial":false,"path_per_floor":["M","?","M","$","M","E","M","E","T","R","E","?","R","?","R","B"],"character_chosen":"IRONCLAD","items_purchased":[],"campfire_rested":2,"item_purchase_floors":[],"current_hp_per_floor":[77,77,80,80,80,59,48,44,44,44,39,39,63,43,67,0,0],"gold":318,"neow_bonus":"TRANSFORM_TWO_CARDS","is_daily":false,"chose_seed":false,"campfire_upgraded":1,"win_rate":0.0,"timestamp":1613445270,"path_taken":["M","?","?","?","M","E","M","E","T","R","E","?","R","?","R","BOSS"],"items_purchased_type":[],"build_version":"2020-12-22","purchased_purges":0,"victory":false,"max_hp_per_floor":[80,80,80,80,80,80,80,80,80,80,80,80,80,80,80,80,80],"card_choices":[{"not_picked":["Clothesline","Armaments"],"picked":"Cleave","floor":1},{"not_picked":["Shrug It Off","Clothesline"],"picked":"Cleave","floor":3},{"not_picked":["Shrug It Off","Reckless Charge"],"picked":"Warcry","floor":5},{"not_picked":["Iron Wave","Disarm"],"picked":"Dropkick","floor":6},{"not_picked":["Clash","Heavy Blade","Feed"],"picked":"SKIP","floor":7},{"not_picked":["Reckless Charge","Immolate","Seeing Red"],"picked":"SKIP","floor":8},{"not_picked":["Dark Embrace","Entrench","Twin Strike"],"picked":"SKIP","floor":11}],"player_experience":91935,"relics_obtained":[{"floor":6,"key":"PreservedInsect"},{"floor":8,"key":"Ornamental Fan"},{"floor":9,"key":"Meat on the Bone"},{"floor":11,"key":"Shuriken"}],"event_choices":[{"damage_healed":0,"gold_gain":0,"player_choice":"Forge","damage_taken":0,"max_hp_gain":0,"max_hp_loss":0,"event_name":"Accursed Blacksmith","floor":2,"gold_loss":0,"cards_upgraded":["Cleave"]},{"damage_healed":0,"gold_gain":175,"player_choice":"AGREE","damage_taken":0,"max_hp_gain":0,"max_hp_loss":0,"event_name":"Liars Game","floor":12,"gold_loss":0,"cards_obtained":["Doubt"]},{"damage_healed":0,"gold_gain":0,"player_choice":"Take Damage","damage_taken":20,"relics_obtained":["Golden Idol"],"max_hp_gain":0,"max_hp_loss":0,"event_name":"Golden Idol","floor":14,"gold_loss":0}],"is_beta":false,"boss_relics":[],"items_purged_floors":[],"is_endless":false,"potions_floor_spawned":[8,11],"killed_by":"Hexaghost","ascension_level":1}}