{"host":"87fdiiwflhrwsj8a","time":1613519465,"event":{"mods":["Aspiration","BaseMod","Better Match","Better Third Choice","BetterRewards","Colored Map","Conspire","GifTheSpireLib","Infinite Spire","Minty Spire (QoL Compilation)","Quick Restart","Relic Sorter","Replay The Spire","StSLib","Stuff the Spire","The Marked","The Servant 0.9.4"],"gold_per_floor":[117,117,117,132,151,151,178,178,178,195,195,195,223,237,237,332,332,272,272],"floor_reached":18,"language":"ENG","playtime":839,"items_purged":[],"score":512,"play_id":"ddf46bfb-830c-4d66-a48a-36edc178898c","local_time":"20210216185105","is_ascension_mode":true,"campfire_choices":[{"floor":6.0,"key":"REST"},{"floor":8.0,"key":"REST"},{"floor":11.0,"key":"DIG"},{"floor":15.0,"key":"REST"}],"circlet_count":0,"master_deck":["AscendersBane","Strike_S","Strike_S","Strike_S","Strike_S","Defend_S","Defend_S","Defend_S","Defend_S","KidneyShot","Exchange","Apotheosis","ReplayTheSpireMod:Private Reserves","BottledTime","SurpressingFire","Ricochet","BottledTime+1","Duplication+1","GearUp+1","PendulumOfEternity"],"relics":["Uniform","StuffTheSpire:Nightcore","StuffTheSpire:BottledEssence","conspire:TreasureMap","WingedGreaves","Toxic Egg 2","Shovel","Akabeko","ReplayTheSpireMod:Lightbulb","Pen Nib","MysterySword"],"acts_visited":["Exordium","TheCity"],"potions_floor_usage":[],"damage_taken":[{"damage":7.0,"enemies":"Jaw Worm","floor":1.0,"turns":3.0},{"damage":6.0,"enemies":"2 Louse","floor":4.0,"turns":2.0},{"damage":0.0,"enemies":"Cultist","floor":5.0,"turns":4.0},{"damage":21.0,"enemies":"3 Sentries","floor":7.0,"turns":10.0},{"damage":0.0,"enemies":"Exordium Wildlife","floor":10.0,"turns":2.0},{"damage":17.0,"enemies":"Gremlin Nob","floor":13.0,"turns":4.0},{"damage":0.0,"enemies":"Blue Slaver","floor":14.0,"turns":2.0},{"damage":0.0,"enemies":"Fading Forest","floor":16.0,"turns":11.0},{"damage":68,"enemies":"2 Thieves","floor":18,"turns":3}],"seed_played":"7300786378353761183","potions_obtained":[{"floor":7.0,"key":"Milkshake"},{"floor":13.0,"key":"Adrenaline Potion"},{"floor":16.0,"key":"Energy Potion"}],"is_trial":false,"path_per_floor":["M","?","?","M","M","R","E","R","T","M","R","?","E","M","R","B",null,"M"],"character_chosen":"THE_SERVANT","items_purchased":["StuffTheSpire:Nightcore","StuffTheSpire:BottledEssence","conspire:TreasureMap","Apotheosis","ReplayTheSpireMod:Private Reserves"],"campfire_rested":3,"item_purchase_floors":[0,0,0,0,0],"current_hp_per_floor":[11,11,18,12,12,31,10,29,29,29,29,22,5,5,24,32,57,0,0],"gold":272,"neow_bonus":"","is_daily":false,"chose_seed":false,"campfire_upgraded":0,"win_rate":0.0,"timestamp":1613519465,"path_taken":["M","?","?","M","M","R","E","R","T","?","R","?","E","M","R","BOSS","M"],"items_purchased_type":["Relic","Relic","Relic","Card","Card"],"build_version":"2020-12-22","purchased_purges":0,"victory":false,"max_hp_per_floor":[65,65,65,65,65,65,65,65,65,65,65,65,65,65,65,65,65,65,65],"card_choices":[{"not_picked":["Ricochet","Spin"],"picked":"BottledTime","floor":1.0},{"not_picked":["Rewind+1","Replace+1"],"picked":"SurpressingFire","floor":4.0},{"not_picked":["Luminosity","Reset+1","TimeWarp"],"picked":"SKIP","floor":5.0},{"not_picked":["DoubleEdge","TimeWarp"],"picked":"Ricochet","floor":7.0},{"not_picked":["Defy+1","Snipe"],"picked":"BottledTime+1","floor":10.0},{"not_picked":["Orbit","Desolation"],"picked":"Duplication+1","floor":13.0},{"not_picked":["Collapse","Luminosity"],"picked":"GearUp+1","floor":14.0},{"not_picked":["MurderousAura","SilverMatrix"],"picked":"PendulumOfEternity","floor":16.0}],"player_experience":2663374,"relics_obtained":[{"floor":7.0,"key":"Shovel"},{"floor":9.0,"key":"Akabeko"},{"floor":11.0,"key":"ReplayTheSpireMod:Lightbulb"},{"floor":13.0,"key":"Pen Nib"}],"event_choices":[{"cards_removed":["Injury"],"damage_healed":0.0,"max_hp_gain":0.0,"max_hp_loss":0.0,"gold_gain":0.0,"event_name":"Golden Wing","player_choice":"Card Removal","floor":12.0,"gold_loss":0.0,"damage_taken":7.0}],"is_beta":false,"boss_relics":[{"not_picked":["ChewingGum","Replay:Grab Bag"],"picked":"MysterySword"}],"items_purged_floors":[],"is_endless":false,"potions_floor_spawned":[7,13,14,16],"killed_by":"2 Thieves","ascension_level":12}}