{"host":"wxz7488rqrwl2v46","time":1613458384,"event":{"mods":["BaseMod","Minty Spire (QoL Compilation)","Quick Restart","Replay The Spire","StSLib"],"gold_per_floor":[116,191,201,226,240,240,252,252,275,275,275,275,105,157,240,358,370,421,470,42,97,97,97,133,92,92,134,185,185,227,241,241],"floor_reached":31,"language":"ZHS","playtime":1740,"items_purged":["Regret","Strike_G"],"score":262,"play_id":"325e10a1-8dc7-44d6-bf5a-43e936f8328f","local_time":"20210216145304","is_ascension_mode":false,"campfire_choices":[{"data":"Choke","floor":6,"key":"SMITH"},{"data":"Eviscerate","floor":11,"key":"SMITH"},{"floor":23,"key":"REST"},{"floor":29,"key":"REST"}],"circlet_count":0,"master_deck":["Strike_G","Strike_G+1","Defend_G","Defend_G","Defend_G","Defend_G","Defend_G","Survivor","Neutralize","Choke+1","Quick Slash","Eviscerate+1","ReplayTheSpireMod:Speed Training","All Out Attack","Dagger Spray+1","Calculated Gamble","Hidden Blade","Replay:Bag of Tricks","Heel Hook","Quick Slash","Jack Of All Trades","Tactician","Necronomicurse","ReplayTheSpireMod:Scrap Shanks+1","Sneak Up","Dagger Spray+1","Distraction+1"],"relics":["Chameleon Ring","Strawberry","Replay:Bandana","Sizzling Blood","ReplayTheSpireMod:Lightbulb","MawBank","Snecko Eye","Whetstone","Necronomicon","Pear"],"acts_visited":["Exordium","TheCity"],"potions_floor_usage":[16,16,16,20,24,31,31],"damage_taken":[{"damage":1,"enemies":"Jaw Worm","floor":1,"turns":6},{"damage":14,"enemies":"Cultist","floor":3,"turns":6},{"damage":3,"enemies":"2 Louse","floor":5,"turns":3},{"damage":11,"enemies":"Looter","floor":7,"turns":3},{"damage":30,"enemies":"3 Sentries","floor":14,"turns":7},{"damage":25,"enemies":"Fading Forest","floor":16,"turns":11},{"damage":0,"enemies":"Chosen","floor":18,"turns":3},{"damage":46,"enemies":"2 Thieves","floor":19,"turns":4},{"damage":6,"enemies":"3 Cultists","floor":21,"turns":3},{"damage":10,"enemies":"Snake Plant","floor":24,"turns":2},{"damage":21,"enemies":"Cultist and Chosen","floor":27,"turns":7},{"damage":10,"enemies":"Chosen and Byrds","floor":28,"turns":4},{"damage":29,"enemies":"Centurion and Healer","floor":30,"turns":5},{"damage":42,"enemies":"Shelled Parasite and Fungi","floor":31,"turns":7}],"seed_played":"-1098293783341232190","potions_obtained":[{"floor":1,"key":"ColorlessPotion"},{"floor":3,"key":"Poison Potion"},{"floor":14,"key":"BlessingOfTheForge"},{"floor":18,"key":"Death Potion"},{"floor":21,"key":"Energy Potion"},{"floor":30,"key":"Languid Potion"}],"is_trial":false,"path_per_floor":["M","?","M","T","M","R","M","?","T","?","R","?","$","E","R","B",null,"M","M","$","M","?","R","M","$","T","M","M","R","M","M"],"character_chosen":"THE_SILENT","items_purchased":["All Out Attack","Dagger Spray","Jack Of All Trades","Whetstone","Fruit Juice","Sneak Up"],"campfire_rested":2,"item_purchase_floors":[13,13,20,20,20,25],"current_hp_per_floor":[69,58,44,51,48,48,37,37,37,41,41,41,41,15,15,14,81,81,39,46,44,28,54,48,48,58,41,35,64,39,0,0],"gold":241,"neow_bonus":"RANDOM_EVENT","is_daily":false,"chose_seed":false,"campfire_upgraded":2,"win_rate":0.0,"timestamp":1613458384,"path_taken":["M","?","M","?","?","R","M","?","T","?","R","?","?","E","R","BOSS","M","?","$","M","?","R","M","$","T","M","M","R","M","M"],"items_purchased_type":["Card","Card","Card","Relic","Potion","Card"],"build_version":"2020-12-22","purchased_purges":2,"victory":false,"max_hp_per_floor":[70,70,70,77,77,77,77,77,77,81,81,81,81,81,81,81,81,81,81,88,88,88,88,88,88,98,98,98,98,98,98,98],"card_choices":[{"not_picked":["Finisher","Slice"],"picked":"Choke","floor":1},{"not_picked":["Underhanded Strike","Footwork"],"picked":"Quick Slash","floor":3},{"not_picked":["Noxious Fumes","Poisoned Stab"],"picked":"Eviscerate","floor":5},{"not_picked":["Leg Sweep","Backflip"],"picked":"ReplayTheSpireMod:Speed Training","floor":7},{"not_picked":["PiercingWail","ReplayTheSpireMod:Tripwire"],"picked":"Calculated Gamble","floor":14},{"not_picked":["Backflip","Dodge and Roll"],"picked":"Hidden Blade","floor":15},{"not_picked":["ReplayTheSpireMod:From All Sides","Venomology"],"picked":"Replay:Bag of Tricks","floor":16},{"not_picked":["Acrobatics","Expertise+1"],"picked":"Heel Hook","floor":18},{"not_picked":["Acrobatics","Deflect"],"picked":"Quick Slash","floor":19},{"not_picked":["Bouncing Flask","Bane+1"],"picked":"Tactician","floor":21},{"not_picked":["Bane+1","Endless Agony"],"picked":"ReplayTheSpireMod:Scrap Shanks+1","floor":24},{"not_picked":["Distraction","Dagger Throw"],"picked":"Dagger Spray+1","floor":27},{"not_picked":["Replay:Poison Smokescreen","Dodge and Roll+1","Fluid Movement"],"picked":"SKIP","floor":28},{"not_picked":["Masterful Stab","PiercingWail"],"picked":"Distraction+1","floor":30}],"player_experience":36476,"relics_obtained":[{"floor":4,"key":"Strawberry"},{"floor":9,"key":"Replay:Bandana"},{"floor":14,"key":"ReplayTheSpireMod:Lightbulb"},{"floor":15,"key":"MawBank"},{"floor":22,"key":"Necronomicon"},{"floor":26,"key":"Pear"}],"event_choices":[{"damage_healed":0,"gold_gain":0,"player_choice":"Box","damage_taken":0,"relics_obtained":["Chameleon Ring"],"max_hp_gain":0,"max_hp_loss":0,"event_name":"Big Fish","floor":0,"gold_loss":0,"cards_obtained":["Regret"]},{"damage_healed":0,"gold_gain":75,"player_choice":"Gather Gold","damage_taken":11,"max_hp_gain":0,"max_hp_loss":0,"event_name":"World of Goop","floor":2,"gold_loss":0},{"cards_removed":["Strike_G"],"damage_healed":0,"gold_gain":0,"player_choice":"Forget","damage_taken":0,"max_hp_gain":0,"max_hp_loss":0,"event_name":"Living Wall","floor":12,"gold_loss":0},{"damage_healed":0,"gold_gain":0,"player_choice":"Obtained Book","damage_taken":16,"max_hp_gain":0,"max_hp_loss":0,"event_name":"Cursed Tome","floor":22,"gold_loss":0}],"is_beta":false,"boss_relics":[{"not_picked":["Calling Bell","Replay:Grab Bag"],"picked":"Snecko Eye"}],"items_purged_floors":[13,20],"is_endless":false,"potions_floor_spawned":[1,3,14,18,21,30],"killed_by":"Shelled Parasite and Fungi","ascension_level":0}}