{"host":"gtoa8h4im74f14p0","time":1613491102,"event":{"mods":["AchievementEnabler","BaseMod","Better Silent Start","Block Reminder","Colored Powertips","Custom Start","Downfall","Hermit","Minty Spire (QoL Compilation)","Reliquary","Shop Mod","StSLib","Swap Starting Deck Mod","The Cursed","The Marked"],"gold_per_floor":[109,125,125,90,115,158,158,176,176,192,192,192,212,236,236,365,365,390,390,305,330,346,387,387,408,435,435,535,548,591,624,636,773,785,817,842,515,31,49,49,89,152,179,179,179,12,37,51,51,51],"floor_reached":51,"language":"ENG","playtime":6326,"items_purged":[],"score":898,"play_id":"105c156b-82d6-43d2-8632-1f3f1b2a598c","local_time":"20210216105822","is_ascension_mode":false,"campfire_choices":[{"data":"Nirvana","floor":7.0,"key":"SMITH"},{"data":"Vault","floor":11.0,"key":"SMITH"},{"data":"WindmillStrike","floor":15.0,"key":"SMITH"},{"data":"DevaForm","floor":24.0,"key":"SMITH"},{"floor":32.0,"key":"REST"},{"floor":40,"key":"REST"},{"floor":49,"key":"REST"}],"circlet_count":0,"master_deck":["CutThroughFate+1","CutThroughFate","CutThroughFate","CutThroughFate","CutThroughFate","ThirdEye","ThirdEye","ThirdEye","ThirdEye","Nirvana+1","EmptyMind","JustLucky","CutThroughFate","DeceiveReality","BowlingBash","Vault+1","ThirdEye","WindmillStrike+1","DevaForm+1","CutThroughFate+1","Consecrate","CrushJoints+1","Judgement","ThirdEye","FollowUp","Nirvana+1","LessonLearned","ReachHeaven","Study+1","Secret Technique","WaveOfTheHand","BattleHymn+1","Consecrate","EmptyMind+1","Consecrate+1","Madness","Madness","Nirvana+1","WindmillStrike","JustLucky","Protect","ClearTheMind"],"relics":["HolyWater","Golden Idol","Anchor","Bag of Preparation","Nilry\u0027s Codex","reliquary:BoilingFlask","Frozen Egg 2","Vajra","MawBank","SacredBark","TheAbacus","reliquary:Aerogel","Boot","reliquary:OuijaBoard","reliquary:PartyBalloon","Blue Candle"],"acts_visited":["Exordium","TheCity","TheBeyond"],"potions_floor_usage":[33,33,41,48,50],"damage_taken":[{"damage":0.0,"enemies":"Small Slimes","floor":1.0,"turns":4.0},{"damage":0.0,"enemies":"Jaw Worm","floor":2.0,"turns":5.0},{"damage":0.0,"enemies":"2 Louse","floor":5.0,"turns":3.0},{"damage":0.0,"enemies":"3 Sentries","floor":6.0,"turns":10.0},{"damage":0.0,"enemies":"Gremlin Gang","floor":8.0,"turns":6.0},{"damage":0.0,"enemies":"Lots of Slimes","floor":10.0,"turns":4.0},{"damage":0.0,"enemies":"3 Louse","floor":13.0,"turns":2.0},{"damage":0.0,"enemies":"Large Slime","floor":14.0,"turns":6.0},{"damage":0.0,"enemies":"Hexaghost","floor":16.0,"turns":12.0},{"damage":0.0,"enemies":"Spheric Guardian","floor":18.0,"turns":5.0},{"damage":0.0,"enemies":"2 Thieves","floor":21.0,"turns":4.0},{"damage":0.0,"enemies":"Centurion and Healer","floor":22.0,"turns":5.0},{"damage":0.0,"enemies":"Book of Stabbing","floor":23.0,"turns":5.0},{"damage":29.0,"enemies":"Cultist and Chosen","floor":25.0,"turns":7.0},{"damage":0.0,"enemies":"3 Cultists","floor":27.0,"turns":1.0},{"damage":0.0,"enemies":"Snake Plant","floor":29.0,"turns":4.0},{"damage":0.0,"enemies":"Gremlin Leader","floor":30.0,"turns":7.0},{"damage":0.0,"enemies":"Snecko","floor":31.0,"turns":5.0},{"damage":1,"enemies":"Automaton","floor":33,"turns":12},{"damage":16,"enemies":"3 Shapes","floor":35,"turns":6},{"damage":11,"enemies":"Orb Walker","floor":36,"turns":3},{"damage":0,"enemies":"Jaw Worm Horde","floor":39,"turns":6},{"damage":1,"enemies":"Reptomancer","floor":41,"turns":8},{"damage":13,"enemies":"Mind Bloom Boss Battle","floor":42,"turns":6},{"damage":0,"enemies":"4 Shapes","floor":47,"turns":4},{"damage":0,"enemies":"Transient","floor":48,"turns":5},{"damage":98,"enemies":"Time Eater","floor":50,"turns":12}],"seed_played":"9071149395832206116","potions_obtained":[{"floor":1.0,"key":"Ancient Potion"},{"floor":6.0,"key":"FairyPotion"},{"floor":8.0,"key":"PowerPotion"},{"floor":14.0,"key":"Block Potion"},{"floor":22.0,"key":"SmokeBomb"},{"floor":29.0,"key":"EssenceOfSteel"},{"floor":30.0,"key":"sneckomod:MuddlingPotion"},{"floor":31.0,"key":"LiquidMemories"},{"floor":42,"key":"Ancient Potion"}],"is_trial":false,"path_per_floor":["M","M","?","?","M","E","R","M","T","M","R","?","M","M","R","B",null,"M","?","?","M","M","E","R","M","T","M","?","M","E","M","R","B",null,"M","M","$","$","M","R","E","?","T","?","?","$","M","M","R","B",null],"character_chosen":"WATCHER","items_purchased":["TheAbacus","Energy Potion","Fire Potion","Study+1","Secret Technique","WaveOfTheHand","BattleHymn+1","reliquary:Aerogel","Nirvana+1","WindmillStrike","JustLucky"],"campfire_rested":3,"item_purchase_floors":[37,37,37,37,38,38,38,38,46,46,46],"current_hp_per_floor":[36,36,18,36,36,36,36,36,36,36,36,36,36,36,36,36,72,72,56,56,56,56,56,56,27,27,27,27,27,27,27,48,47,72,56,45,45,45,45,66,65,52,52,47,38,38,38,38,59,5],"gold":51,"neow_bonus":"","is_daily":false,"chose_seed":false,"campfire_upgraded":4,"win_rate":0.0,"timestamp":1613491102,"path_taken":["M","M","?","?","M","E","R","M","T","M","R","?","?","M","R","BOSS","M","?","?","M","M","E","R","M","T","?","?","M","E","M","R","BOSS","M","?","?","$","M","R","E","?","T","?","?","$","?","M","R","BOSS"],"items_purchased_type":["Relic","Potion","Potion","Card","Card","Card","Card","Relic","Card","Card","Card"],"build_version":"2020-12-22","purchased_purges":0,"victory":true,"max_hp_per_floor":[72,72,72,72,72,72,72,72,72,72,72,72,72,72,72,72,72,72,72,72,72,72,72,72,72,72,72,72,72,72,72,72,72,72,72,72,72,72,72,72,72,72,72,72,72,72,72,72,72,72],"card_choices":[{"not_picked":["FlurryOfBlows","ThirdEye"],"picked":"EmptyMind","floor":1.0},{"not_picked":["Conclude","Evaluate"],"picked":"JustLucky","floor":2.0},{"not_picked":["Indignation","Protect"],"picked":"CutThroughFate","floor":5.0},{"not_picked":["Evaluate","Crescendo"],"picked":"DeceiveReality","floor":6.0},{"not_picked":["ThirdEye","Protect"],"picked":"BowlingBash","floor":8.0},{"not_picked":["Vengeance","Sanctity"],"picked":"Vault","floor":10.0},{"not_picked":["Halt","Adaptation"],"picked":"ThirdEye","floor":13.0},{"not_picked":["FollowUp","FlyingSleeves"],"picked":"WindmillStrike","floor":14.0},{"not_picked":["Vault","Brilliance"],"picked":"DevaForm","floor":16.0},{"not_picked":["FlyingSleeves","Halt"],"picked":"CutThroughFate+1","floor":18.0},{"not_picked":["Protect","EmptyMind"],"picked":"Consecrate","floor":21.0},{"not_picked":["FlyingSleeves+1","Evaluate+1"],"picked":"CrushJoints+1","floor":22.0},{"not_picked":["EmptyFist","Conclude"],"picked":"Judgement","floor":23.0},{"not_picked":["Crescendo","FlurryOfBlows+1","EmptyFist"],"picked":"SKIP","floor":25.0},{"not_picked":["CrushJoints","SashWhip"],"picked":"ThirdEye","floor":29.0},{"not_picked":["TalkToTheHand","FearNoEvil"],"picked":"FollowUp","floor":30.0},{"not_picked":["Indignation","SashWhip"],"picked":"Nirvana+1","floor":31.0},{"not_picked":["Omniscience","ConjureBlade"],"picked":"LessonLearned","floor":33},{"not_picked":["Protect+1","Conclude"],"picked":"ReachHeaven","floor":35},{"not_picked":["SashWhip+1","Adaptation+1","EmptyMind"],"picked":"SKIP","floor":36},{"not_picked":["EmptyBody","Perseverance"],"picked":"Consecrate","floor":39},{"not_picked":["Vault","EmptyFist+1"],"picked":"EmptyMind+1","floor":41},{"not_picked":["FlurryOfBlows+1","CutThroughFate"],"picked":"Consecrate+1","floor":42},{"not_picked":["EmptyFist","CrushJoints+1"],"picked":"Protect","floor":47},{"not_picked":["Protect","Halt+1"],"picked":"ClearTheMind","floor":48}],"player_experience":69359,"relics_obtained":[{"floor":6.0,"key":"Anchor"},{"floor":9.0,"key":"Bag of Preparation"},{"floor":19.0,"key":"Nilry\u0027s Codex"},{"floor":23.0,"key":"Frozen Egg 2"},{"floor":26.0,"key":"Vajra"},{"floor":30.0,"key":"MawBank"},{"floor":41,"key":"Boot"},{"floor":42,"key":"reliquary:OuijaBoard"},{"floor":43,"key":"reliquary:PartyBalloon"}],"event_choices":[{"damage_healed":0.0,"max_hp_gain":0.0,"max_hp_loss":0.0,"gold_gain":0.0,"event_name":"Golden Idol","player_choice":"Take Damage","floor":3.0,"gold_loss":0.0,"damage_taken":18.0,"relics_obtained":["Golden Idol"]},{"damage_healed":18.0,"max_hp_gain":0.0,"max_hp_loss":0.0,"gold_gain":0.0,"event_name":"The Cleric","player_choice":"Healed","floor":4.0,"gold_loss":35.0,"damage_taken":0.0},{"damage_healed":0.0,"max_hp_gain":0.0,"max_hp_loss":0.0,"gold_gain":0.0,"event_name":"Liars Game","player_choice":"Ignored","floor":12.0,"gold_loss":0.0,"damage_taken":0.0},{"damage_healed":0.0,"max_hp_gain":0.0,"max_hp_loss":0.0,"gold_gain":0.0,"event_name":"Cursed Tome","player_choice":"Obtained Book","floor":19.0,"gold_loss":0.0,"damage_taken":16.0},{"damage_healed":0.0,"max_hp_gain":0.0,"max_hp_loss":0.0,"gold_gain":0.0,"event_name":"Addict","player_choice":"Obtained Relic","floor":20.0,"gold_loss":85.0,"damage_taken":0.0,"relics_obtained":["reliquary:BoilingFlask"]},{"damage_healed":0.0,"max_hp_gain":0.0,"max_hp_loss":0.0,"gold_gain":100.0,"event_name":"Golden Shrine","player_choice":"Pray","floor":28.0,"gold_loss":0.0,"damage_taken":0.0},{"damage_healed":0,"gold_gain":0,"player_choice":"Fight","damage_taken":0,"max_hp_gain":0,"max_hp_loss":0,"event_name":"MindBloom","floor":42,"gold_loss":0},{"damage_healed":0,"gold_gain":0,"player_choice":"Embrace Madness","damage_taken":9,"max_hp_gain":0,"max_hp_loss":0,"event_name":"Winding Halls","floor":45,"gold_loss":0,"cards_obtained":["Madness","Madness"]}],"is_beta":false,"boss_relics":[{"not_picked":["reliquary:RedPaperclip","Busted Crown"],"picked":"HolyWater"},{"not_picked":["reliquary:RustamsPendant","bronze:MakeshiftBattery"],"picked":"SacredBark"}],"items_purged_floors":[],"is_endless":false,"potions_floor_spawned":[1,6,8,14,22,27,29,30,31,39,42,47],"ascension_level":0}}