{"host":"1eshbq9n813iloto","time":1613495269,"event":{"mods":["Astrologer","BaseMod","Better Third Choice","Hermit","Hubris","Infinite Spire","Minty Spire (QoL Compilation)","StSLib","The Cursed","TheBandit"],"gold_per_floor":[112,112,190,208,57,57,142,142,168,279,279,307,307,317,317,422,422,435,435,435,454,369,369,401,401,426,426,426,426,526,595,595,692,692,707,774,404,404,18,18,179,179,205,182,198,212,231,231,231,231],"floor_reached":51,"language":"ENG","playtime":3721,"items_purged":["Strike_R","Strike_R","Strike_R","Writhe"],"score":749,"play_id":"effb7177-43b1-4851-8ded-66979a88fd40","local_time":"20210216120749","is_ascension_mode":false,"campfire_choices":[{"data":"Disarm","floor":6,"key":"SMITH"},{"data":"Bash","floor":8,"key":"SMITH"},{"data":"Metallicize","floor":13,"key":"SMITH"},{"data":"infinitespire:Collect","floor":15,"key":"SMITH"},{"data":"Carnage","floor":23,"key":"SMITH"},{"data":"True Grit","floor":25,"key":"SMITH"},{"data":"Inflame","floor":27,"key":"SMITH"},{"data":"Dual Wield","floor":29,"key":"SMITH"},{"data":"Shockwave","floor":32,"key":"SMITH"},{"data":"True Grit","floor":40,"key":"SMITH"},{"data":"Metallicize","floor":42,"key":"SMITH"},{"data":"Impervious","floor":49,"key":"SMITH"}],"circlet_count":0,"master_deck":["Defend_R","Defend_R","Defend_R+1","Defend_R","Bash+1","Metallicize+1","infinitespire:Collect+1","Disarm+1","Carnage+1","Headbutt","hubris:ReadiedAction","Inflame+1","Impervious+1","Dropkick","True Grit+1","Cleave","Dual Wield+1","Shockwave+1","Double Tap+1","True Grit+1","Combust+1","Metallicize+1","True Grit+1","Spot Weakness+1","Bloodletting+1","Enlightenment","Secret Weapon","Discovery"],"relics":["Black Blood","hubris:MobiusCoin","hubris:ChampionShield","Orichalcum","hubris:CrystalStatue","Happy Flower","infinitespire:Burning Sword","Toolbox","infinitespire:Magic Flask","hubris:ToyBattleship","Oddly Smooth Stone","hubris:Icosahedron","hubris:Spice","Pear","War Paint","Eternal Feather","Lantern","Bottled Flame"],"acts_visited":["Exordium","TheCity","TheBeyond"],"potions_floor_usage":[12,30,31,31,41,50],"damage_taken":[{"damage":10,"enemies":"Small Slimes","floor":1,"turns":3},{"damage":4,"enemies":"Jaw Worm","floor":4,"turns":5},{"damage":5,"enemies":"3 Sentries","floor":7,"turns":7},{"damage":8,"enemies":"3 Sentries","floor":10,"turns":6},{"damage":2,"enemies":"Lagavulin","floor":12,"turns":5},{"damage":0,"enemies":"2 Louse","floor":14,"turns":2},{"damage":1,"enemies":"The Guardian","floor":16,"turns":8},{"damage":1,"enemies":"Shell Parasite","floor":18,"turns":4},{"damage":0,"enemies":"Chosen","floor":21,"turns":2},{"damage":0,"enemies":"Gremlin Leader","floor":24,"turns":4},{"damage":0,"enemies":"Colosseum Slavers","floor":30,"turns":4},{"damage":0,"enemies":"Colosseum Nobs","floor":30,"turns":3},{"damage":0,"enemies":"Centurion and Healer","floor":31,"turns":4},{"damage":57,"enemies":"Champ","floor":33,"turns":10},{"damage":15,"enemies":"Orb Walker","floor":35,"turns":3},{"damage":5,"enemies":"3 Shapes","floor":36,"turns":2},{"damage":3,"enemies":"Jaw Worm Horde","floor":41,"turns":4},{"damage":18,"enemies":"Nemesis","floor":44,"turns":5},{"damage":24,"enemies":"Spire Growth","floor":45,"turns":4},{"damage":8,"enemies":"Maw","floor":46,"turns":5},{"damage":4,"enemies":"4 Shapes","floor":47,"turns":3},{"damage":23,"enemies":"Donu and Deca","floor":50,"turns":7}],"seed_played":"6578332496555734278","potions_obtained":[{"floor":7,"key":"Weak Potion"},{"floor":12,"key":"DuplicationPotion"},{"floor":21,"key":"SneckoOil"},{"floor":24,"key":"HeartOfIron"},{"floor":35,"key":"Energy Potion"},{"floor":44,"key":"FearPotion"},{"floor":45,"key":"Weak Potion"},{"floor":47,"key":"ElixirPotion"}],"is_trial":false,"path_per_floor":["M","?","T","M","$","R","E","R","T","?","?","E","R","M","R","B",null,"M","AVR","?","M","?","R","E","R","T","R","?","R","?","M","R","B",null,"M","M","$","?","$","R","M","R","T","E","M","M","M","?","R","B",null],"character_chosen":"IRONCLAD","items_purchased":["Carnage","War Paint","FairyPotion","Metallicize","Eternal Feather"],"campfire_rested":0,"item_purchase_floors":[5,37,37,37,39],"current_hp_per_floor":[76,55,55,57,57,57,58,58,58,56,56,60,60,66,66,71,80,80,80,80,80,80,80,80,80,80,80,80,80,98,98,98,47,98,95,98,98,98,98,98,98,98,98,92,80,84,92,82,97,86],"gold":231,"neow_bonus":"REMOVE_CARD","is_daily":false,"chose_seed":false,"campfire_upgraded":12,"win_rate":0.0,"timestamp":1613495269,"path_taken":["M","?","?","M","$","R","E","R","T","?","?","E","R","M","R","BOSS","M","AVR","?","?","?","R","E","R","T","R","?","R","?","M","R","BOSS","M","M","$","?","$","R","M","R","T","E","M","M","M","?","R","BOSS"],"items_purchased_type":["Card","Relic","Potion","Card","Relic"],"build_version":"2020-12-13","purchased_purges":4,"victory":true,"max_hp_per_floor":[80,80,80,80,80,80,80,80,80,80,80,80,80,80,80,80,80,80,80,80,80,80,80,80,80,80,80,80,80,98,98,98,98,98,98,98,98,98,98,98,98,98,98,98,98,98,98,98,98,98],"card_choices":[{"not_picked":["Pommel Strike","Shrug It Off"],"picked":"Metallicize","floor":1},{"not_picked":["hubris:InfiniteBlow","infinitespire:TheBestDefense"],"picked":"infinitespire:Collect","floor":2},{"not_picked":["Iron Wave","Power Through"],"picked":"Disarm","floor":4},{"not_picked":["Shrug It Off","Perfected Strike"],"picked":"Headbutt","floor":7},{"not_picked":["Perfected Strike","Rampage"],"picked":"hubris:ReadiedAction","floor":10},{"not_picked":["Thunderclap","Headbutt"],"picked":"Inflame","floor":12},{"not_picked":["Juggernaut","Iron Wave","Entrench"],"picked":"SKIP","floor":14},{"not_picked":["Limit Break","Brutality"],"picked":"Impervious","floor":16},{"not_picked":["Burning Pact","Heavy Blade"],"picked":"Dropkick","floor":18},{"not_picked":["Shockwave","Clash"],"picked":"Cleave","floor":21},{"not_picked":["hubris:CleavingFinish","Iron Wave"],"picked":"Dual Wield","floor":24},{"not_picked":["Clash+1","hubris:ReadiedAction"],"picked":"Shockwave","floor":30},{"not_picked":["Battle Trance","Shrug It Off","Rupture"],"picked":"SKIP","floor":31},{"not_picked":["Corruption","Demon Form"],"picked":"Double Tap","floor":33},{"not_picked":["Body Slam+1","Blood for Blood+1"],"picked":"True Grit","floor":35},{"not_picked":["Rampage","Searing Blow+1"],"picked":"Combust+1","floor":36},{"not_picked":["Ghostly Armor+1","Shrug It Off"],"picked":"True Grit+1","floor":41},{"not_picked":["Flex+1","Dual Wield"],"picked":"Spot Weakness+1","floor":44},{"not_picked":["Warcry","hubris:SharpeningStone+1","hubris:ReadiedAction"],"picked":"SKIP","floor":45},{"not_picked":["Fire Breathing+1","Pommel Strike+1"],"picked":"Bloodletting+1","floor":46},{"not_picked":["Clash","Headbutt","Reaper"],"picked":"SKIP","floor":47},{"not_picked":["Swift Strike","hubris:Insight"],"picked":"Enlightenment","floor":48},{"not_picked":["Impatience","Mayhem"],"picked":"Secret Weapon","floor":48},{"not_picked":["Finesse","Flash of Steel"],"picked":"Discovery","floor":48}],"player_experience":26546,"relics_obtained":[{"floor":3,"key":"hubris:MobiusCoin"},{"floor":7,"key":"hubris:ChampionShield"},{"floor":9,"key":"Orichalcum"},{"floor":12,"key":"Happy Flower"},{"floor":24,"key":"hubris:ToyBattleship"},{"floor":26,"key":"Oddly Smooth Stone"},{"floor":30,"key":"hubris:Spice"},{"floor":30,"key":"Pear"},{"floor":43,"key":"Lantern"},{"floor":44,"key":"Bottled Flame"}],"event_choices":[{"damage_healed":0,"gold_gain":0,"player_choice":"Searched \u00272\u0027 times","damage_taken":0,"relics_obtained":["hubris:CrystalStatue"],"max_hp_gain":0,"max_hp_loss":0,"event_name":"Dead Adventurer","floor":10,"gold_loss":0},{"damage_healed":0,"gold_gain":0,"cards_transformed":["Strike_R"],"player_choice":"Transformed","damage_taken":0,"max_hp_gain":0,"max_hp_loss":0,"event_name":"Transmorgrifier","floor":20,"gold_loss":0,"cards_obtained":["True Grit"]},{"damage_healed":0,"gold_gain":0,"player_choice":"Obtained Relic","damage_taken":0,"relics_obtained":["infinitespire:Magic Flask"],"max_hp_gain":0,"max_hp_loss":0,"event_name":"Addict","floor":22,"gold_loss":85},{"damage_healed":0,"gold_gain":0,"player_choice":"Fight","damage_taken":0,"max_hp_gain":0,"max_hp_loss":0,"event_name":"Colosseum","floor":30,"gold_loss":0},{"damage_healed":0,"gold_gain":0,"player_choice":"Fought Nobs","damage_taken":0,"max_hp_gain":0,"max_hp_loss":0,"event_name":"Colosseum","floor":30,"gold_loss":0},{"damage_healed":25,"gold_gain":0,"player_choice":"Writhe","damage_taken":0,"max_hp_gain":0,"max_hp_loss":0,"event_name":"Winding Halls","floor":38,"gold_loss":0,"cards_obtained":["Writhe"]},{"damage_healed":0,"gold_gain":0,"player_choice":"Memory 3","damage_taken":10,"max_hp_gain":0,"max_hp_loss":0,"event_name":"SensoryStone","floor":48,"gold_loss":0}],"is_beta":false,"boss_relics":[{"not_picked":["hubris:CrackedHourglass","hubris:Stopwatch"],"picked":"infinitespire:Burning Sword"},{"not_picked":["Mark of Pain","hubris:GrandSneckoEye"],"picked":"Black Blood"}],"items_purged_floors":[5,19,37,39],"is_endless":false,"potions_floor_spawned":[7,12,21,24,30,35,44,45,47],"ascension_level":0}}