{"host":"2d926qfvvz477zl6","time":1613435943,"event":{"mods":["Aspiration","BaseMod","Challenge The Spire","Conspire","Downfall","GifTheSpireLib","GungeonMod","Halation","Hermit","Hubris","Infinite Spire","Minty Spire (QoL Compilation)","Morshu Shopkeeper","Permanent Neow","Rare Cards Sparkle","Reliquary","Replay The Spire","Shedinja","Somnambulant","Spicy Shops","StSLib","Stuff the Spire","Td1madao Mod","The Blue Laboratory","The Bug Knight","The Disciple","The Forsaken","The Hierophant","The Judge","The Senshi","Wandering Minibosses","Wide Potions","everything is the same but u backflip on backflip","slay the spire mod where everything is the same but ironclad has a cowboy hat"],"gold_per_floor":[99,110,123,57,332,232,255,16,30,64,75,75,90,115,131,232,182,182,202,219,234,234,234,312,347,374,387,397,413,313,328,341,441,441,441,451,466,485,102,118,118,131,131,148,174,199,199,199,223,327,327,327,339,216,235,250,250,284,310,310,335,350,350,367,217,233,331,331,331,351,366,366,381,381,420,439,439,439,439,17,17,31,51,147,147,191,191,191,208,208,208,242,16,26,26,37,68,68,68,78,190,190,190,110,110,110,110,110,145,145,159,159,159,172,182,18,34,138,138,138,154,164,164,164,164,276,276,326,426,463,503,503,546,15,15,58,193,193,193,215,253,253,253,271,328,402,456,456,479,479,129,194,225,344,344,389,116,116,112,112],"floor_reached":159,"language":"ENG","playtime":8204,"items_purged":["Regret","ReplayTheSpireMod:Splinters","hubris:Disease","Knight Kick","Black Spear","ReplayTheSpireMod:Splinters","Rupture","Defend System+1"],"score":4098,"play_id":"0e0f514e-4f79-4ba0-95a2-e76da411440f","local_time":"20210215193903","is_ascension_mode":true,"campfire_choices":[{"floor":1.0,"key":"RECALL"},{"data":"Here Defend Chip","floor":6.0,"key":"SMITH"},{"data":"Here Defend Chip+2","floor":12.0,"key":"SMITH"},{"data":"Strike_R","floor":18.0,"key":"PURGE"},{"data":"Replay:Fractal Strike","floor":30.0,"key":"SMITH"},{"data":"Here Defend Chip+3","floor":35.0,"key":"SMITH"},{"data":"Here Defend Chip+2","floor":47.0,"key":"SMITH"},{"data":"Here Defend Chip+3","floor":52.0,"key":"SMITH"},{"data":"Furious","floor":60.0,"key":"SMITH"},{"data":"Here Defend Chip+4","floor":63.0,"key":"SMITH"},{"data":"Memory Alloy","floor":69.0,"key":"SMITH"},{"data":"Here Defend Chip+5","floor":81.0,"key":"SMITH"},{"data":"Here Defend Chip+6","floor":98.0,"key":"SMITH"},{"data":"Here Defend Chip+6","floor":103.0,"key":"SMITH"},{"data":"Here Defend Chip+7","floor":110.0,"key":"SMITH"},{"data":"Here Defend Chip+7","floor":113.0,"key":"SMITH"},{"data":"Here Defend Chip+7","floor":120.0,"key":"SMITH"},{"data":"Here Defend Chip+8","floor":139,"key":"SMITH"},{"data":"Here Defend Chip+8","floor":139,"key":"SMITH"},{"data":"Here Defend Chip+8","floor":139,"key":"SMITH"},{"data":"Here Defend Chip+8","floor":139,"key":"SMITH"},{"data":"Here Defend Chip+9","floor":150,"key":"SMITH"},{"data":"Here Defend Chip+9","floor":150,"key":"SMITH"},{"data":"Here Defend Chip+9","floor":150,"key":"SMITH"},{"data":"Here Defend Chip+9","floor":150,"key":"SMITH"},{"data":"Here Defend Chip+10","floor":158,"key":"SMITH"},{"data":"Here Defend Chip+10","floor":158,"key":"SMITH"},{"data":"Here Defend Chip+10","floor":158,"key":"SMITH"},{"data":"Here Defend Chip+10","floor":158,"key":"SMITH"}],"circlet_count":1,"master_deck":["Here Defend Chip+11","E MP","Preloading+1","Black Dance","Moon Tear","New Defend Magic","Fire Up+1","Replay:Fractal Strike+1","Black Execution","Black Execution","Preloading","Preloading","Moon Tear+1","Fire Blade","Shockwave Tdmadao+1","Afterwards+1","Floating Swing Kick+1","Fire Blade+1","Fire Blade+1","Fixing","Fire Blade+1","Perfect Defend+1","Here Defend Chip+11","Fixing+1","StuffTheSpire:BrainWave","Overclocking","Twin Teeth","Furious+1","Fire Blade","Black Shadow","Winding Magic","Floating Swing Kick","Sub Weapons","Memory Alloy+1","Break Into","Preloading","ReplayTheSpireMod:Chaos Vortex","Lunge","Flash of Steel","Black Shadow","Black Execution","Backup","StuffTheSpire:CelestialWarden","Fire Blade","infinitespire:SevenWalls+1","Fire Blade+1","Twin Teeth+1","Moon Tear","infinitespire:Gouge","Preloading","Here Defend Chip+11","Here Defend Chip+11","Spreading Infection","Twin Teeth","Flash of Steel","Lunge","Amnesia","SwitchThreat","Shedinja:StruggleBug","Provocative","hierophant:Doubloon","hierophant:Doubloon","hierophant:RustyCrate","Shedinja:PhantomForce","StuffTheSpire:WarGroove","Preloading+1","Afterwards","Resistance","Shedinja:LumBerry","Preloading+1","Black Hand","expansioncontent:PolyBeam","expansioncontent:Chronoboost","expansioncontent:YouAreMine","Fire Blade+1","Shedinja:PhantomForce","Shedinja:ShadowSneak","Fire Up+1","Lunge","Memory Alloy"],"relics":["Apod","downfall:HeartBlessingRed","hexamod:BolsterEngine","reliquary:Buckler","StuffTheSpire:Expresso","StuffTheSpire:GrapeVine","Circlet","hubris:RunicObelisk","DemoMod:BlueGuonStone","reliquary:SilkGlove","Gremlin Food","downfall:HeartBlessingGreen","Astrolabe","ReplayTheSpireMod:CursedCoin","Bag of Preparation","Replay:Lucky Slots","aspiration:SeaSaltIceCream","infinitespire:CursedDice","Pandora\u0027s Box","Juzu Bracelet","Vajra","Shedinja:ExtraMaxHp","ChewingGum","Kunai","halation:Diary","aspiration:RitualStick","reliquary:PartyBalloon","Ring of Chaos","hubris:Towel","Simple Rune","Black Star","hubris:DisguiseKit","ClockworkSouvenir","Kintsugi","halation:PenCase","Pear","theForsaken:PlagueMask","Toy Ornithopter","Chemical X","Replay:Ringing Soul","Replay:Grab Bag","Cursed Key","conspire:RoyalGoblet","hubris:Backtick","Replay:Arrowhead","Cola","halation:PurpleSoulGem","reliquary:BrokenClock","Painkiller Herb","Onion Ring","Guide Book"],"acts_visited":["Exordium","TheCity","TheBeyond","Exordium","TheCity","TheBeyond","Exordium","TheCity","TheBeyond","TheEnding"],"potions_floor_usage":[136,137,141,141,141,153,154,159],"damage_taken":[{"damage":3.0,"enemies":"Cultist","floor":2.0,"turns":4.0},{"damage":0.0,"enemies":"Jaw Worm","floor":3.0,"turns":5.0},{"damage":6.0,"enemies":"downfall:FleeingMerchant","floor":4.0,"turns":4.0},{"damage":1.0,"enemies":"downfall:FleeingMerchant","floor":8.0,"turns":4.0},{"damage":0.0,"enemies":"2 Louse","floor":9.0,"turns":5.0},{"damage":3.0,"enemies":"Gremlin Nob","floor":10.0,"turns":5.0},{"damage":0.0,"enemies":"Blue Slaver","floor":11.0,"turns":3.0},{"damage":0.0,"enemies":"Lots of Slimes","floor":13.0,"turns":3.0},{"damage":0.0,"enemies":"Lagavulin","floor":14.0,"turns":8.0},{"damage":0.0,"enemies":"2 Fungi Beasts","floor":15.0,"turns":3.0},{"damage":6.0,"enemies":"IC_STATUS_ARCHETYPE","floor":16.0,"turns":8.0},{"damage":4.0,"enemies":"3 Byrds","floor":19.0,"turns":4.0},{"damage":15.0,"enemies":"conspire:FuzzyDice","floor":20.0,"turns":6.0},{"damage":7.0,"enemies":"Cultist and Chosen","floor":21.0,"turns":6.0},{"damage":0.0,"enemies":"Nightmare","floor":25.0,"turns":6.0},{"damage":12.0,"enemies":"conspire:MimicChest","floor":26.0,"turns":6.0},{"damage":0.0,"enemies":"conspire:HollyBat","floor":27.0,"turns":6.0},{"damage":7.0,"enemies":"Snake Plant","floor":28.0,"turns":4.0},{"damage":0.0,"enemies":"Centurion and Healer","floor":29.0,"turns":4.0},{"damage":0.0,"enemies":"Cultist and Chosen","floor":31.0,"turns":5.0},{"damage":0.0,"enemies":"conspire:HollyBat","floor":32.0,"turns":8.0},{"damage":0.0,"enemies":"WA_ARCHETYPE_CALM","floor":33.0,"turns":7.0},{"damage":0.0,"enemies":"Orb Walker","floor":36.0,"turns":3.0},{"damage":1.0,"enemies":"3 Shapes","floor":37.0,"turns":5.0},{"damage":0.0,"enemies":"Maw","floor":38.0,"turns":7.0},{"damage":0.0,"enemies":"downfall:FleeingMerchant","floor":39.0,"turns":4.0},{"damage":0.0,"enemies":"Spire Growth","floor":40.0,"turns":5.0},{"damage":0.0,"enemies":"Jaw Worm Horde","floor":42.0,"turns":2.0},{"damage":0.0,"enemies":"Maw","floor":44.0,"turns":6.0},{"damage":0.0,"enemies":"Transient","floor":45.0,"turns":5.0},{"damage":0.0,"enemies":"Sphere and 2 Shapes","floor":46.0,"turns":3.0},{"damage":0.0,"enemies":"Spire Growth","floor":49.0,"turns":3.0},{"damage":35.0,"enemies":"SI_POISON_ARCHETYPE","floor":50.0,"turns":6.0},{"damage":0.0,"enemies":"2 Louse","floor":53.0,"turns":2.0},{"damage":0.0,"enemies":"downfall:FleeingMerchant","floor":54.0,"turns":3.0},{"damage":0.0,"enemies":"Jaw Worm","floor":55.0,"turns":3.0},{"damage":0.0,"enemies":"Small Slimes","floor":56.0,"turns":2.0},{"damage":0.0,"enemies":"Gremlin Nob","floor":58.0,"turns":3.0},{"damage":0.0,"enemies":"Nightmare","floor":59.0,"turns":4.0},{"damage":0.0,"enemies":"Gremlin Nob","floor":61.0,"turns":3.0},{"damage":0.0,"enemies":"3 Louse","floor":62.0,"turns":2.0},{"damage":0.0,"enemies":"2 Fungi Beasts","floor":64.0,"turns":3.0},{"damage":0.0,"enemies":"Exordium Wildlife","floor":66.0,"turns":3.0},{"damage":0.0,"enemies":"Hexaghost","floor":67.0,"turns":4.0},{"damage":0.0,"enemies":"downfall:LooterAlt2","floor":70.0,"turns":2.0},{"damage":0.0,"enemies":"3 Byrds","floor":71.0,"turns":3.0},{"damage":0.0,"enemies":"Centurion and Healer","floor":73.0,"turns":3.0},{"damage":0.0,"enemies":"Gremlin Leader","floor":75.0,"turns":4.0},{"damage":0.0,"enemies":"Snake Plant","floor":76.0,"turns":2.0},{"damage":0.0,"enemies":"Sentry and Sphere","floor":82.0,"turns":3.0},{"damage":0.0,"enemies":"Snecko","floor":83.0,"turns":3.0},{"damage":0.0,"enemies":"conspire:MysteriousRune","floor":84.0,"turns":4.0},{"damage":0.0,"enemies":"Orb Walker","floor":89.0,"turns":3.0},{"damage":0.0,"enemies":"Reptomancer","floor":92.0,"turns":4.0},{"damage":0.0,"enemies":"3 Shapes","floor":94.0,"turns":4.0},{"damage":0.0,"enemies":"Jaw Worm Horde","floor":96.0,"turns":3.0},{"damage":0.0,"enemies":"Giant Head","floor":97.0,"turns":6.0},{"damage":0.0,"enemies":"Writhing Mass","floor":100.0,"turns":3.0},{"damage":0.0,"enemies":"Replay:Hell Engine","floor":101.0,"turns":7.0},{"damage":0.0,"enemies":"Jaw Worm","floor":104.0,"turns":3.0},{"damage":0.0,"enemies":"Nightmare_Alpha","floor":109.0,"turns":5.0},{"damage":0.0,"enemies":"2 Louse","floor":111.0,"turns":2.0},{"damage":0.0,"enemies":"Small Slimes","floor":114.0,"turns":3.0},{"damage":0.0,"enemies":"3 Louse","floor":115.0,"turns":2.0},{"damage":0.0,"enemies":"Large Slime","floor":117.0,"turns":2.0},{"damage":0.0,"enemies":"Slime Boss","floor":118.0,"turns":6.0},{"damage":0.0,"enemies":"conspire:FuzzyDice","floor":121.0,"turns":4.0},{"damage":0.0,"enemies":"Chosen","floor":122.0,"turns":4.0},{"damage":0.0,"enemies":"DF_ARCHETYPE_STREAMLINE","floor":126.0,"turns":4.0},{"damage":0.0,"enemies":"Slavers","floor":128.0,"turns":2.0},{"damage":0,"enemies":"Snecko","floor":130,"turns":3},{"damage":0,"enemies":"Cultist and Chosen","floor":131,"turns":4},{"damage":0,"enemies":"Replay:Snechameleon","floor":133,"turns":3},{"damage":0,"enemies":"Shelled Parasite and Fungi","floor":136,"turns":2},{"damage":0,"enemies":"Collector","floor":137,"turns":7},{"damage":0,"enemies":"Orb Walker","floor":140,"turns":3},{"damage":9,"enemies":"3 Shapes","floor":141,"turns":3},{"damage":2,"enemies":"Maw","floor":144,"turns":7},{"damage":0,"enemies":"Nightmare","floor":145,"turns":5},{"damage":0,"enemies":"Nightmare","floor":146,"turns":6},{"damage":0,"enemies":"R_Hoarder","floor":147,"turns":5},{"damage":0,"enemies":"Sphere and 2 Shapes","floor":149,"turns":7},{"damage":0,"enemies":"Nemesis","floor":152,"turns":5},{"damage":96,"enemies":"3 Darklings","floor":153,"turns":5},{"damage":0,"enemies":"Time Eater","floor":154,"turns":8},{"damage":0,"enemies":"ME_ARCHETYPE_MERCHANT","floor":156,"turns":8},{"damage":0,"enemies":"IC_STATUS_ARCHETYPE","floor":159,"turns":16}],"seed_played":"7809811649980068706","potions_obtained":[{"floor":3.0,"key":"SpeedPotion"},{"floor":9.0,"key":"blueLaboratory:HeartbeatPotion"},{"floor":11.0,"key":"DDmod:CleansePotion"},{"floor":15.0,"key":"ColorlessPotion"},{"floor":16.0,"key":"Block Potion"},{"floor":21.0,"key":"Swift Potion"},{"floor":26.0,"key":"AttackPotion"},{"floor":32.0,"key":"Milkshake"},{"floor":33.0,"key":"FearPotion"},{"floor":42.0,"key":"Energy Potion"},{"floor":46.0,"key":"blueLaboratory:Moonshine"},{"floor":50.0,"key":"blueLaboratory:PyrophylliteBrew"},{"floor":59.0,"key":"DDmod:CleansePotion"},{"floor":84.0,"key":"blueLaboratory:FruitPunch"},{"floor":86.0,"key":"FairyPotion"},{"floor":92.0,"key":"SteroidPotion"},{"floor":107.0,"key":"Swift Potion"},{"floor":107.0,"key":"PowerPotion"},{"floor":111.0,"key":"blueLaboratory:PolymorphPotion"},{"floor":115.0,"key":"Flashbang"},{"floor":136,"key":"LiquidMemories"},{"floor":137,"key":"Fire Potion"},{"floor":141,"key":"blueLaboratory:AbyssPotion"},{"floor":144,"key":"blueLaboratory:FrostheartPotion"},{"floor":146,"key":"Milkshake"},{"floor":153,"key":"CultistPotion"},{"floor":154,"key":"champ:CounterPotion"}],"is_trial":false,"path_per_floor":["R","M","M","$","?","R","T","$","M","E","M","R","M","E","M","B",null,"R","M","M","M","AVR","?","T","NM","?","M","M","M","R","M","M","B",null,"R","M","M","M","$","M","T","M","?","M","M","M","R","?","M","B",null,"R","M","$","M","M","?","E","NM","R","E","M","R","M","?","M","B",null,"R","M","M","?","M","?","E","M","AVR","?","?","$","R","M","M","B",null,"R","?","?","M","?","AVR","E","$","M","?","M","E","R","?","M","B",null,"R","M","?","?","?","$","NM","R","M","?","R","M","M","$","M","B",null,"R","M","M","PTL","PTL","?","?","?","E","?","M","M","?","E","$","?","M","B",null,"R","M","M","?","?","M","NM","?","E","?","M","R","$","E","M","B",null,"E","T","T","B"],"character_chosen":"TD1MADAO_CLASS","items_purchased":["Preloading","reliquary:Buckler","ReplayTheSpireMod:CursedCoin","Fixing","Fire Blade+1","Bag of Preparation","Replay:Lucky Slots","Fire Blade","Juzu Bracelet","Vajra","reliquary:PartyBalloon","Lunge","Flash of Steel","Fire Blade","ClockworkSouvenir","Flash of Steel","Toy Ornithopter","Chemical X","Replay:Ringing Soul","Afterwards","reliquary:BrokenClock","Onion Ring","Guide Book"],"campfire_rested":0,"item_purchase_floors":[4,8,39,39,39,39,39,54,54,54,80,80,80,93,116,116,134,134,134,134,151,157,157],"current_hp_per_floor":[77,74,74,68,68,68,68,67,67,64,64,64,64,64,64,58,72,72,68,53,46,46,33,33,33,21,21,14,14,14,14,14,14,77,77,77,76,76,76,76,76,76,76,76,76,76,76,70,70,35,70,70,70,70,70,70,70,70,70,70,70,70,70,70,80,80,80,80,80,80,80,80,80,80,80,80,80,60,44,44,44,44,44,44,80,80,80,80,80,80,80,82,82,82,82,82,82,82,82,82,82,82,82,82,82,82,82,82,82,82,82,82,82,82,82,82,82,82,82,82,82,82,82,82,82,92,72,72,72,72,72,72,72,75,75,83,91,101,101,104,98,90,83,84,87,87,90,90,93,93,93,93,5,18,128,128,128,128,128,128],"gold":112,"neow_bonus":"TEN_PERCENT_HP_BONUS","is_daily":false,"chose_seed":false,"campfire_upgraded":27,"win_rate":0.0,"timestamp":1613435943,"path_taken":["R","M","M","$","?","R","T","$","M","E","?","R","M","E","M","BOSS","R","M","M","M","AVR","?","T","NM","?","M","M","M","R","M","M","BOSS","R","M","M","?","$","M","T","M","?","?","M","M","R","?","M","BOSS","R","M","$","M","M","?","E","NM","R","E","M","R","M","?","M","BOSS","R","M","M","?","M","?","E","M","AVR","?","?","$","R","M","M","BOSS","R","?","?","M","?","AVR","E","$","M","?","M","E","R","?","M","BOSS","R","M","?","?","?","$","NM","R","M","?","R","M","M","?","M","BOSS","R","M","M","PTL","PTL","?","?","?","E","?","M","M","?","E","$","?","M","BOSS","R","M","M","?","?","M","NM","?","E","?","M","R","$","E","M","BOSS","E","T","T","BOSS"],"items_purchased_type":["Card","Relic","Relic","Card","Card","Relic","Relic","Card","Relic","Relic","Relic","Card","Card","Card","Relic","Card","Relic","Relic","Relic","Card","Relic","Relic","Relic"],"build_version":"2020-12-22","purchased_purges":8,"victory":false,"max_hp_per_floor":[77,77,77,77,77,77,77,77,77,77,77,77,77,77,77,77,72,72,72,72,72,72,77,77,77,77,77,77,77,77,77,77,77,77,77,77,77,77,77,77,77,77,77,77,77,77,77,70,70,70,70,70,70,70,70,70,70,70,70,70,70,70,70,70,80,80,80,80,80,80,80,80,80,80,80,80,80,80,80,80,80,80,80,80,80,80,80,80,80,80,80,82,82,82,82,82,82,82,82,82,82,82,82,82,82,82,82,82,82,82,82,82,82,82,82,82,82,82,82,82,82,82,82,82,82,92,92,92,92,92,92,92,92,95,95,98,101,101,101,104,107,107,110,113,116,116,119,119,122,122,122,122,125,128,128,128,128,128,128,128],"card_choices":[{"not_picked":["Sudden Beat","E MP"],"picked":"Here Defend Chip","floor":2.0},{"not_picked":["Preparedness","Floating Even"],"picked":"Black Execution","floor":3.0},{"not_picked":["New Defend Magic","Here Defend Chip"],"picked":"E MP","floor":4.0},{"not_picked":["Bugfix","Three Hit"],"picked":"Afterwards","floor":8.0},{"not_picked":["Recovery Mechanism","Lore"],"picked":"Black Spear","floor":9.0},{"not_picked":["Gravity Defend","Oblique Hack"],"picked":"Black Dance","floor":10.0},{"not_picked":["Recovery Mechanism","Here Defend Chip","Coercion"],"picked":"SKIP","floor":11.0},{"not_picked":["Rupture","Recovery Mechanism","Judgment"],"picked":"SKIP","floor":13.0},{"not_picked":["Twin Teeth","Sudden Beat"],"picked":"Fire Up","floor":14.0},{"not_picked":["Gravity Defend","Lunge"],"picked":"Defend System","floor":15.0},{"not_picked":["Black Warm Hole","Im Angry"],"picked":"Moon Tear","floor":16.0},{"not_picked":["Lore","Black Shadow+1"],"picked":"Fire Up","floor":19.0},{"not_picked":["Three Hit","Twin Teeth+1"],"picked":"New Defend Magic","floor":20.0},{"not_picked":["Afterwards","Machining+1"],"picked":"Fire Up+1","floor":21.0},{"not_picked":["hubris:Fate","ReplayTheSpireMod:??????????????????????"],"picked":"Replay:Fractal Strike","floor":25.0},{"not_picked":["Provocative","Resistance","Sub Weapons"],"picked":"SKIP","floor":25.0},{"not_picked":["Load Balancing","Revenge"],"picked":"Black Execution","floor":26.0},{"not_picked":["Floating Even","Provocative"],"picked":"Black Execution","floor":27.0},{"not_picked":["Preparedness","Black Shadow"],"picked":"Preloading","floor":28.0},{"not_picked":["Resistance","Black Hand+1"],"picked":"Preloading","floor":29.0},{"not_picked":["Bugfix+1","Three Hit"],"picked":"Moon Tear","floor":31.0},{"not_picked":["Provocative+1","White Contract"],"picked":"Fire Blade","floor":32.0},{"not_picked":["Pod Laser","Overclocking"],"picked":"Shockwave Tdmadao","floor":33.0},{"not_picked":["Judgment+1","Rupture+1"],"picked":"Afterwards+1","floor":36.0},{"not_picked":["Awareness+1","Provocative+1"],"picked":"Floating Swing Kick+1","floor":37.0},{"not_picked":["Lunge+1","Energy Supply+1"],"picked":"Fire Blade+1","floor":38.0},{"not_picked":["Fire Up+1","Gravity Defend"],"picked":"Fire Blade+1","floor":39.0},{"not_picked":["Fire Up","Sudden Beat+1"],"picked":"Perfect Defend+1","floor":40.0},{"not_picked":["Black Shadow","Shockwave Tdmadao"],"picked":"Here Defend Chip+1","floor":42.0},{"not_picked":["Cursed Blade+1","Transfer Energy"],"picked":"Defend System+1","floor":44.0},{"not_picked":["Afterwards+1","Machining"],"picked":"Fixing+1","floor":45.0},{"not_picked":["Sudden Beat","Light Attack+1","Black Warm Hole"],"picked":"SKIP","floor":46.0},{"not_picked":["Three Hit","Resistance+1"],"picked":"Oblique Hack+1","floor":49.0},{"not_picked":["Bursts","Format All Data"],"picked":"Overclocking","floor":50.0},{"not_picked":["Floating Swing Kick","Recovery Mechanism"],"picked":"Twin Teeth","floor":53.0},{"not_picked":["Rupture","Sub Weapons"],"picked":"Furious","floor":54.0},{"not_picked":["Fixing","Preloading"],"picked":"Black Shadow","floor":55.0},{"not_picked":["Lunge","Provocative"],"picked":"Winding Magic","floor":56.0},{"not_picked":["Black Hand","Trader"],"picked":"Floating Swing Kick","floor":58.0},{"not_picked":["Machining","White Contract"],"picked":"Sub Weapons","floor":59.0},{"not_picked":["Load Balancing","Data Freezing"],"picked":"Memory Alloy","floor":61.0},{"not_picked":["Pod Fire","Sub Weapons"],"picked":"Winding Magic","floor":62.0},{"not_picked":["Light Attack","Sudden Beat","Black Spear"],"picked":"SKIP","floor":64.0},{"not_picked":["Floating Swing Kick","Sudden Beat"],"picked":"Break Into","floor":66.0},{"not_picked":["Here Defend Chip","Energy Supply+1","Sudden Beat"],"picked":"SKIP","floor":70.0},{"not_picked":["Oblique Hack","Black Dance","Winding Magic+1"],"picked":"SKIP","floor":71.0},{"not_picked":["Pod Fire","Black Hand+1"],"picked":"Preloading","floor":73.0},{"not_picked":["White Contract","Black Warm Hole","Cursed Blade+1"],"picked":"SKIP","floor":75.0},{"not_picked":["Preparedness","Paralysis","White Contract"],"picked":"SKIP","floor":76.0},{"not_picked":["hubris:InfiniteBlow","infinitespire:NeuralNetwork"],"picked":"ReplayTheSpireMod:Chaos Vortex","floor":78.0},{"not_picked":["Load Balancing","Afterwards","Preparedness"],"picked":"SKIP","floor":82.0},{"not_picked":["Judgment+1","Oblique Hack+1"],"picked":"Black Shadow","floor":83.0},{"not_picked":["Backup","Black Contract"],"picked":"Format All Data","floor":84.0},{"not_picked":["White Contract+1","Lunge+1"],"picked":"Black Execution","floor":86.0},{"not_picked":["StuffTheSpire:Innocence","StuffTheSpire:Vigor"],"picked":"StuffTheSpire:CelestialWarden","floor":88.0},{"not_picked":["Resistance+1","Black Execution+1","Load Balancing"],"picked":"SKIP","floor":89.0},{"not_picked":["Pod Laser","Oblique Hack+1","Judgment+1"],"picked":"SKIP","floor":92.0},{"not_picked":["ReplayTheSpireMod:Chaos Vortex","ReplayTheSpireMod:??????????????????????"],"picked":"infinitespire:SevenWalls","floor":94.0},{"not_picked":["Light Attack","Fire Up","Afterwards"],"picked":"SKIP","floor":94.0},{"not_picked":["Afterwards+1","Three Hit"],"picked":"Fire Blade+1","floor":96.0},{"not_picked":["Oblique Hack+1","Floating Even+1"],"picked":"Twin Teeth+1","floor":97.0},{"not_picked":["Black Hand","Rupture+1","Machining"],"picked":"SKIP","floor":100.0},{"not_picked":["Im Angry","Data Freezing"],"picked":"Moon Tear","floor":101.0},{"not_picked":["Rupture","Twin Teeth","Recovery Mechanism"],"picked":"SKIP","floor":104.0},{"not_picked":["infinitespire:UltimateForm","ReplayTheSpireMod:Chaos Vortex"],"picked":"infinitespire:Gouge","floor":109.0},{"not_picked":["Pod Fire","Retrieval Recycling","Oblique Hack","Shedinja:SuckerPunch"],"picked":"SKIP","floor":109.0},{"not_picked":["Rupture","Floating Swing Kick","Shedinja:NightSlash"],"picked":"Preloading","floor":111.0},{"not_picked":["Defend System","Fire Blade","Afterwards","Shedinja:SuckerPunch"],"picked":"SKIP","floor":114.0},{"not_picked":["Data Freezing","Bugfix","Shedinja:HoneClaws"],"picked":"Twin Teeth","floor":115.0},{"not_picked":["E MP","Rupture","Shedinja:RockyHelmet"],"picked":"Lunge","floor":117.0},{"not_picked":["Afterwards","Lore+1","Twin Teeth+1"],"picked":"Shedinja:StruggleBug","floor":121.0},{"not_picked":["Revenge+1","Here Defend Chip","Shedinja:FurySwipes"],"picked":"Provocative","floor":122.0},{"not_picked":["Here Defend Chip","Fixing","Energy Supply"],"picked":"Shedinja:PhantomForce","floor":126.0},{"not_picked":["Recovery Mechanism","Black Shadow","Provocative","Shedinja:Mimic"],"picked":"SKIP","floor":128.0},{"not_picked":["Energy Supply","Black Spear","Shedinja:StruggleBug"],"picked":"Preloading+1","floor":130},{"not_picked":["Black Shadow","Pod Laser","Rupture","Shedinja:ArtifactCard"],"picked":"SKIP","floor":131},{"not_picked":["New Defend Magic","Reinforcement Parts","Twin Teeth+1","Shedinja:RockyHelmet"],"picked":"SKIP","floor":133},{"not_picked":["Three Hit","Rupture+1","Shedinja:Ether"],"picked":"Resistance","floor":136},{"not_picked":["Shockwave Tdmadao","Format All Data","Retrieval Recycling"],"picked":"Shedinja:LumBerry","floor":137},{"not_picked":["Sub Weapons+1","Weapon Shift","Shedinja:Facade"],"picked":"Preloading+1","floor":140},{"not_picked":["Perfect Defend","Winding Magic+1","Shedinja:WillOWisp"],"picked":"Black Hand","floor":141},{"not_picked":["expansioncontent:HyperBeam","Replay:SS_forest_2"],"picked":"expansioncontent:PolyBeam","floor":143},{"not_picked":["Replay:SS_forest_2","expansioncontent:YouAreMine"],"picked":"expansioncontent:Chronoboost","floor":143},{"not_picked":["expansioncontent:Chronoboost","expansioncontent:Hexaburn"],"picked":"expansioncontent:YouAreMine","floor":143},{"not_picked":["Machining","Resistance","Shedinja:ShadowBall"],"picked":"Fire Blade+1","floor":144},{"not_picked":["Floating Swing Kick","Three Hit","Coercion"],"picked":"Shedinja:PhantomForce","floor":145},{"not_picked":["Load Balancing+1","Black Spear","Rupture"],"picked":"Shedinja:ShadowSneak","floor":147},{"not_picked":["Paralysis","Here Defend Chip+1","Shedinja:PowerBracer"],"picked":"Fire Up+1","floor":149},{"not_picked":["Machining","White Contract","Black Execution","Shedinja:GigaDrain"],"picked":"SKIP","floor":152},{"not_picked":["Weapon Shift+1","Pod Fire","Shedinja:ShadowClaw"],"picked":"Lunge","floor":153},{"not_picked":["Retrieval Recycling","Optimization","Shedinja:XScissor"],"picked":"Memory Alloy","floor":154},{"not_picked":["Resistance+1","Energy Supply+1","Machining","Shedinja:RockyHelmet"],"picked":"SKIP","floor":156}],"player_experience":428977,"relics_obtained":[{"floor":7.0,"key":"hexamod:BolsterEngine"},{"floor":10.0,"key":"StuffTheSpire:Expresso"},{"floor":14.0,"key":"StuffTheSpire:GrapeVine"},{"floor":24.0,"key":"DemoMod:BlueGuonStone"},{"floor":25.0,"key":"reliquary:SilkGlove"},{"floor":26.0,"key":"Gremlin Food"},{"floor":41.0,"key":"aspiration:SeaSaltIceCream"},{"floor":126.0,"key":"halation:PenCase"},{"floor":126.0,"key":"Pear"},{"floor":146,"key":"Cola"}],"event_choices":[{"damage_healed":0.0,"max_hp_gain":0.0,"max_hp_loss":0.0,"gold_gain":0.0,"event_name":"conspire:Investor","player_choice":"Leave","floor":95.0,"gold_loss":0.0,"damage_taken":0.0},{"cards_removed":["Winding Magic"],"damage_healed":0.0,"max_hp_gain":0.0,"max_hp_loss":0.0,"gold_gain":0.0,"event_name":"Falling","player_choice":"Removed Skill","floor":99.0,"gold_loss":0.0,"damage_taken":0.0},{"cards_removed":["Black Hand"],"damage_healed":0.0,"max_hp_gain":0.0,"max_hp_loss":0.0,"gold_gain":0.0,"event_name":"The Cleric","player_choice":"Card Removal","floor":105.0,"gold_loss":0.0,"damage_taken":0.0},{"damage_healed":0.0,"max_hp_gain":0.0,"max_hp_loss":0.0,"gold_gain":0.0,"event_name":"Lab","player_choice":"Got Potions","floor":107.0,"gold_loss":0.0,"damage_taken":0.0},{"damage_healed":0.0,"max_hp_gain":0.0,"max_hp_loss":0.0,"gold_gain":0.0,"event_name":"The Library","player_choice":"Read","floor":125.0,"gold_loss":0.0,"damage_taken":0.0,"cards_obtained":["hierophant:RustyCrate"]},{"damage_healed":0,"gold_gain":0,"player_choice":"Obtain Plague Curse","damage_taken":0,"max_hp_gain":0,"max_hp_loss":0,"event_name":"Plague Doctor","floor":132,"gold_loss":0,"cards_obtained":["theForsaken:PlagueCurse"]},{"cards_removed":["theForsaken:PlagueCurse"],"damage_healed":0,"gold_gain":0,"player_choice":"Elegance","damage_taken":0,"max_hp_gain":0,"max_hp_loss":0,"event_name":"Back to Basics","floor":135,"gold_loss":0}],"is_beta":false,"boss_relics":[{"not_picked":["reliquary:RedPaperclip","hubris:VirtuousBlindfold"],"picked":"energizedSpire:HugeHouse"},{"not_picked":["Ring of Chaos","hubris:BlackHole"],"picked":"Astrolabe"},{"not_picked":["aspiration:RunicSpoon","Tiny House"],"picked":"Pandora\u0027s Box"},{"not_picked":["reliquary:KinkedSpring","bronze:MakeshiftBattery"],"picked":"ChewingGum"},{"not_picked":["halation:SmartPhone","halation:PlatinumPhoenix"],"picked":"Ring of Chaos"},{"not_picked":["Coffee Dripper","ReplayTheSpireMod:DimensionalGlitch"],"picked":"Black Star"},{"not_picked":["Fusion Hammer","halation:Risk"],"picked":"Kintsugi"},{"not_picked":["aspiration:WatcherSkillbook","StuffTheSpire:RunicConfusion"],"picked":"Replay:Grab Bag"},{"not_picked":["Velvet Choker","halation:ForbiddenBikini"],"picked":"Cursed Key"},{"not_picked":["conspire:SlowCooker","Busted Crown"],"picked":"conspire:RoyalGoblet"},{"not_picked":["halation:PlatinumPhoenix","halation:LoveArrow"],"picked":"hubris:Backtick"},{"not_picked":["ReplayTheSpireMod:DimensionalGlitch","SacredBark"],"picked":"Painkiller Herb"}],"items_purged_floors":[8,39,54,77,80,91,93,151],"is_endless":true,"potions_floor_spawned":[3,9,11,14,15,16,21,26,27,32,33,38,42,46,50,55,58,59,61,66,76,82,83,84,89,92,100,104,111,115,126,128,131,136,137,141,144,146,153,154],"killed_by":"IC_STATUS_ARCHETYPE","ascension_level":1}}