{"host":"oq9vgnvl0fi8z8ha","time":1613433679,"event":{"mods":["BaseMod","Block Reminder","ChefMod","Curses Come First","Evolution","Fox Events","Highlight Path","Minty Spire (QoL Compilation)","Relic Stats","Smile Girya","StSLib","The Bug Knight","The Runesmith","Treasure Hunter","Unceasing Turn Reminder"],"gold_per_floor":[345,345,345,365,325,325,325,358,358,383,383,427,61,61,61,182,182,205,221,221,221,246,246,246,246,246,259,259,303,303,338,338,458,458,471,471,530,530,553,553,553,553,553,594,594,86,86,127,127,127],"floor_reached":51,"language":"ENG","playtime":3598,"items_purged":[],"score":853,"play_id":"f5b0c272-8003-4c4b-877e-ba2157a397e2","local_time":"20210215170119","daily_mods":["Specialized","Blue Cards","Heirloom","Time Dilation","Flight"],"is_ascension_mode":true,"campfire_choices":[{"data":"1","floor":6,"key":"LIFT"},{"data":"2","floor":7,"key":"LIFT"},{"floor":11,"key":"REST"},{"floor":15,"key":"REST"},{"data":"3","floor":23,"key":"LIFT"},{"floor":24,"key":"REST"},{"data":"Amplify","floor":30,"key":"SMITH"},{"floor":32,"key":"REST"},{"floor":40,"key":"REST"},{"floor":41,"key":"REST"},{"floor":45,"key":"REST"},{"floor":47,"key":"REST"},{"floor":49,"key":"REST"}],"circlet_count":0,"master_deck":["Demon Form","Wraith Form v2","Echo Form+1","DevaForm","Runesmith:CreatorForm","HollowMod:SharpenedNail","Ball Lightning","Compile Driver","Sweeping Beam","HollowMod:DoubleDash","Conserve Battery","Leap","HollowMod:DoubleDash+1","HollowMod:FocusHealStart","HollowMod:PogoStrike","Meteor Strike","Meteor Strike","Meteor Strike","Meteor Strike","Sweeping Beam","Beam Cell","TH:CopperCoins","Genetic Algorithm","TH:Mimic","TH:CursedSword","HollowMod:HornetsHelp","Defragment","HollowMod:GoodIntentions","Coolheaded","HollowMod:QuirrelsAssistance","TH:TreasureMap","Amplify+1","Hologram+1","Beam Cell","Aggregate","Blind","Blizzard","TH:CursedSword","Core Surge","TH:ArmorSpikes","Leap","TH:BikiniMail","TH:BikiniMail","Seek","Stack+1","Storm+1","TH:ArmorSpikes","Double Energy+1","TH:TreasureMap","Rebound+1","HollowMod:DungDefenderAura","HollowMod:BaldurShell","HollowMod:CloakDash+1"],"relics":["HollowMod:VesselMask","EVO:Axolotl","Girya","Golden Idol","HollowMod:LifeEnderRelic","Shuriken","Centennial Puzzle","Bag of Marbles","SlaversCollar","HollowMod:IsmasTear","Pocketwatch","Orichalcum","Boot","Lizard Tail","HollowMod:LumaflyLanternRelic","Bottled Flame","HornCleat","Darkstone Periapt","HandDrill","Thread and Needle"],"acts_visited":["Exordium","TheCity","TheBeyond"],"potions_floor_usage":[16,16,29,33,37,37],"damage_taken":[{"damage":18,"enemies":"Jaw Worm","floor":1,"turns":4},{"damage":0,"enemies":"Small Slimes","floor":4,"turns":3},{"damage":40,"enemies":"3 Sentries","floor":8,"turns":6},{"damage":1,"enemies":"Cultist","floor":10,"turns":3},{"damage":27,"enemies":"Lagavulin","floor":12,"turns":5},{"damage":13,"enemies":"Hexaghost","floor":16,"turns":5},{"damage":1,"enemies":"Shell Parasite","floor":18,"turns":5},{"damage":4,"enemies":"Spheric Guardian","floor":19,"turns":5},{"damage":26,"enemies":"Centurion and Healer","floor":22,"turns":7},{"damage":0,"enemies":"Snecko","floor":27,"turns":3},{"damage":27,"enemies":"Slavers","floor":29,"turns":5},{"damage":12,"enemies":"Gremlin Leader","floor":31,"turns":6},{"damage":14,"enemies":"Automaton","floor":33,"turns":6},{"damage":48,"enemies":"3 Darklings","floor":35,"turns":5},{"damage":27,"enemies":"2 Orb Walkers","floor":37,"turns":6},{"damage":10,"enemies":"3 Shapes","floor":39,"turns":5},{"damage":36,"enemies":"Reptomancer","floor":44,"turns":8},{"damage":3,"enemies":"HollowMod:StalkingDevout","floor":48,"turns":3},{"damage":73,"enemies":"Time Eater","floor":50,"turns":11}],"seed_played":"-5798074647023307148","potions_obtained":[{"floor":5,"key":"SpeedPotion"},{"floor":5,"key":"GamblersBrew"},{"floor":5,"key":"GamblersBrew"},{"floor":10,"key":"Strength Potion"},{"floor":12,"key":"LiquidMemories"},{"floor":16,"key":"DuplicationPotion"},{"floor":18,"key":"SteroidPotion"},{"floor":27,"key":"Strength Potion"},{"floor":33,"key":"GamblersBrew"},{"floor":35,"key":"Dexterity Potion"},{"floor":44,"key":"Swift Potion"},{"floor":48,"key":"Ancient Potion"}],"is_trial":true,"path_per_floor":["M","?","?","M","?","R","R","E","T","M","R","E","$","?","R","B",null,"M","M","?","?","M","R","R","?","T","M","?","E","R","E","R","B",null,"M","?","?","T","M","R","R","?","T","E","R","$","R","E","R","B",null],"character_chosen":"THE_BUGKNIGHT","items_purchased":["Bag of Marbles","Defragment","HollowMod:GoodIntentions","Coolheaded","HollowMod:QuirrelsAssistance","Darkstone Periapt","HandDrill","HollowMod:DungDefenderAura","HollowMod:BaldurShell"],"campfire_rested":9,"item_purchase_floors":[13,13,13,13,13,46,46,46,46],"current_hp_per_floor":[57,39,85,85,85,85,85,51,51,50,75,48,48,31,56,49,85,84,80,80,68,54,54,79,79,79,79,79,52,52,40,65,57,85,37,37,16,16,6,31,56,56,56,26,51,51,76,73,85,22],"gold":127,"neow_bonus":"","is_daily":false,"chose_seed":false,"campfire_upgraded":1,"win_rate":0.0,"timestamp":1613433679,"path_taken":["M","?","?","?","?","R","R","E","T","?","R","E","$","?","R","BOSS","M","M","?","?","?","R","R","?","T","?","?","E","R","E","R","BOSS","M","?","?","?","?","R","R","?","T","E","R","$","R","E","R","BOSS"],"items_purchased_type":["Relic","Card","Card","Card","Card","Relic","Relic","Card","Card"],"build_version":"2020-12-22","purchased_purges":0,"victory":true,"max_hp_per_floor":[75,75,85,85,85,85,85,85,85,85,85,85,85,85,85,85,85,85,85,85,85,85,85,85,85,85,85,85,85,85,85,85,85,85,85,85,85,85,85,85,85,85,85,85,85,85,85,85,85,85],"relic_stats":{"Darkstone Periapt":0,"Centennial Puzzle":[39],"Lizard Tail":0,"counters":[19,101],"Golden Idol":166,"Shuriken":[25],"HandDrill":[4],"Orichalcum":[54],"Boot":[1],"obtain_stats":[{"Darkstone Periapt":46,"Girya":0,"HollowMod:LifeEnderRelic":8,"Golden Idol":2,"HollowMod:LumaflyLanternRelic":38,"HollowMod:VesselMask":0,"Thread and Needle":48,"HollowMod:IsmasTear":25,"EVO:Axolotl":0,"Orichalcum":29,"Boot":31,"SlaversCollar":17,"Centennial Puzzle":12,"Lizard Tail":37,"Bottled Flame":43,"HornCleat":44,"Shuriken":9,"Bag of Marbles":13,"HandDrill":46,"Pocketwatch":26},{"Darkstone Periapt":17,"Girya":0,"HollowMod:LifeEnderRelic":3,"Golden Idol":1,"HollowMod:LumaflyLanternRelic":15,"HollowMod:VesselMask":0,"Thread and Needle":18,"HollowMod:IsmasTear":9,"EVO:Axolotl":0,"Orichalcum":11,"Boot":12,"SlaversCollar":6,"Centennial Puzzle":5,"Lizard Tail":15,"Bottled Flame":16,"HornCleat":17,"Shuriken":3,"Bag of Marbles":5,"HandDrill":17,"Pocketwatch":9},{"Darkstone Periapt":87,"Girya":0,"HollowMod:LifeEnderRelic":13,"Golden Idol":4,"HollowMod:LumaflyLanternRelic":74,"HollowMod:VesselMask":0,"Thread and Needle":90,"HollowMod:IsmasTear":43,"EVO:Axolotl":0,"Orichalcum":51,"Boot":57,"SlaversCollar":26,"Centennial Puzzle":21,"Lizard Tail":74,"Bottled Flame":79,"HornCleat":87,"Shuriken":13,"Bag of Marbles":21,"HandDrill":87,"Pocketwatch":43}],"Pocketwatch":[34]},"card_choices":[{"not_picked":["Barrage","HollowMod:ShadowDash"],"picked":"Sweeping Beam","floor":1},{"not_picked":["Biased Cognition","Rebound"],"picked":"Beam Cell","floor":4},{"not_picked":["TH:ElvenBoots"],"picked":"TH:CopperCoins","floor":8},{"not_picked":["Reboot","HollowMod:SiblingsShadow"],"picked":"Genetic Algorithm","floor":8},{"not_picked":["TH:ElvenBoots"],"picked":"TH:Mimic","floor":9},{"not_picked":["HollowMod:ChannelNail","HollowMod:HowlingWraiths"],"picked":"Go for the Eyes","floor":10},{"not_picked":["TH:ElvenBoots"],"picked":"TH:CursedSword","floor":12},{"not_picked":["Compile Driver","HollowMod:VengefulVoid"],"picked":"HollowMod:HornetsHelp","floor":12},{"not_picked":["TH:Mimic"],"picked":"TH:TreasureMap","floor":16},{"not_picked":["HollowMod:HornetsHelp","HollowMod:Weaversong"],"picked":"Amplify","floor":16},{"not_picked":["HollowMod:NewLittleFool","Turbo+1"],"picked":"Hologram+1","floor":18},{"not_picked":["HollowMod:GoodIntentions","Redo"],"picked":"Beam Cell","floor":19},{"not_picked":["Fusion+1","HollowMod:CoiledNail"],"picked":"Blizzard","floor":22},{"not_picked":["TH:Mimic"],"picked":"TH:CursedSword","floor":26},{"not_picked":["HollowMod:CloakDash","Go for the Eyes+1"],"picked":"Core Surge","floor":27},{"not_picked":["TH:Mimic"],"picked":"TH:ArmorSpikes","floor":29},{"not_picked":["Compile Driver","HollowMod:ShadowDash"],"picked":"Leap","floor":29},{"not_picked":["TH:PixieDust"],"picked":"TH:BikiniMail","floor":31},{"not_picked":["HollowMod:InfectedCysts","HollowMod:SiblingsShadow","Meteor Strike"],"picked":"SKIP","floor":31},{"not_picked":["TH:ElvenBoots"],"picked":"TH:BikiniMail","floor":33},{"not_picked":["HollowMod:theNailsmith","Amplify"],"picked":"Seek","floor":33},{"not_picked":["Blizzard+1","HollowMod:ShadowDash+1"],"picked":"Stack+1","floor":35},{"not_picked":["HollowMod:DreamGate","Gash"],"picked":"Storm+1","floor":37},{"not_picked":["TH:TreasureMap"],"picked":"TH:ArmorSpikes","floor":38},{"not_picked":["Go for the Eyes+1","HollowMod:DashSlash+1"],"picked":"Double Energy+1","floor":39},{"not_picked":["TH:EnergyPotion"],"picked":"TH:TreasureMap","floor":43},{"not_picked":["Beam Cell+1","Hello World"],"picked":"Rebound+1","floor":44},{"not_picked":["TH:BikiniMail","TH:ElvenBoots"],"picked":"SKIP","floor":44},{"not_picked":["Chill","Cold Snap+1"],"picked":"HollowMod:CloakDash+1","floor":48},{"not_picked":["TH:EnergyPotion","TH:CursedSword"],"picked":"SKIP","floor":48}],"player_experience":227434,"relics_obtained":[{"floor":8,"key":"HollowMod:LifeEnderRelic"},{"floor":9,"key":"Shuriken"},{"floor":12,"key":"Centennial Puzzle"},{"floor":26,"key":"Pocketwatch"},{"floor":29,"key":"Orichalcum"},{"floor":31,"key":"Boot"},{"floor":37,"key":"Lizard Tail"},{"floor":38,"key":"HollowMod:LumaflyLanternRelic"},{"floor":43,"key":"Bottled Flame"},{"floor":44,"key":"HornCleat"},{"floor":48,"key":"Thread and Needle"}],"event_choices":[{"damage_healed":0,"gold_gain":0,"player_choice":"Take Damage","damage_taken":18,"relics_obtained":["Golden Idol"],"max_hp_gain":0,"max_hp_loss":0,"event_name":"Golden Idol","floor":2,"gold_loss":0},{"cards_removed":["Meteor Strike"],"damage_healed":36,"gold_gain":0,"player_choice":"Offered Rare","damage_taken":0,"max_hp_gain":10,"max_hp_loss":0,"event_name":"Bonfire Elementals","floor":3,"gold_loss":0},{"damage_healed":0,"gold_gain":0,"player_choice":"Bought 3 Potions","damage_taken":0,"max_hp_gain":0,"max_hp_loss":0,"event_name":"The Woman in Blue","floor":5,"gold_loss":0},{"damage_healed":0,"gold_gain":0,"player_choice":"Entered Light","damage_taken":17,"max_hp_gain":0,"max_hp_loss":0,"event_name":"Shining Light","floor":14,"gold_loss":0,"cards_upgraded":["HollowMod:DoubleDash","Echo Form"]},{"damage_healed":0,"gold_gain":0,"player_choice":"Read","damage_taken":0,"max_hp_gain":0,"max_hp_loss":0,"event_name":"The Library","floor":20,"gold_loss":0,"cards_obtained":["Aggregate"]},{"damage_healed":0,"gold_gain":0,"player_choice":"CARD ","damage_taken":12,"max_hp_gain":0,"max_hp_loss":0,"event_name":"Knowing Skull","floor":21,"potions_obtained":[],"gold_loss":0,"cards_obtained":["Blind"]},{"damage_healed":0,"gold_gain":0,"player_choice":"Gave Potion","damage_taken":0,"relics_obtained":["HollowMod:IsmasTear"],"max_hp_gain":0,"max_hp_loss":0,"event_name":"WeMeetAgain","floor":25,"gold_loss":0},{"damage_healed":0,"gold_gain":0,"player_choice":"Ignored","damage_taken":0,"max_hp_gain":0,"max_hp_loss":0,"event_name":"Ghosts","floor":28,"gold_loss":0},{"damage_healed":0,"gold_gain":0,"player_choice":"Ignored","damage_taken":0,"max_hp_gain":0,"max_hp_loss":0,"event_name":"Tomb of Lord Red Mask","floor":36,"gold_loss":0},{"damage_healed":0,"gold_gain":0,"player_choice":"Fight","damage_taken":0,"max_hp_gain":0,"max_hp_loss":0,"event_name":"Mysterious Sphere","floor":37,"gold_loss":0},{"cards_removed":["Go for the Eyes"],"damage_healed":0,"gold_gain":0,"player_choice":"Removed Attack","damage_taken":0,"max_hp_gain":0,"max_hp_loss":0,"event_name":"Falling","floor":42,"gold_loss":0}],"is_beta":false,"boss_relics":[{"not_picked":["Ectoplasm","Cursed Key"],"picked":"SlaversCollar"},{"not_picked":["Fusion Hammer","Velvet Choker","Coffee Dripper"]}],"items_purged_floors":[],"is_endless":false,"potions_floor_spawned":[10,12,16,18,27,33,35,44,48],"ascension_level":1}}