{"host":"bxzomvt4ag86nh1n","time":1613481224,"event":{"mods":["BaseMod","Bestiary","Colored Map","Highlight Path","Minty Spire (QoL Compilation)","Relic Stats"],"gold_per_floor":[111,186,204,204,223,223,248,264,342,361,361,377,98,133,133,234,234,159,159,159,15,15,15,15,15,15,15,15,15,15,15,15,15,15,15,15,15],"floor_reached":36,"language":"ENG","playtime":3759,"items_purged":["Strike_B"],"score":467,"play_id":"cce452af-4b36-49e6-ad17-cb0617ee2066","local_time":"20210216141344","is_ascension_mode":true,"campfire_choices":[{"data":"Zap","floor":6,"key":"SMITH"},{"data":"Recycle","floor":11,"key":"SMITH"},{"floor":15,"key":"REST"},{"floor":23,"key":"REST"},{"data":"Loop","floor":28,"key":"SMITH"},{"floor":32,"key":"REST"}],"circlet_count":0,"master_deck":["Strike_B","Defend_B","Defend_B","Defend_B","Zap+1","Dualcast","Ball Lightning+1","Loop+1","Creative AI+1","Sweeping Beam","Loop+1","Capacitor","Recycle+1","Cold Snap","Coolheaded+1","Leap+1","BootSequence+1","Steam Power+1","Leap","RitualDagger","Reboot","Ball Lightning+1"],"relics":["Astrolabe","Ginger","Singing Bowl","Runic Capacitor","Boot","Ectoplasm","ClockworkSouvenir","The Courier","Strawberry","Nuclear Battery"],"acts_visited":["Exordium","TheCity","TheBeyond"],"potions_floor_usage":[8,12,14,22,24,25,33,33],"damage_taken":[{"damage":1.0,"enemies":"2 Louse","floor":1.0,"turns":2.0},{"damage":1.0,"enemies":"Cultist","floor":3.0,"turns":3.0},{"damage":11.0,"enemies":"Jaw Worm","floor":5.0,"turns":3.0},{"damage":0,"enemies":"Lagavulin","floor":7,"turns":5},{"damage":13,"enemies":"Exordium Thugs","floor":8,"turns":3},{"damage":11,"enemies":"Large Slime","floor":10,"turns":5},{"damage":1,"enemies":"2 Fungi Beasts","floor":12,"turns":3},{"damage":20,"enemies":"3 Sentries","floor":14,"turns":4},{"damage":13,"enemies":"Hexaghost","floor":16,"turns":8},{"damage":32,"enemies":"2 Thieves","floor":18,"turns":5},{"damage":25,"enemies":"3 Byrds","floor":19,"turns":4},{"damage":13,"enemies":"Centurion and Healer","floor":22,"turns":8},{"damage":10,"enemies":"Book of Stabbing","floor":24,"turns":8},{"damage":3,"enemies":"Shelled Parasite and Fungi","floor":25,"turns":5},{"damage":0,"enemies":"Sentry and Sphere","floor":29,"turns":6},{"damage":13,"enemies":"3 Cultists","floor":30,"turns":6},{"damage":14,"enemies":"Automaton","floor":33,"turns":8},{"damage":7,"enemies":"Orb Walker","floor":35,"turns":5},{"damage":92,"enemies":"2 Orb Walkers","floor":36,"turns":7}],"seed_played":"4052871271674913885","potions_obtained":[{"floor":3.0,"key":"FocusPotion"},{"floor":4.0,"key":"DistilledChaos"},{"floor":4.0,"key":"SpeedPotion"},{"floor":8,"key":"EssenceOfDarkness"},{"floor":10,"key":"BlessingOfTheForge"},{"floor":18,"key":"BlessingOfTheForge"},{"floor":19,"key":"Explosive Potion"},{"floor":22,"key":"CultistPotion"},{"floor":30,"key":"GamblersBrew"}],"is_trial":false,"path_per_floor":["M","?","M","?","M","R","E","M","T","M","R","M","$","E","R","B",null,"M","M","?","$","M","R","E","M","T","$","R","M","M","?","R","B",null,"M","?"],"character_chosen":"DEFECT","items_purchased":["Runic Capacitor","Coolheaded","ClockworkSouvenir"],"campfire_rested":3,"item_purchase_floors":[13,13,21],"current_hp_per_floor":[74,63,62,62,51,51,51,38,38,27,27,28,28,10,33,22,81,51,26,26,26,13,37,27,26,33,33,33,35,22,16,44,30,94,87,0,0],"gold":15,"neow_bonus":"BOSS_RELIC","is_daily":false,"chose_seed":false,"campfire_upgraded":3,"win_rate":0.0,"timestamp":1613481224,"path_taken":["M","?","M","?","M","R","E","M","T","?","R","M","$","E","R","BOSS","M","M","?","$","M","R","E","M","T","?","R","M","M","?","R","BOSS","M","?"],"items_purchased_type":["Relic","Card","Relic"],"build_version":"2020-12-22","purchased_purges":1,"victory":false,"max_hp_per_floor":[75,75,75,75,75,75,75,75,75,75,75,77,77,79,79,81,81,83,83,83,83,83,83,83,85,92,92,92,94,94,94,94,94,94,94,94,94],"relic_stats":{"Singing Bowl":12,"counters":[19,98],"Astrolabe":["Ball Lightning","Loop","Creative AI"],"Ectoplasm":336,"Ginger":[3],"Boot":[17],"obtain_stats":[{"Singing Bowl":9,"Astrolabe":0,"Strawberry":26,"Ectoplasm":17,"The Courier":24,"Runic Capacitor":13,"Ginger":7,"Cracked Core":0,"Boot":14,"ClockworkSouvenir":21,"Nuclear Battery":34},{"Singing Bowl":5,"Astrolabe":0,"Strawberry":14,"Ectoplasm":9,"The Courier":13,"Runic Capacitor":7,"Ginger":4,"Cracked Core":0,"Boot":8,"ClockworkSouvenir":11,"Nuclear Battery":17},{"Singing Bowl":16,"Astrolabe":0,"Strawberry":66,"Ectoplasm":36,"The Courier":61,"Runic Capacitor":24,"Ginger":13,"Cracked Core":0,"Boot":28,"ClockworkSouvenir":45,"Nuclear Battery":86}]},"card_choices":[{"not_picked":["FTL","Hologram"],"picked":"Sweeping Beam","floor":1.0},{"not_picked":["Static Discharge","Auto Shields"],"picked":"Loop","floor":3.0},{"not_picked":["Streamline","Redo","Barrage"],"picked":"SKIP","floor":5.0},{"not_picked":["Leap","White Noise"],"picked":"Capacitor","floor":7},{"not_picked":["Conserve Battery","Leap"],"picked":"Recycle","floor":8},{"not_picked":["Static Discharge","Ball Lightning"],"picked":"Cold Snap","floor":10},{"not_picked":["Streamline","Skim","Hyperbeam"],"picked":"Singing Bowl","floor":12},{"not_picked":["Undo","Redo","Coolheaded"],"picked":"Singing Bowl","floor":14},{"not_picked":["Biased Cognition","Creative AI","Thunder Strike"],"picked":"Singing Bowl","floor":16},{"not_picked":["Chaos","Turbo","Rip and Tear"],"picked":"Singing Bowl","floor":18},{"not_picked":["Turbo","Coolheaded"],"picked":"Leap+1","floor":19},{"not_picked":["Cold Snap","Sweeping Beam"],"picked":"BootSequence+1","floor":22},{"not_picked":["Hello World","Coolheaded+1"],"picked":"Steam Power+1","floor":24},{"not_picked":["Tempest","Stack+1","Loop"],"picked":"Singing Bowl","floor":25},{"not_picked":["Beam Cell","Ball Lightning+1","Creative AI"],"picked":"Singing Bowl","floor":29},{"not_picked":["Redo","Gash"],"picked":"Leap","floor":30},{"not_picked":["Creative AI","Electrodynamics"],"picked":"Reboot","floor":33},{"not_picked":["Conserve Battery","Turbo"],"picked":"Ball Lightning+1","floor":35}],"player_experience":292576,"relics_obtained":[{"floor":7,"key":"Ginger"},{"floor":9,"key":"Singing Bowl"},{"floor":14,"key":"Boot"},{"floor":24,"key":"The Courier"},{"floor":26,"key":"Strawberry"}],"event_choices":[{"damage_healed":0.0,"max_hp_gain":0.0,"max_hp_loss":0.0,"gold_gain":75.0,"event_name":"World of Goop","player_choice":"Gather Gold","floor":2.0,"gold_loss":0.0,"damage_taken":11.0},{"damage_healed":0.0,"max_hp_gain":0.0,"max_hp_loss":0.0,"gold_gain":0.0,"event_name":"Lab","player_choice":"Got Potions","floor":4.0,"gold_loss":0.0,"damage_taken":0.0},{"damage_healed":0,"gold_gain":0,"player_choice":"Upgraded","damage_taken":0,"max_hp_gain":0,"max_hp_loss":0,"event_name":"Upgrade Shrine","floor":20,"gold_loss":0,"cards_upgraded":["Coolheaded"]},{"damage_healed":0,"gold_gain":0,"player_choice":"Joined the Cult","damage_taken":6,"max_hp_gain":0,"max_hp_loss":0,"event_name":"Nest","floor":31,"gold_loss":0,"cards_obtained":["RitualDagger"]},{"damage_healed":0,"gold_gain":0,"player_choice":"Fight","damage_taken":0,"max_hp_gain":0,"max_hp_loss":0,"event_name":"Mysterious Sphere","floor":36,"gold_loss":0}],"is_beta":false,"boss_relics":[{"not_picked":["Fusion Hammer","Runic Dome"],"picked":"Ectoplasm"},{"not_picked":["Black Star","Velvet Choker"],"picked":"Nuclear Battery"}],"items_purged_floors":[13],"is_endless":false,"potions_floor_spawned":[3,8,10,18,19,22,30],"killed_by":"2 Orb Walkers","ascension_level":1}}