{"host":"iv5y6bhuaupt1dsk","time":1613491455,"event":{"mods":["BaseMod","Colored Powertips","Koishi","Minty Spire (QoL Compilation)","StSLib","The Cursed","The Druid","The Exalted","The Forsaken","The Hierophant","The Judge","The Servant 0.9.4"],"gold_per_floor":[11,11,31,31,45,45,72,84,96,108,133,145,177,203,215,329,341,368,76,93,93,103,133,133,147,171,171,171,190,190,39,39,134,134,154,154,74,74,92,92,92,109,109,34,34,34,50,68,68,68],"floor_reached":51,"language":"ENG","playtime":2921,"items_purged":["theForsaken:PlagueCurse"],"score":742,"play_id":"86a06644-24ae-470f-8949-3f7b8df92dc8","local_time":"20210216080415","is_ascension_mode":false,"campfire_choices":[{"data":"theForsaken:SacrificeSoul","floor":6,"key":"SMITH"},{"data":"theForsaken:Eulogy","floor":8,"key":"SMITH"},{"data":"theForsaken:DarkBarrier","floor":15,"key":"SMITH"},{"data":"theForsaken:DivineGuidance","floor":24,"key":"SMITH"},{"data":"theForsaken:FuryStrikes","floor":28,"key":"SMITH"},{"data":"theForsaken:HealingLight","floor":30,"key":"SMITH"},{"data":"theForsaken:WrathOfGod","floor":32,"key":"SMITH"},{"data":"theForsaken:WrathOfGod+1","floor":40,"key":"SMITH"},{"data":"theForsaken:WrathOfGod+2","floor":45,"key":"SMITH"},{"floor":49,"key":"REST"}],"circlet_count":0,"master_deck":["theForsaken:TheForsaken_Strike","theForsaken:TheForsaken_Strike","theForsaken:TheForsaken_Strike","theForsaken:TheForsaken_Defend","theForsaken:TheForsaken_Defend","theForsaken:TheForsaken_Defend","theForsaken:Smite","theForsaken:Penitence","theForsaken:SacrificeSoul+1","theForsaken:Eulogy+1","theForsaken:FuryStrikes+1","theForsaken:BattleHymn","theForsaken:NobleSacrifice","theForsaken:DarkBarrier+1","theForsaken:Prudence","theForsaken:DivineGuidance+1","theForsaken:RainingSunlight+1","theForsaken:StoreUp+1","theForsaken:HealingLight+1","theForsaken:Eulogy+1","theForsaken:MagicWeapon","theForsaken:QuickAttack+1","theForsaken:WrathOfGod+3","theForsaken:QuickAttack+1","theForsaken:WordsOfMight","theForsaken:DesperatePlea","Flash of Steel","theForsaken:DefensiveStance","theForsaken:Enfeeble+1","Madness","Madness","theForsaken:StoreUp+1","theForsaken:DefensiveStance+1"],"relics":["theForsaken:JudgementScales","Letter Opener","theForsaken:HumbleEgg","CultistMask","SlaversCollar","Chemical X","Bronze Scales","Nloth\u0027s Gift","Sundial","Bromod:ArcaneMomentum","Philosopher\u0027s Stone","theForsaken:PlagueMask","Darkstone Periapt"],"acts_visited":["Exordium","TheCity","TheBeyond"],"potions_floor_usage":[18,23,25,29,39,50],"damage_taken":[{"damage":0,"enemies":"Small Slimes","floor":1,"turns":3},{"damage":2,"enemies":"Jaw Worm","floor":3,"turns":4},{"damage":0,"enemies":"2 Louse","floor":5,"turns":2},{"damage":13,"enemies":"Lagavulin","floor":7,"turns":6},{"damage":0,"enemies":"Gremlin Gang","floor":11,"turns":1},{"damage":0,"enemies":"Looter","floor":13,"turns":3},{"damage":0,"enemies":"Red Slaver","floor":14,"turns":2},{"damage":0,"enemies":"The Guardian","floor":16,"turns":10},{"damage":0,"enemies":"2 Thieves","floor":18,"turns":2},{"damage":0,"enemies":"Chosen","floor":20,"turns":4},{"damage":9,"enemies":"3 Cultists","floor":22,"turns":4},{"damage":13,"enemies":"Book of Stabbing","floor":23,"turns":6},{"damage":0,"enemies":"Cultist and Chosen","floor":25,"turns":6},{"damage":18,"enemies":"Snake Plant","floor":29,"turns":3},{"damage":0,"enemies":"Collector","floor":33,"turns":10},{"damage":31,"enemies":"3 Darklings","floor":35,"turns":7},{"damage":2,"enemies":"3 Shapes","floor":39,"turns":7},{"damage":0,"enemies":"Maw","floor":42,"turns":6},{"damage":16,"enemies":"4 Shapes","floor":47,"turns":1},{"damage":0,"enemies":"Spire Growth","floor":48,"turns":4},{"damage":50,"enemies":"Time Eater","floor":50,"turns":9}],"seed_played":"-4351366658632855313","potions_obtained":[{"floor":5,"key":"DuplicationPotion"},{"floor":7,"key":"Ancient Potion"},{"floor":11,"key":"Regen Potion"},{"floor":22,"key":"PowerPotion"},{"floor":33,"key":"SkillPotion"},{"floor":47,"key":"GamblersBrew"},{"floor":48,"key":"GamblersBrew"}],"is_trial":false,"path_per_floor":["M","?","M","?","M","R","E","R","T","?","M","$","M","M","R","B",null,"M","$","M","?","M","E","R","M","T","?","R","M","R","$","R","B",null,"M","?","$","?","M","R","?","M","T","$","R","?","M","M","R","B",null],"character_chosen":"THE_FORSAKEN","items_purchased":["Chemical X","Bronze Scales","theForsaken:WrathOfGod","theForsaken:QuickAttack+1","theForsaken:WordsOfMight","theForsaken:DefensiveStance"],"campfire_rested":1,"item_purchase_floors":[19,19,31,31,31,37],"current_hp_per_floor":[65,53,51,56,56,56,43,43,43,43,43,43,43,43,43,46,70,70,70,70,70,61,48,48,67,67,67,67,49,49,49,49,65,72,41,41,41,41,41,41,32,53,53,53,53,53,37,39,62,43],"gold":68,"neow_bonus":"TRANSFORM_TWO_CARDS","is_daily":false,"chose_seed":false,"campfire_upgraded":9,"win_rate":0.0,"timestamp":1613491455,"path_taken":["M","?","M","?","M","R","E","R","T","?","M","$","?","M","R","BOSS","M","$","M","?","?","E","R","M","T","?","R","M","R","$","R","BOSS","M","?","$","?","M","R","?","M","T","$","R","?","?","M","R","BOSS"],"items_purchased_type":["Relic","Relic","Card","Card","Card","Card"],"build_version":"2020-12-22","purchased_purges":1,"victory":true,"max_hp_per_floor":[65,65,65,70,70,70,70,70,70,70,70,70,70,70,70,70,70,70,70,70,70,70,70,70,72,72,72,72,72,72,72,72,72,72,72,72,72,72,74,74,74,76,76,76,76,76,76,78,78,78],"card_choices":[{"not_picked":["theForsaken:Thunderbolt","theForsaken:WardingHymn"],"picked":"theForsaken:FuryStrikes","floor":1},{"not_picked":["theForsaken:AncientWords","theForsaken:ChargeAttack"],"picked":"theForsaken:BattleHymn","floor":3},{"not_picked":["theForsaken:ShieldCharge","theForsaken:FuryStrikes"],"picked":"theForsaken:NobleSacrifice","floor":5},{"not_picked":["theForsaken:FatRoll","theForsaken:Enfeeble","theForsaken:Tranquility"],"picked":"SKIP","floor":7},{"not_picked":["theForsaken:FatRoll+1","theForsaken:ShieldCharge+1"],"picked":"theForsaken:DarkBarrier","floor":11},{"not_picked":["theForsaken:PanicDive+1","theForsaken:FuryStrikes+1"],"picked":"theForsaken:Prudence","floor":13},{"not_picked":["theForsaken:NobleSacrifice+1","theForsaken:PreciseStrike","theForsaken:HorrifyingStrike+1"],"picked":"SKIP","floor":14},{"not_picked":["theForsaken:SacrificeSoul","theForsaken:TearsOfSunlight"],"picked":"theForsaken:DivineGuidance","floor":16},{"not_picked":["theForsaken:Backlash+1","theForsaken:CreepingInfection+1"],"picked":"theForsaken:RainingSunlight+1","floor":18},{"not_picked":["theForsaken:Backlash+1","theForsaken:BountifulSunlight+1"],"picked":"theForsaken:StoreUp+1","floor":20},{"not_picked":["theForsaken:PanicDive+1","theForsaken:HorrifyingStrike+1"],"picked":"theForsaken:HealingLight","floor":22},{"not_picked":["theForsaken:Temperance","theForsaken:BindingThorns"],"picked":"theForsaken:Eulogy+1","floor":23},{"not_picked":["theForsaken:FatRoll+1","theForsaken:HealingLight"],"picked":"theForsaken:MagicWeapon","floor":25},{"not_picked":["theForsaken:NobleSacrifice+1","theForsaken:FuryStrikes+1"],"picked":"theForsaken:QuickAttack+1","floor":29},{"not_picked":["theForsaken:SpreadingPlague","theForsaken:Horror"],"picked":"theForsaken:DesperatePlea","floor":33},{"not_picked":["theForsaken:PowerUp+1","theForsaken:CowardsBrand+1","theForsaken:SacrificeSoul"],"picked":"SKIP","floor":35},{"not_picked":["PanicButton","Bandage Up"],"picked":"Flash of Steel","floor":36},{"not_picked":["theForsaken:LightRoll","theForsaken:ChargeAttack+1"],"picked":"theForsaken:Enfeeble+1","floor":39},{"not_picked":["theForsaken:ShieldBash+1","theForsaken:PanicDive+1"],"picked":"theForsaken:StoreUp+1","floor":42},{"not_picked":["theForsaken:CreepingInfection+1","theForsaken:Parry+1","theForsaken:PowerUp+1"],"picked":"SKIP","floor":47},{"not_picked":["theForsaken:CorruptDeck","theForsaken:DarkBargain"],"picked":"theForsaken:DefensiveStance+1","floor":48}],"player_experience":1513647,"relics_obtained":[{"floor":7,"key":"MawBank"},{"floor":9,"key":"theForsaken:HumbleEgg"},{"floor":23,"key":"Sundial"},{"floor":26,"key":"Bromod:ArcaneMomentum"},{"floor":43,"key":"Darkstone Periapt"}],"event_choices":[{"damage_healed":0,"gold_gain":0,"player_choice":"Success","damage_taken":12,"relics_obtained":["Letter Opener"],"max_hp_gain":0,"max_hp_loss":0,"event_name":"Scrap Ooze","floor":2,"gold_loss":0},{"damage_healed":0,"gold_gain":0,"player_choice":"Donut","damage_taken":0,"max_hp_gain":5,"max_hp_loss":0,"event_name":"Big Fish","floor":4,"gold_loss":0},{"damage_healed":0,"gold_gain":0,"player_choice":"Trade","damage_taken":0,"relics_obtained":["CultistMask"],"max_hp_gain":0,"max_hp_loss":0,"event_name":"FaceTrader","floor":10,"gold_loss":0},{"damage_healed":0,"gold_gain":0,"player_choice":"Traded Relic","damage_taken":0,"relics_obtained":["Nloth\u0027s Gift"],"max_hp_gain":0,"max_hp_loss":0,"event_name":"N\u0027loth","floor":21,"relics_lost":["MawBank"],"gold_loss":0},{"damage_healed":0,"gold_gain":0,"player_choice":"Ignored","damage_taken":0,"max_hp_gain":0,"max_hp_loss":0,"event_name":"Vampires","floor":27,"gold_loss":0},{"damage_healed":0,"gold_gain":0,"player_choice":"Memory 1","damage_taken":0,"max_hp_gain":0,"max_hp_loss":0,"event_name":"SensoryStone","floor":36,"gold_loss":0},{"damage_healed":0,"gold_gain":0,"player_choice":"Obtain Plague Curse","damage_taken":0,"max_hp_gain":0,"max_hp_loss":0,"event_name":"Plague Doctor","floor":38,"gold_loss":0,"cards_obtained":["theForsaken:PlagueCurse"]},{"damage_healed":0,"gold_gain":0,"player_choice":"Embrace Madness","damage_taken":9,"max_hp_gain":0,"max_hp_loss":0,"event_name":"Winding Halls","floor":41,"gold_loss":0,"cards_obtained":["Madness","Madness"]},{"damage_healed":0,"gold_gain":0,"player_choice":"Ignored","damage_taken":0,"max_hp_gain":0,"max_hp_loss":0,"event_name":"NoteForYourself","floor":46,"gold_loss":0}],"is_beta":false,"boss_relics":[{"not_picked":["Bromod:ArcaneEnergize","Bromod:ArcaneBarrier"],"picked":"SlaversCollar"},{"not_picked":["Busted Crown","Velvet Choker"],"picked":"Philosopher\u0027s Stone"}],"items_purged_floors":[44],"is_endless":false,"potions_floor_spawned":[5,7,11,13,22,33,47,48],"ascension_level":0}}