{"host":"kh6fvhxn285ncg0o","time":1613466820,"event":{"mods":["Act Like it!","BaseMod","Colored Map","Friendly Minions","Keyboard Shortcuts","Minty Spire (QoL Compilation)","Quick Restart","Relic Stats","StSLib","SuperFastMode","UnlockEverythingMod"],"gold_per_floor":[166,91,109,122,222,257,257,257,257],"floor_reached":8,"language":"KOR","playtime":149,"items_purged":[],"score":112,"play_id":"242f2691-d3e5-42fc-a15b-411190acb2d2","local_time":"20210216181340","is_ascension_mode":true,"campfire_choices":[{"data":"Spot Weakness","floor":7,"key":"SMITH"}],"circlet_count":0,"master_deck":["AscendersBane","Strike_R","Strike_R","Strike_R","Strike_R","Defend_R","Defend_R","Defend_R+1","Defend_R","Bash","Infernal Blade","Shrug It Off","Spot Weakness+1"],"relics":["Tiny House","Juzu Bracelet"],"acts_visited":["Exordium"],"potions_floor_usage":[6,6],"damage_taken":[{"damage":0,"enemies":"2 Louse","floor":1,"turns":2},{"damage":11,"enemies":"Jaw Worm","floor":3,"turns":5},{"damage":0,"enemies":"Cultist","floor":4,"turns":3},{"damage":32,"enemies":"Gremlin Nob","floor":6,"turns":4},{"damage":42,"enemies":"Lagavulin","floor":8,"turns":5}],"seed_played":"-7868690210652632334","potions_obtained":[{"floor":0,"key":"DistilledChaos"},{"floor":1,"key":"Energy Potion"},{"floor":3,"key":"Fire Potion"}],"is_trial":false,"path_per_floor":["M","?","M","M","?","E","R","E"],"character_chosen":"IRONCLAD","items_purchased":[],"campfire_rested":0,"item_purchase_floors":[],"current_hp_per_floor":[73,73,62,62,62,30,30,0,0],"gold":257,"neow_bonus":"BOSS_RELIC","is_daily":false,"chose_seed":false,"campfire_upgraded":1,"win_rate":0.0,"timestamp":1613466820,"path_taken":["M","?","M","M","?","E","R","E"],"items_purchased_type":[],"build_version":"2020-12-22","purchased_purges":0,"victory":false,"max_hp_per_floor":[80,80,80,80,80,80,80,80,80],"relic_stats":{"counters":[5,19],"Juzu Bracelet":0,"obtain_stats":[{"Tiny House":0,"Juzu Bracelet":6,"Burning Blood":0},{"Tiny House":0,"Juzu Bracelet":4,"Burning Blood":0},{"Tiny House":0,"Juzu Bracelet":14,"Burning Blood":0}]},"card_choices":[{"not_picked":["Bloodletting","Iron Wave"],"picked":"Infernal Blade","floor":0},{"not_picked":["Whirlwind","Hemokinesis"],"picked":"Shrug It Off","floor":1},{"not_picked":["Anger","Sword Boomerang","Warcry"],"picked":"SKIP","floor":3},{"not_picked":["Shrug It Off","Dual Wield","Clash"],"picked":"SKIP","floor":4},{"not_picked":["Flex","Warcry"],"picked":"Spot Weakness","floor":6}],"player_experience":1432788,"relics_obtained":[{"floor":6,"key":"Juzu Bracelet"}],"event_choices":[{"cards_removed":["Strike_R"],"damage_healed":0,"gold_gain":0,"player_choice":"Card Removal","damage_taken":0,"max_hp_gain":0,"max_hp_loss":0,"event_name":"The Cleric","floor":2,"gold_loss":75},{"damage_healed":0,"gold_gain":100,"player_choice":"Gold","damage_taken":0,"max_hp_gain":0,"max_hp_loss":0,"event_name":"Wheel of Change","floor":5,"gold_loss":0}],"is_beta":false,"boss_relics":[],"items_purged_floors":[],"is_endless":false,"potions_floor_spawned":[1,3],"killed_by":"Lagavulin","ascension_level":20}}