{"host":"wxz7488rqrwl2v46","time":1613445472,"event":{"mods":["BaseMod","Minty Spire (QoL Compilation)","Quick Restart","Replay The Spire","StSLib"],"gold_per_floor":[110,110,110,60,80,80,95,95,95],"floor_reached":8,"language":"ZHS","playtime":378,"items_purged":[],"score":46,"play_id":"27594e84-252b-4f30-8c02-111de156ba4f","local_time":"20210216111752","is_ascension_mode":false,"campfire_choices":[{"data":"Heavy Blade","floor":6,"key":"SMITH"}],"circlet_count":0,"master_deck":["Strike_R","Strike_R","Strike_R","Strike_R","Strike_R","Defend_R","Defend_R","Defend_R","Defend_R","Bash","Heavy Blade+1","Dual Wield","Heavy Blade"],"relics":["Burning Blood","Potion Belt","ReplayTheSpireMod:Ring of Exchange","Ring of Peace"],"acts_visited":["Exordium"],"potions_floor_usage":[8],"damage_taken":[{"damage":2,"enemies":"Small Slimes","floor":1,"turns":4},{"damage":0,"enemies":"Jaw Worm","floor":5,"turns":6},{"damage":2,"enemies":"2 Louse","floor":7,"turns":4},{"damage":90,"enemies":"Lagavulin","floor":8,"turns":12}],"seed_played":"829380374306398166","potions_obtained":[{"floor":1,"key":"Adrenaline Potion"},{"floor":5,"key":"CultistPotion"}],"is_trial":false,"path_per_floor":["M","?","?","?","M","R","M","E"],"character_chosen":"IRONCLAD","items_purchased":[],"campfire_rested":0,"item_purchase_floors":[],"current_hp_per_floor":[80,80,80,80,80,80,80,0,0],"gold":95,"neow_bonus":"RANDOM_COMMON_RELIC","is_daily":false,"chose_seed":false,"campfire_upgraded":1,"win_rate":0.0,"timestamp":1613445472,"path_taken":["M","?","?","?","M","R","M","E"],"items_purchased_type":[],"build_version":"2020-12-22","purchased_purges":0,"victory":false,"max_hp_per_floor":[80,80,80,80,80,80,80,80,80],"card_choices":[{"not_picked":["Seeing Red","Clothesline"],"picked":"Heavy Blade","floor":1},{"not_picked":["Shrug It Off","Run Through"],"picked":"Dual Wield","floor":5},{"not_picked":["Cleave","Whirlwind"],"picked":"Heavy Blade","floor":7}],"player_experience":31467,"relics_obtained":[{"floor":2,"key":"ReplayTheSpireMod:Ring of Exchange"},{"floor":2,"key":"Ring of Peace"}],"event_choices":[{"damage_healed":0,"gold_gain":0,"player_choice":"Ignored","damage_taken":0,"max_hp_gain":0,"max_hp_loss":0,"event_name":"Liars Game","floor":3,"gold_loss":0},{"cards_removed":["Delirium"],"damage_healed":0,"gold_gain":0,"player_choice":"Card Removal","damage_taken":0,"max_hp_gain":0,"max_hp_loss":0,"event_name":"The Cleric","floor":4,"gold_loss":50}],"is_beta":false,"boss_relics":[],"items_purged_floors":[],"is_endless":false,"potions_floor_spawned":[1,5],"killed_by":"Lagavulin","ascension_level":0}}