{"host":"whe4vf9w0yuhsr02","time":1613475052,"event":{"mods":["Act Like it!","Ascension Reborn","BaseMod","Bestiary","Better Altar","Better Match","Better Note","Better Sensory Stone","Better Skull","Better Third Choice","Colored Map","Dark Map","Hallownest","Hermit","Highlight Path","Hubris","Lobotomy","LobotomyExtend","Minty Spire (QoL Compilation)","Poor People Problems","Quick Restart","Replay The Spire","StSLib","The Animator","The Bug Knight","The Judge","The Jungle","The Necromancer","everything is the same but u backflip on backflip"],"gold_per_floor":[113,327,338,355,355,355,373,384,384,402,453,480,480,116,116,214,214,231,231,245,245,245,270,192,211,211,211,222,252,252,252,252,351,451,464,480,480,490,563,563,383,383,383,402,428,509,351,276,276,276,276],"floor_reached":52,"language":"ENG","playtime":2400,"items_purged":[],"score":938,"play_id":"91e71567-2535-432f-90a7-9f03849903a7","local_time":"20210216133052","is_ascension_mode":false,"campfire_choices":[],"circlet_count":0,"master_deck":["SpecialBullet","SpecialBullet","SpecialBullet","SpecialBullet","SpecialBullet","SpecialBullet","SpecialBullet","SpecialBullet","InformationCode","SecurityCode","TrainingCode","ScreamingWedge","Trip","Galaxy","Mimicry","Reverberation+1","GreedKing","Justitia","GreenStem","ControlCode","Lantern+1","CentralCode","ParadiseLost"],"relics":["CogitoBucket","NeowsBlessing","LetterFromLob","Anchor","Tiny Chest","hubris:PeanutButter","AdjustmentMirror","Juzu Bracelet","MealTicket","Membership Card","Pear","hubris:ScarierMask","ReplayTheSpireMod:Shallot","Strawberry","Bag of Preparation","ChangeAnything","Replay:Bottled Eggs","hubris:Towel","Vajra","Hallownest:NailmastersGloryRelic","Replay:Wanted Poster","Regal Pillow","hubris:TenFootPole","hubris:SphereOfDissonance","Hallownest:StagBellRelic1","Shuriken","RedMistMask","Toy Ornithopter","Darkstone Periapt","Durian"],"acts_visited":["Exordium","Hallownest:Greenpath","Hallownest:CityofTears"],"potions_floor_usage":[52,52],"damage_taken":[{"damage":0.0,"enemies":"Hallownest:monsterHuskWarrior","floor":1.0,"turns":1.0},{"damage":0.0,"enemies":"Hallownest:2_Baldur","floor":3.0,"turns":1.0},{"damage":0.0,"enemies":"2_ Uuma","floor":4.0,"turns":1.0},{"damage":3.0,"enemies":"Hallownest:2_Tiktiks_1_Baldur_1_Crawlid","floor":7.0,"turns":2.0},{"damage":12.0,"enemies":"Hallownest:monsterFoolEater","floor":8.0,"turns":1.0},{"damage":40.0,"enemies":"Hallownest:monsterMossCharger","floor":10.0,"turns":8.0},{"damage":9.0,"enemies":"Hallownest:eliteMossKnight","floor":12.0,"turns":13.0},{"damage":13.0,"enemies":"Hallownest:BossBrokenVessel","floor":16.0,"turns":17.0},{"damage":10.0,"enemies":"Hallownest:3_Youths","floor":18.0,"turns":5.0},{"damage":12.0,"enemies":"Hallownest:Flukemon_and_Top","floor":20.0,"turns":4.0},{"damage":25.0,"enemies":"Hallownest:eliteWatcherKnight","floor":23.0,"turns":12.0},{"damage":27.0,"enemies":"Hallownest:Master_and_Novice","floor":25.0,"turns":15.0},{"damage":0.0,"enemies":"Hallownest:Warrior_and_Youth","floor":28.0,"turns":5.0},{"damage":16.0,"enemies":"Hallownest:eliteSoulWarrior","floor":29.0,"turns":7.0},{"damage":22.0,"enemies":"Hallownest:BossSoulMaster","floor":33.0,"turns":12.0},{"damage":2.0,"enemies":"Hallownest:Shield_Heavy","floor":35.0,"turns":3.0},{"damage":86.0,"enemies":"Hallownest:3_Siblings","floor":36.0,"turns":14.0},{"damage":28.0,"enemies":"Hallownest:monsterPrimalAspid","floor":38.0,"turns":2.0},{"damage":0.0,"enemies":"Hallownest:Xero_Hu_Marmu","floor":44.0,"turns":5.0},{"damage":53.0,"enemies":"Hallownest:BossGreyPrinceZote","floor":50.0,"turns":7.0},{"damage":36.0,"enemies":"Malkuth","floor":51.0,"turns":9.0},{"damage":124.0,"enemies":"Yesod","floor":51.0,"turns":24.0}],"seed_played":"203255475581142062","potions_obtained":[{"floor":3.0,"key":"Explosive Potion"},{"floor":7.0,"key":"Death Potion"},{"floor":8.0,"key":"GamblersBrew"},{"floor":16.0,"key":"Elixir"},{"floor":18.0,"key":"FearPotion"},{"floor":23.0,"key":"SpeedPotion"},{"floor":28.0,"key":"PowerPotion"},{"floor":38.0,"key":"EssenceOfSteel"}],"is_trial":false,"path_per_floor":["M","?","M","M","?","R","M","M","T","M","T","E","R","$","R","B",null,"M","?","M","?","T","E","$","M","T","?","M","E","R","?","R","B",null,"M","M","?","M","T","R","?","$","T","M","T","T","$","?","R","B",null,null,null],"character_chosen":"Angela","items_purchased":["Membership Card","Pear","Mimicry","Reverberation+1","Bag of Preparation","Durian"],"campfire_rested":0,"item_purchase_floors":[14,14,14,14,24,47],"current_hp_per_floor":[70,18,26,34,34,34,43,46,46,24,24,33,33,58,58,67,84,84,84,84,84,84,84,91,82,82,82,91,91,91,91,91,91,91,91,86,44,45,45,45,48,66,66,91,91,91,96,96,96,70,74],"gold":276,"neow_bonus":"THREE_ENEMY_KILL","is_daily":false,"chose_seed":false,"campfire_upgraded":0,"win_rate":0.0,"timestamp":1613475052,"path_taken":["M","?","?","M","?","R","M","?","T","M","?","E","R","?","R","BOSS","M","?","M","?","?","E","$","M","T","?","M","E","R","?","R","BOSS","M","M","?","M","?","R","?","?","T","M","?","?","$","?","R","BOSS"],"items_purchased_type":["Relic","Relic","Card","Card","Relic","Relic"],"build_version":"2020-12-22","purchased_purges":0,"victory":true,"max_hp_per_floor":[70,70,70,70,70,70,70,70,70,70,70,70,70,80,80,84,84,84,84,84,84,84,91,91,91,91,91,91,91,91,91,91,91,91,91,91,91,91,91,91,91,91,91,91,91,91,96,96,96,96,96],"card_choices":[{"not_picked":["Lantern","Soda"],"picked":"SKIP","floor":1.0},{"not_picked":["TodaysExpression"],"picked":"ScreamingWedge","floor":3.0},{"not_picked":["LifeForTheDareDevil","Wingbeat"],"picked":"SKIP","floor":4.0},{"not_picked":["Mind Blast"],"picked":"Trip","floor":5.0},{"not_picked":["SoundOfStar"],"picked":"Galaxy","floor":7.0},{"not_picked":["BearPaw","Lantern"],"picked":"SKIP","floor":8.0},{"not_picked":["Regret_ego","Noise"],"picked":"SKIP","floor":10.0},{"not_picked":["GrinderMk4","Beak"],"picked":"SKIP","floor":12.0},{"not_picked":["DreamingCurrent","FairyFestival"],"picked":"GreedKing","floor":16.0},{"not_picked":["Adoration"],"picked":"Justitia","floor":16.0},{"not_picked":["MagicBullet+1"],"picked":"GreenStem","floor":18.0},{"not_picked":["InTheNameOfLoveAndHate","RedEyes"],"picked":"SKIP","floor":20.0},{"not_picked":["SomewhereSpear"],"picked":"Lantern+1","floor":21.0},{"not_picked":["BlueScar","SomewhereSpear+1"],"picked":"SKIP","floor":23.0},{"not_picked":["RedEyes+1","FourthMatchFlame"],"picked":"SKIP","floor":25.0},{"not_picked":["RedEyes+1","FourthMatchFlame"],"picked":"SKIP","floor":25.0},{"not_picked":["BlackSwan_ego+1","Regret_ego"],"picked":"SKIP","floor":28.0},{"not_picked":["SwordSharpenedByTears","TodaysExpression"],"picked":"SKIP","floor":29.0},{"not_picked":["Heaven+1","Penitence+1"],"picked":"SKIP","floor":35.0},{"not_picked":["FourthMatchFlame+1","Soda"],"picked":"SKIP","floor":36.0},{"not_picked":["CherryBlossom+1","MagicBullet"],"picked":"SKIP","floor":38.0},{"not_picked":["CUTE","SomewhereSpear"],"picked":"SKIP","floor":44.0},{"not_picked":["Adoration"],"picked":"ParadiseLost","floor":48.0}],"player_experience":491861,"relics_obtained":[{"floor":1.0,"key":"LetterFromLob"},{"floor":9.0,"key":"hubris:PeanutButter"},{"floor":11.0,"key":"Juzu Bracelet"},{"floor":12.0,"key":"MealTicket"},{"floor":22.0,"key":"ReplayTheSpireMod:Shallot"},{"floor":23.0,"key":"Strawberry"},{"floor":26.0,"key":"Replay:Bottled Eggs"},{"floor":29.0,"key":"Vajra"},{"floor":39.0,"key":"hubris:SphereOfDissonance"},{"floor":43.0,"key":"Shuriken"},{"floor":44.0,"key":"RedMistMask"},{"floor":45.0,"key":"Toy Ornithopter"},{"floor":46.0,"key":"Darkstone Periapt"}],"event_choices":[{"damage_healed":0.0,"max_hp_gain":0.0,"max_hp_loss":0.0,"gold_gain":214.0,"event_name":"betterSkull:BetterSkull","player_choice":"GO GO RE RE ","floor":2.0,"gold_loss":0.0,"damage_taken":58.0,"cards_upgraded":[],"relics_obtained":["Anchor","Tiny Chest"]},{"damage_healed":0.0,"max_hp_gain":0.0,"max_hp_loss":0.0,"gold_gain":1.0,"event_name":"betterStone:BetterStone","player_choice":"1","floor":5.0,"gold_loss":0.0,"damage_taken":0.0},{"damage_healed":0.0,"max_hp_gain":0.0,"max_hp_loss":0.0,"gold_gain":0.0,"event_name":"betterSkull:BetterSkull","player_choice":"RE RE ","floor":37.0,"gold_loss":0.0,"damage_taken":47.0,"cards_upgraded":[],"relics_obtained":["Regal Pillow","hubris:TenFootPole"]},{"damage_healed":0.0,"max_hp_gain":0.0,"max_hp_loss":0.0,"gold_gain":0.0,"event_name":"betterMatch:BetterMatch","player_choice":"1","floor":48.0,"gold_loss":0.0,"damage_taken":0.0,"cards_obtained":["betterMatch:CommonCard","betterMatch:RareCard","betterMatch:ColorlessUncommonCard"]}],"is_beta":false,"boss_relics":[{"not_picked":["Kintsugi","Velvet Choker"],"picked":"hubris:ScarierMask"},{"not_picked":["Empty Cage","hubris:HollowSoul"],"picked":"Replay:Wanted Poster"}],"items_purged_floors":[],"is_endless":false,"potions_floor_spawned":[3,7,8,16,18,23,28,35,38],"ascension_level":0}}