{"host":"a6ztjasp7lxlo10n","time":1613464983,"event":{"mods":["Act Like it!","BaseMod","Colored Map","Marisa£®ÏF”Í°°ƒß¿Ì…≥£©","Minty Spire (QoL Compilation)","Quick Restart","StSLib","SuperFastMode"],"gold_per_floor":[109,11,11,25,25,25,48,76,76,107,107,122,153,169,169,266,266,285,299,299,299,45,45,45,45,45],"floor_reached":25,"language":"ZHS","playtime":770,"items_purged":["Strike_R","Strike_R"],"score":364,"play_id":"1191cc29-4162-450e-aa2f-358e17e07b72","local_time":"20210216164303","is_ascension_mode":true,"campfire_choices":[{"data":"True Grit","floor":6.0,"key":"SMITH"},{"data":"Sword Boomerang","floor":15.0,"key":"SMITH"},{"floor":23,"key":"REST"}],"circlet_count":0,"master_deck":["Strike_R","Strike_R","Defend_R","Defend_R","Defend_R","Defend_R","Bash","Second Wind","True Grit+1","Sentinel+1","Sword Boomerang+1","Warcry+1","Fire Breathing","Juggernaut","Ghostly+1","Ghostly+1","Ghostly+1","Ghostly+1","Ghostly+1"],"relics":["Burning Blood","NeowsBlessing","Bag of Marbles","Boot","Toxic Egg 2","Blood Vial","HornCleat","Fusion Hammer","Oddly Smooth Stone"],"acts_visited":["Exordium","TheCity"],"potions_floor_usage":[],"damage_taken":[{"damage":0.0,"enemies":"Jaw Worm","floor":1.0,"turns":1.0},{"damage":0.0,"enemies":"Small Slimes","floor":4.0,"turns":1.0},{"damage":0.0,"enemies":"Lagavulin","floor":8.0,"turns":2.0},{"damage":22.0,"enemies":"3 Sentries","floor":10.0,"turns":10.0},{"damage":0.0,"enemies":"Cultist","floor":12.0,"turns":4.0},{"damage":36.0,"enemies":"Lagavulin","floor":13.0,"turns":7.0},{"damage":0.0,"enemies":"Looter","floor":14.0,"turns":3.0},{"damage":37.0,"enemies":"Slime Boss","floor":16.0,"turns":8.0},{"damage":16.0,"enemies":"Shell Parasite","floor":18.0,"turns":6.0},{"damage":32.0,"enemies":"Spheric Guardian","floor":19.0,"turns":6.0},{"damage":17,"enemies":"Gremlin Leader","floor":25,"turns":14}],"seed_played":"-8626947605439145547","potions_obtained":[{"floor":1.0,"key":"DistilledChaos"},{"floor":10.0,"key":"PowerPotion"},{"floor":12.0,"key":"Weak Potion"},{"floor":14.0,"key":"FairyPotion"},{"floor":18.0,"key":"DistilledChaos"}],"is_trial":false,"path_per_floor":["M","$","?","M","?","R","T","E","T","E","?","M","E","M","R","B",null,"M","M","?","?","$","R","?","E"],"character_chosen":"IRONCLAD","items_purchased":["True Grit","Oddly Smooth Stone"],"campfire_rested":1,"item_purchase_floors":[2,22],"current_hp_per_floor":[78,78,78,80,85,85,85,85,85,69,69,77,49,57,57,28,71,63,39,39,39,39,42,36,21,21],"gold":45,"neow_bonus":"THREE_ENEMY_KILL","is_daily":false,"chose_seed":false,"campfire_upgraded":2,"win_rate":0.0,"timestamp":1613464983,"path_taken":["M","$","?","M","?","R","?","E","T","E","?","?","E","M","R","BOSS","M","M","?","?","$","R","?","E"],"items_purchased_type":["Card","Relic"],"build_version":"2020-12-22","purchased_purges":2,"victory":false,"max_hp_per_floor":[80,80,80,80,85,85,85,85,85,85,85,85,85,85,85,85,85,85,85,85,42,42,42,47,47,47],"card_choices":[{"not_picked":["Armaments","Warcry"],"picked":"Second Wind","floor":1.0},{"not_picked":["Clothesline","Anger","Flex"],"picked":"SKIP","floor":4.0},{"not_picked":["Anger","Armaments","Reckless Charge"],"picked":"SKIP","floor":8.0},{"not_picked":["Heavy Blade","Shockwave+1"],"picked":"Sentinel+1","floor":10.0},{"not_picked":["Twin Strike","Sever Soul"],"picked":"Warcry+1","floor":12.0},{"not_picked":["Battle Trance+1","Iron Wave","Demon Form"],"picked":"SKIP","floor":13.0},{"not_picked":["Heavy Blade","Second Wind+1"],"picked":"Fire Breathing","floor":14.0},{"not_picked":["Exhume+1","Bludgeon"],"picked":"Juggernaut","floor":16.0},{"not_picked":["Clash","Bloodletting+1","Flex+1"],"picked":"SKIP","floor":18.0},{"not_picked":["Clothesline","Thunderclap","Warcry+1"],"picked":"SKIP","floor":19.0}],"player_experience":337593,"relics_obtained":[{"floor":7.0,"key":"Bag of Marbles"},{"floor":8.0,"key":"Boot"},{"floor":9.0,"key":"Toxic Egg 2"},{"floor":10.0,"key":"Blood Vial"},{"floor":13.0,"key":"HornCleat"}],"event_choices":[{"damage_healed":0.0,"max_hp_gain":0.0,"max_hp_loss":0.0,"gold_gain":0.0,"event_name":"Liars Game","player_choice":"Ignored","floor":3.0,"gold_loss":0.0,"damage_taken":0.0},{"damage_healed":0.0,"max_hp_gain":5.0,"max_hp_loss":0.0,"gold_gain":0.0,"event_name":"Big Fish","player_choice":"Donut","floor":5.0,"gold_loss":0.0,"damage_taken":0.0},{"damage_healed":0.0,"max_hp_gain":0.0,"max_hp_loss":0.0,"gold_gain":0.0,"cards_transformed":["Strike_R"],"event_name":"Transmorgrifier","player_choice":"Transformed","floor":11.0,"gold_loss":0.0,"damage_taken":0.0,"cards_obtained":["Sword Boomerang"]},{"damage_healed":0,"gold_gain":0,"player_choice":"Ignored","damage_taken":0,"max_hp_gain":0,"max_hp_loss":0,"event_name":"The Mausoleum","floor":20,"gold_loss":0},{"damage_healed":0,"gold_gain":0,"player_choice":"Became a Ghost","damage_taken":0,"max_hp_gain":0,"max_hp_loss":43,"event_name":"Ghosts","floor":21,"gold_loss":0,"cards_obtained":["Ghostly","Ghostly","Ghostly","Ghostly","Ghostly"]},{"damage_healed":0,"gold_gain":0,"player_choice":"Shed Blood","damage_taken":11,"max_hp_gain":5,"max_hp_loss":0,"event_name":"Forgotten Altar","floor":24,"gold_loss":0}],"is_beta":false,"boss_relics":[{"not_picked":["Tiny House","Black Blood"],"picked":"Fusion Hammer"}],"items_purged_floors":[2,22],"is_endless":false,"potions_floor_spawned":[1,10,12,14,18],"killed_by":"Gremlin Leader","ascension_level":8}}