{"host":"lg1piimdyocafd6j","time":1613501016,"event":{"mods":["AchievementEnabler","BaseMod","Better Third Choice","BetterRewards","Colored Map","Colored Powertips","Downfall","Minty Spire (QoL Compilation)","Quick Restart","Rare Cards Sparkle","Remove Card Discount Mod","Shop Mod","StSLib","SuperFastMode"],"gold_per_floor":[113,44,54,66,77,77,93,150,228,255,286,298,327,339,351,465,477,501,286,302,321,339,339,354,354,354,373,373,386,380,390,390,485,535,545,465,465,485,498,530,530,558,584,584,595,607,607,619,619,619,619],"floor_reached":50,"language":"ENG","playtime":2417,"items_purged":["Strike_G","Strike_G","Strike_G","Neutralize","Defend_G","Strike_G","Strike_G","Deadly Poison","Defend_G","Infinite Blades","Noxious Fumes","Blade Dance","Defend_G","Defend_G","Defend_G","Infinite Blades"],"score":587,"play_id":"c054f997-9a95-4db7-a377-0ffb665dc2ba","local_time":"20210216194336","is_ascension_mode":false,"campfire_choices":[{"data":"Accuracy","floor":6,"key":"SMITH"},{"floor":12,"key":"RECALL"},{"data":"Blade Dance","floor":15,"key":"SMITH"},{"data":"Accuracy","floor":23,"key":"SMITH"},{"data":"Cloak And Dagger","floor":25,"key":"SMITH"},{"data":"Accuracy","floor":28,"key":"SMITH"},{"floor":32,"key":"REST"},{"data":"Footwork","floor":41,"key":"SMITH"},{"data":"Cloak And Dagger","floor":47,"key":"SMITH"},{"floor":49,"key":"REST"}],"circlet_count":0,"master_deck":["Survivor","Blade Dance+1","Blade Dance+1","Cloak And Dagger+1","Accuracy+1","Accuracy+1","Blade Dance","Infinite Blades+1","Dodge and Roll+1","Cloak And Dagger+1","Cloak And Dagger","Footwork+1","Backflip+1","Dodge and Roll"],"relics":["Ring of the Snake","TwistedFunnel","Shuriken","Bag of Preparation","Thread and Needle","MawBank","Mercury Hourglass","Orrery","Girya","Tiny House","PreservedInsect","Dead Branch","Oddly Smooth Stone"],"acts_visited":["Exordium","TheCity","TheBeyond"],"potions_floor_usage":[39],"damage_taken":[{"damage":0,"enemies":"2 Louse","floor":1,"turns":3},{"damage":3,"enemies":"Jaw Worm","floor":3,"turns":2},{"damage":0,"enemies":"Cultist","floor":4,"turns":2},{"damage":0,"enemies":"Looter","floor":5,"turns":1},{"damage":0,"enemies":"Large Slime","floor":7,"turns":2},{"damage":3,"enemies":"Lagavulin Event","floor":8,"turns":3},{"damage":5,"enemies":"3 Sentries","floor":10,"turns":3},{"damage":0,"enemies":"Exordium Thugs","floor":11,"turns":2},{"damage":0,"enemies":"Looter","floor":13,"turns":3},{"damage":0,"enemies":"Slime Boss","floor":16,"turns":5},{"damage":0,"enemies":"Chosen","floor":18,"turns":3},{"damage":0,"enemies":"3 Byrds","floor":20,"turns":3},{"damage":6,"enemies":"Centurion and Healer","floor":21,"turns":3},{"damage":0,"enemies":"3 Cultists","floor":22,"turns":4},{"damage":1,"enemies":"Sentry and Sphere","floor":24,"turns":3},{"damage":0,"enemies":"Snecko","floor":27,"turns":2},{"damage":14,"enemies":"Shelled Parasite and Fungi","floor":29,"turns":4},{"damage":8,"enemies":"Centurion and Healer","floor":31,"turns":2},{"damage":4,"enemies":"Automaton","floor":33,"turns":4},{"damage":2,"enemies":"3 Shapes","floor":35,"turns":3},{"damage":4,"enemies":"Orb Walker","floor":38,"turns":3},{"damage":0,"enemies":"3 Darklings","floor":39,"turns":4},{"damage":0,"enemies":"Giant Head","floor":40,"turns":4},{"damage":11,"enemies":"Reptomancer","floor":42,"turns":5},{"damage":16,"enemies":"Writhing Mass","floor":45,"turns":8},{"damage":0,"enemies":"4 Shapes","floor":46,"turns":3},{"damage":28,"enemies":"3 Darklings","floor":48,"turns":3},{"damage":0,"enemies":"Time Eater","floor":50,"turns":1}],"seed_played":"1665726781437977810","potions_obtained":[{"floor":1,"key":"bronze:BurnAndBuffPotion"},{"floor":5,"key":"Dexterity Potion"},{"floor":7,"key":"GhostInAJar"},{"floor":10,"key":"champ:CounterPotion"},{"floor":24,"key":"DistilledChaos"},{"floor":39,"key":"Strength Potion"}],"is_trial":false,"path_per_floor":["M","$","M","M","M","R","M","?","T","E","M","R","M","T","R","B",null,"M","$","M","M","M","R","M","R","T","M","R","M","$","M","R","B",null,"M","$","?","M","M","E","R","E","T","?","M","M","R","M","R","B"],"character_chosen":"THE_SILENT","items_purchased":["Infinite Blades","TwistedFunnel","Shuriken","Infinite Blades","Deadly Poison","Bag of Preparation","Accuracy","Accuracy","Orrery","Footwork"],"campfire_rested":2,"item_purchase_floors":[0,0,0,0,0,0,2,19,19,36],"current_hp_per_floor":[70,70,67,67,67,67,67,64,64,59,59,59,59,59,59,59,70,70,70,70,64,64,64,63,63,63,63,63,49,49,41,62,58,75,73,73,73,69,69,69,69,58,58,58,42,42,42,14,35,35,35],"gold":619,"neow_bonus":"","is_daily":false,"chose_seed":false,"campfire_upgraded":7,"win_rate":0.0,"timestamp":1613501016,"path_taken":["M","$","M","M","M","R","M","?","T","E","M","R","M","?","R","BOSS","M","$","M","M","M","R","M","R","T","M","R","?","$","M","R","BOSS","M","$","?","M","M","E","R","E","T","?","M","?","R","M","R","BOSS"],"items_purchased_type":["Card","Relic","Relic","Card","Card","Relic","Card","Card","Relic","Card"],"build_version":"2020-12-22","purchased_purges":16,"victory":false,"max_hp_per_floor":[70,70,70,70,70,70,70,70,70,70,70,70,70,70,70,70,70,70,70,70,70,70,70,70,70,70,70,70,70,70,70,70,70,75,75,75,75,75,75,75,75,75,75,71,71,71,71,71,71,71,71],"card_choices":[{"not_picked":["Concentrate","Poisoned Stab"],"picked":"Blade Dance","floor":1},{"not_picked":["Poisoned Stab","Choke"],"picked":"Blade Dance","floor":3},{"not_picked":["Distraction","Leg Sweep","Dash"],"picked":"SKIP","floor":4},{"not_picked":["Tactician","Acrobatics"],"picked":"Blade Dance","floor":5},{"not_picked":["Reflex","Acrobatics"],"picked":"Cloak And Dagger","floor":7},{"not_picked":["Setup","Malaise","PiercingWail"],"picked":"SKIP","floor":10},{"not_picked":["Poisoned Stab","Expertise","Backflip"],"picked":"SKIP","floor":11},{"not_picked":["Outmaneuver","Underhanded Strike","Quick Slash"],"picked":"SKIP","floor":13},{"not_picked":["Leg Sweep","Prepared"],"picked":"Accuracy","floor":18},{"not_picked":["Deflect","Catalyst+1"],"picked":"Noxious Fumes","floor":19},{"not_picked":["Prepared+1","Catalyst+1"],"picked":"Blade Dance","floor":19},{"not_picked":["Prepared","Backstab","Quick Slash"],"picked":"SKIP","floor":20},{"not_picked":["Catalyst+1","Underhanded Strike","Endless Agony"],"picked":"SKIP","floor":21},{"not_picked":["Underhanded Strike+1","Endless Agony","Distraction+1"],"picked":"SKIP","floor":22},{"not_picked":["Slice","PiercingWail","Caltrops"],"picked":"SKIP","floor":24},{"not_picked":["Choke","Dagger Spray","Acrobatics+1"],"picked":"SKIP","floor":27},{"not_picked":["Backflip+1","Flying Knee+1"],"picked":"Infinite Blades+1","floor":29},{"not_picked":["Acrobatics","Envenom"],"picked":"Dodge and Roll+1","floor":31},{"not_picked":["Blade Dance","Flying Knee+1"],"picked":"Cloak And Dagger","floor":34},{"not_picked":["Distraction","Underhanded Strike+1"],"picked":"Cloak And Dagger","floor":35},{"not_picked":["Blade Dance","Flying Knee","Quick Slash"],"picked":"SKIP","floor":38},{"not_picked":["Expertise","Deadly Poison+1"],"picked":"Backflip+1","floor":39},{"not_picked":["Dagger Spray+1","Distraction","Outmaneuver+1"],"picked":"SKIP","floor":40},{"not_picked":["Outmaneuver","Predator+1","Slice"],"picked":"SKIP","floor":42},{"not_picked":["PiercingWail+1","Bane"],"picked":"Dodge and Roll","floor":45},{"not_picked":["Glass Knife","Bane+1","Caltrops"],"picked":"SKIP","floor":46},{"not_picked":["Setup","Quick Slash","Sucker Punch+1"],"picked":"SKIP","floor":48}],"player_experience":157141,"relics_obtained":[{"floor":10,"key":"MawBank"},{"floor":14,"key":"Mercury Hourglass"},{"floor":26,"key":"Girya"},{"floor":40,"key":"PreservedInsect"},{"floor":42,"key":"Dead Branch"},{"floor":43,"key":"Oddly Smooth Stone"}],"event_choices":[{"damage_healed":0,"gold_gain":30,"player_choice":"Searched \u00273\u0027 times","damage_taken":0,"relics_obtained":["Thread and Needle"],"max_hp_gain":0,"max_hp_loss":0,"event_name":"Dead Adventurer","floor":8,"gold_loss":0},{"cards_removed":["Accuracy"],"damage_healed":0,"gold_gain":0,"player_choice":"Removed Power","damage_taken":0,"max_hp_gain":0,"max_hp_loss":0,"event_name":"Falling","floor":37,"gold_loss":0},{"damage_healed":0,"gold_gain":0,"player_choice":"Max HP","damage_taken":0,"max_hp_gain":0,"max_hp_loss":4,"event_name":"Winding Halls","floor":44,"gold_loss":0}],"is_beta":false,"boss_relics":[{"not_picked":["Velvet Choker","Snecko Eye","Runic Dome"]},{"not_picked":["HoveringKite","SlaversCollar"],"picked":"Tiny House"}],"items_purged_floors":[0,0,0,0,0,19,19,19,19,30,30,30,36,36,36,36],"is_endless":false,"potions_floor_spawned":[1,5,7,10,24,29,33,39,40,46,48],"killed_by":"Time Eater","ascension_level":0}}