{"host":"1ooxfz79hmpvpehx","time":1613437876,"event":{"mods":["BaseMod","Better Altar","Better Match","Better Note","Better Sensory Stone","Better Skull","Better Third Choice","Infinite Spire","Marked Mod","Minty Spire (QoL Compilation)","Quick Restart","RNG Fix","Replay The Spire","StSLib","SuperFastMode"],"gold_per_floor":[111,126,126,84,98,129,148,148,172,184,184],"floor_reached":10,"language":"ENG","playtime":147,"items_purged":[],"score":68,"play_id":"5055a079-b70f-4d48-a570-1b82435d839a","local_time":"20210215221116","is_ascension_mode":false,"campfire_choices":[{"floor":8,"key":"DIG"}],"circlet_count":0,"master_deck":["Strike_B","Strike_B","Strike_B","Strike_B","Defend_B","Defend_B","Defend_B","Defend_B","Zap","Dualcast","Regret","Turbo"],"relics":["Cracked Core","Bird Faced Urn","betterThird:SlimedRelic","Shovel","Onion Ring","MawBank"],"acts_visited":["Exordium"],"potions_floor_usage":[7,7],"damage_taken":[{"damage":0,"enemies":"2 Louse","floor":1,"turns":2},{"damage":1,"enemies":"Cultist","floor":2,"turns":3},{"damage":11,"enemies":"Small Slimes","floor":5,"turns":4},{"damage":38,"enemies":"Gremlin Nob","floor":6,"turns":5},{"damage":2,"enemies":"3 Louse","floor":7,"turns":2},{"damage":15,"enemies":"Lagavulin","floor":10,"turns":2}],"seed_played":"5797853076271347676","potions_obtained":[{"floor":2,"key":"Reflective Coating"},{"floor":6,"key":"SpeedPotion"},{"floor":7,"key":"Dexterity Potion"}],"is_trial":false,"path_per_floor":["M","M","?","?","M","E","M","R","T","E"],"character_chosen":"DEFECT","items_purchased":[],"campfire_rested":0,"item_purchase_floors":[],"current_hp_per_floor":[68,67,67,56,45,7,5,5,5,0,0],"gold":184,"neow_bonus":"TWENTY_PERCENT_HP_BONUS","is_daily":false,"chose_seed":false,"campfire_upgraded":0,"win_rate":0.0,"timestamp":1613437876,"path_taken":["M","M","?","?","M","E","M","R","T","E"],"items_purchased_type":[],"build_version":"2020-12-22","purchased_purges":0,"victory":false,"max_hp_per_floor":[89,89,89,89,89,89,89,89,89,89,89],"card_choices":[{"not_picked":["Stack","Loop","Beam Cell"],"picked":"SKIP","floor":1},{"not_picked":["Scrape","BasicCrystalCard","Steam"],"picked":"SKIP","floor":2},{"not_picked":["Rip and Tear","Panic Button","Undo"],"picked":"SKIP","floor":5},{"not_picked":["Darkness","Compile Driver","ReplayTheSpireMod:Calculation Training"],"picked":"SKIP","floor":6},{"not_picked":["Ball Lightning","Barrage"],"picked":"Turbo","floor":7}],"player_experience":39873,"relics_obtained":[{"floor":6,"key":"Shovel"},{"floor":8,"key":"Onion Ring"},{"floor":9,"key":"MawBank"}],"event_choices":[{"damage_healed":0,"gold_gain":0,"player_choice":"Box","damage_taken":0,"relics_obtained":["Bird Faced Urn"],"max_hp_gain":0,"max_hp_loss":0,"event_name":"Big Fish","floor":3,"gold_loss":0,"cards_obtained":["Regret"]},{"damage_healed":0,"gold_gain":0,"player_choice":"Slimed","damage_taken":11,"max_hp_gain":0,"max_hp_loss":0,"event_name":"betterThird:BetterGoop","floor":4,"gold_loss":42}],"is_beta":false,"boss_relics":[],"items_purged_floors":[],"is_endless":false,"potions_floor_spawned":[2,6,7],"killed_by":"Lagavulin","ascension_level":0}}