{"host":"xobdcpbm4ckypiai","time":1613464557,"event":{"mods":["BaseMod","Downfall","Minty Spire (QoL Compilation)","StSLib"],"gold_per_floor":[99,110,130,130,580,615,615,515,534,569,23,50,50,70,83,185,185,185,199,199,209,209,227,276,176,216,228,293,410,452,452,463,573,573,473,499,499,527,586,633,633,661,661,661,692,712,506,540,569,569,569,605,261,261,261,261],"floor_reached":57,"language":"ZHS","playtime":5402,"items_purged":["downfall:Icky","downfall:Icky","downfall:Icky"],"score":1496,"play_id":"67877756-6532-4d46-bae1-686d3bbd5e55","local_time":"20210216163557","is_ascension_mode":true,"campfire_choices":[{"data":"hexamod:Sear","floor":1.0,"key":"SMITH"},{"floor":8.0,"key":"REST"},{"floor":13.0,"key":"REST"},{"floor":18.0,"key":"RECALL"},{"floor":25.0,"key":"REST"},{"data":"hexamod:VolcanoVisage","floor":35.0,"key":"SMITH"},{"floor":43.0,"key":"DIG"},{"floor":54,"key":"REST"}],"circlet_count":0,"master_deck":["hexamod:Defend+1","hexamod:Defend","hexamod:Defend","hexamod:Defend","hexamod:Sear+1","hexamod:Float","hexamod:RetreatToShadows","hexamod:BurningTouch","hexamod:VolcanoVisage+1","hexamod:ExtraCrispy+1","hexamod:PhantomFireball","Apotheosis+1","hexamod:GhostShield","hexamod:TimeOfNeed","Bite","Bite","Bite","Bite","Bite","hexamod:GhostflameInferno","hexamod:Hexaguard","hexamod:NightmareGuise","hexamod:Incineration","hexamod:TimeOfNeed","hexamod:ShieldOfDarkness","hexamod:HeatShield","hexamod:NightmareGuise","hexamod:ParanormalForm","hexamod:ParanormalForm","hexamod:PowerFromBeyond+1","hexamod:SoulSteal","hexamod:GiftsFromTheDead","hexamod:GhostOfSpirePresent","hexamod:EtherealExpedition","hexamod:ExtraCrispy","hexamod:RetreatToShadows+1"],"relics":["Black Star","downfall:ShatteredFragment","Happy Flower","Whetstone","downfall:HeartBlessingBlue","Centennial Puzzle","Potion Belt","Torii","InkBottle","Mango","Philosopher\u0027s Stone","PreservedInsect","downfall:HeartBlessingRed","Blue Candle","Anchor","CeramicFish","Bottled Tornado","hexamod:TheBrokenSeal","Ice Cream","Kunai","Letter Opener","Bag of Preparation","hexamod:IceCube","downfall:HeartBlessingGreen","Shovel","hexamod:SoulConsumer","StoneCalendar","MealTicket","Toy Ornithopter","Vajra","Gremlin Horn","Smiling Mask","Dream Catcher","Oddly Smooth Stone","Juzu Bracelet","Bottled Flame","CaptainsWheel","Nunchaku","Membership Card","hexamod:MatchstickCase","Bag of Marbles"],"acts_visited":["Exordium","TheCity","TheBeyond","TheEnding"],"potions_floor_usage":[56,56,56,56,56,56],"damage_taken":[{"damage":0.0,"enemies":"Small Slimes","floor":2.0,"turns":4.0},{"damage":6.0,"enemies":"Jaw Worm","floor":3.0,"turns":4.0},{"damage":20.0,"enemies":"Lagavulin","floor":6.0,"turns":7.0},{"damage":1.0,"enemies":"Cultist","floor":9.0,"turns":3.0},{"damage":35.0,"enemies":"3 Sentries","floor":10.0,"turns":6.0},{"damage":5.0,"enemies":"downfall:FleeingMerchant","floor":11.0,"turns":4.0},{"damage":1.0,"enemies":"Gremlin Nob","floor":12.0,"turns":3.0},{"damage":13.0,"enemies":"Blue Slaver","floor":14.0,"turns":3.0},{"damage":1.0,"enemies":"3 Louse","floor":15.0,"turns":4.0},{"damage":10.0,"enemies":"IC_STATUS_ARCHETYPE","floor":16.0,"turns":6.0},{"damage":22.0,"enemies":"3 Byrds","floor":19.0,"turns":6.0},{"damage":24.0,"enemies":"Shell Parasite","floor":21.0,"turns":6.0},{"damage":30.0,"enemies":"Cultist and Chosen","floor":23.0,"turns":7.0},{"damage":12.0,"enemies":"Slavers","floor":26.0,"turns":3.0},{"damage":10.0,"enemies":"Snake Plant","floor":27.0,"turns":4.0},{"damage":8.0,"enemies":"Gremlin Leader","floor":28.0,"turns":5.0},{"damage":59.0,"enemies":"Colosseum Nobs","floor":29.0,"turns":7.0},{"damage":21.0,"enemies":"Book of Stabbing","floor":30.0,"turns":3.0},{"damage":0.0,"enemies":"Centurion and Healer","floor":32.0,"turns":4.0},{"damage":11.0,"enemies":"SI_MIRROR_ARCHETYPE","floor":33.0,"turns":10.0},{"damage":1.0,"enemies":"Orb Walker","floor":36.0,"turns":3.0},{"damage":1.0,"enemies":"3 Darklings","floor":38.0,"turns":5.0},{"damage":8.0,"enemies":"3 Darklings","floor":39.0,"turns":5.0},{"damage":3.0,"enemies":"2 Orb Walkers","floor":40.0,"turns":4.0},{"damage":1.0,"enemies":"Giant Head","floor":42.0,"turns":6.0},{"damage":1.0,"enemies":"Reptomancer","floor":45.0,"turns":4.0},{"damage":7.0,"enemies":"Jaw Worm Horde","floor":46.0,"turns":4.0},{"damage":0.0,"enemies":"downfall:FleeingMerchant","floor":47.0,"turns":4.0},{"damage":1.0,"enemies":"Giant Head","floor":48.0,"turns":6.0},{"damage":0.0,"enemies":"Transient","floor":49.0,"turns":5.0},{"damage":40.0,"enemies":"DF_ARCHETYPE_ORBS","floor":50.0,"turns":8.0},{"damage":45.0,"enemies":"downfall:CharBossMerchant","floor":52.0,"turns":7.0},{"damage":19,"enemies":"downfall:NeowBoss","floor":55,"turns":13},{"damage":37,"enemies":"downfall:NeowBossFinal","floor":56,"turns":8}],"seed_played":"-1050425770398932032","potions_obtained":[{"floor":2.0,"key":"CultistPotion"},{"floor":3.0,"key":"Block Potion"},{"floor":14.0,"key":"Slimebound:ThreeZeroPotion"},{"floor":16.0,"key":"Fire Potion"},{"floor":16.0,"key":"CultistPotion"},{"floor":19.0,"key":"SneckoOil"},{"floor":21.0,"key":"Fire Potion"},{"floor":23.0,"key":"Block Potion"},{"floor":23.0,"key":"BlessingOfTheForge"},{"floor":27.0,"key":"PowerPotion"},{"floor":27.0,"key":"LiquidMemories"},{"floor":28.0,"key":"PowerPotion"},{"floor":29.0,"key":"EssenceOfSteel"},{"floor":30.0,"key":"Fire Potion"},{"floor":40.0,"key":"EntropicBrew"},{"floor":49.0,"key":"GamblersBrew"},{"floor":52.0,"key":"Block Potion"}],"is_trial":false,"path_per_floor":["R","M","M","?","?","E","T","R","M","E","$","E","R","M","M","B",null,"R","M","?","M","?","M","T","R","E","M","E","?","E","?","M","B",null,"R","M","?","M","?","?","T","E","R","T","E","M","$","E","M","B",null,"E","$","R","B","B",null],"character_chosen":"THE_SPIRIT","items_purchased":["Torii","Apotheosis","Oddly Smooth Stone","Membership Card","hexamod:MatchstickCase","Bag of Marbles"],"campfire_rested":4,"item_purchase_floors":[11,11,47,53,53,53],"current_hp_per_floor":[70,70,64,43,43,23,23,57,56,21,16,29,57,44,43,33,94,94,72,65,53,53,44,44,63,51,47,49,59,46,46,55,73,75,75,75,75,75,75,75,75,75,75,75,75,74,75,75,75,51,75,42,57,75,65,75],"gold":261,"neow_bonus":"BOSS_RELIC","is_daily":false,"chose_seed":false,"campfire_upgraded":2,"win_rate":0.0,"timestamp":1613464557,"path_taken":["R","M","M","?","?","E","T","R","M","E","?","E","R","?","M","BOSS","R","M","?","M","?","M","T","R","E","M","E","?","E","?","M","BOSS","R","M","?","M","?","?","T","E","R","?","E","?","$","E","M","BOSS","E","$","R","BOSS","BOSS"],"items_purchased_type":["Relic","Card","Relic","Relic","Relic","Relic"],"build_version":"2020-12-22","purchased_purges":3,"victory":true,"max_hp_per_floor":[70,70,70,70,70,70,70,80,80,80,80,94,94,94,94,94,94,94,94,65,65,65,65,65,65,65,65,65,75,75,75,75,75,75,75,75,75,75,75,75,75,75,75,75,75,75,75,75,75,75,75,75,75,75,75,75],"card_choices":[{"not_picked":["hexamod:GhostOfSpireFuture","hexamod:AdvancingGuard"],"picked":"hexamod:RetreatToShadows","floor":2.0},{"not_picked":["hexamod:ShieldOfDarkness","hexamod:FastForward"],"picked":"hexamod:BurningTouch","floor":3.0},{"not_picked":["hexamod:PhantomCloak","hexamod:RadiantFlame"],"picked":"hexamod:VolcanoVisage","floor":6.0},{"not_picked":["hexamod:HeatMetal","hexamod:SpectersWail"],"picked":"hexamod:ExtraCrispy","floor":9.0},{"not_picked":["hexamod:Firestarter","hexamod:RadiantFlame"],"picked":"hexamod:PhantomFireball","floor":10.0},{"not_picked":["hexamod:SpectersWail","hexamod:ChargedBarrage"],"picked":"hexamod:FifthSeal","floor":11.0},{"not_picked":["hexamod:SecondSeal","hexamod:SixthSeal"],"picked":"hexamod:FourthSeal","floor":12.0},{"not_picked":["hexamod:GhostOfSpirePast","hexamod:TurnItUp","hexamod:PhantomFireball"],"picked":"SKIP","floor":12.0},{"not_picked":["hexamod:NightmareStrike","hexamod:ThermalTransfer","hexamod:GhostShield"],"picked":"SKIP","floor":14.0},{"not_picked":["hexamod:ThirdSeal","hexamod:SecondSeal"],"picked":"hexamod:SixthSeal","floor":15.0},{"not_picked":["hexamod:UnlimitedPower","hexamod:StepThrough"],"picked":"hexamod:GhostShield","floor":15.0},{"not_picked":["hexamod:SixthSeal","hexamod:SearingWound"],"picked":"hexamod:TimeOfNeed","floor":16.0},{"not_picked":["hexamod:SecondSeal","hexamod:FourthSeal"],"picked":"hexamod:ThirdSeal","floor":19.0},{"not_picked":["hexamod:RainOfEmbers","hexamod:GhostOfSpireFuture","hexamod:FastForward+1"],"picked":"SKIP","floor":19.0},{"not_picked":["hexamod:ThirdSeal","hexamod:SixthSeal"],"picked":"hexamod:SecondSeal","floor":21.0},{"not_picked":["hexamod:GhostflameBarrier","hexamod:HeatMetal"],"picked":"hexamod:GhostflameInferno","floor":21.0},{"not_picked":["hexamod:Rewind+1","hexamod:NecessarySacrifice+1","hexamod:ThermalTransfer"],"picked":"SKIP","floor":21.0},{"not_picked":["hexamod:RainOfEmbers","hexamod:HeatMetal"],"picked":"hexamod:NightmareGuise","floor":23.0},{"not_picked":["hexamod:FastForward","hexamod:SkipABeat"],"picked":"hexamod:Incineration","floor":23.0},{"not_picked":["hexamod:PowerFromBeyond","hexamod:GhostOfSpirePast","hexamod:AdvancingGuard"],"picked":"SKIP","floor":26.0},{"not_picked":["hexamod:HauntingEcho","hexamod:NecessarySacrifice"],"picked":"hexamod:TimeOfNeed","floor":27.0},{"not_picked":["hexamod:AdvancingGuard","hexamod:NecessarySacrifice+1","hexamod:HauntingEcho"],"picked":"SKIP","floor":27.0},{"not_picked":["hexamod:FourthSeal","hexamod:ThirdSeal"],"picked":"hexamod:FirstSeal","floor":28.0},{"not_picked":["hexamod:PhantomFireball","hexamod:HauntingEcho"],"picked":"hexamod:ShieldOfDarkness","floor":28.0},{"not_picked":["hexamod:StepThrough+1","hexamod:SpectersWail"],"picked":"hexamod:HeatShield","floor":28.0},{"not_picked":["hexamod:SpectersWail","hexamod:SwordOfDarkness"],"picked":"hexamod:NightmareGuise","floor":29.0},{"not_picked":["hexamod:Rewind","hexamod:GhostOfSpirePast+1"],"picked":"hexamod:ParanormalForm","floor":30.0},{"not_picked":["hexamod:SpectersWail","hexamod:GhostLash","hexamod:NightmareGuise"],"picked":"SKIP","floor":32.0},{"not_picked":["hexamod:UnleashSpirits","hexamod:SixthSeal"],"picked":"hexamod:ParanormalForm","floor":33.0},{"not_picked":["hexamod:GhostOfSpireFuture","hexamod:InspiringFlames"],"picked":"hexamod:PowerFromBeyond+1","floor":36.0},{"not_picked":["hexamod:Firestarter","hexamod:SpectersWail"],"picked":"hexamod:SoulSteal","floor":38.0},{"not_picked":["hexamod:SpectersWail+1","hexamod:HeatMetal+1"],"picked":"hexamod:GiftsFromTheDead","floor":39.0},{"not_picked":["hexamod:NightmareStrike","hexamod:FlamesFromBeyond+1","hexamod:FastForward"],"picked":"SKIP","floor":42.0},{"not_picked":["hexamod:FourthSeal","hexamod:FastForward","hexamod:GhostLash"],"picked":"SKIP","floor":45.0},{"not_picked":["hexamod:GhostLash","hexamod:ShieldOfDarkness+1"],"picked":"hexamod:GhostOfSpirePresent","floor":46.0},{"not_picked":["hexamod:Haunt+1","hexamod:RadiantFlame+1"],"picked":"hexamod:EtherealExpedition","floor":47.0},{"not_picked":["hexamod:InspiringFlames+1","hexamod:BacktrackSmack","hexamod:GhostOfSpirePast"],"picked":"SKIP","floor":48.0},{"not_picked":["hexamod:ThirdSeal","hexamod:AdvancingGuard"],"picked":"hexamod:ExtraCrispy","floor":49.0},{"not_picked":["hexamod:SpectralAdrenaline+1","hexamod:CatchUp+1"],"picked":"hexamod:RetreatToShadows+1","floor":52.0}],"player_experience":147641,"relics_obtained":[{"floor":6.0,"key":"Happy Flower"},{"floor":6.0,"key":"Whetstone"},{"floor":10.0,"key":"Centennial Puzzle"},{"floor":10.0,"key":"Potion Belt"},{"floor":12.0,"key":"InkBottle"},{"floor":12.0,"key":"Mango"},{"floor":24.0,"key":"PreservedInsect"},{"floor":26.0,"key":"Blue Candle"},{"floor":26.0,"key":"Anchor"},{"floor":28.0,"key":"CeramicFish"},{"floor":28.0,"key":"Bottled Tornado"},{"floor":29.0,"key":"Ice Cream"},{"floor":29.0,"key":"Kunai"},{"floor":30.0,"key":"Letter Opener"},{"floor":30.0,"key":"Bag of Preparation"},{"floor":39.0,"key":"Shovel"},{"floor":40.0,"key":"hexamod:SoulConsumer"},{"floor":41.0,"key":"StoneCalendar"},{"floor":42.0,"key":"MealTicket"},{"floor":42.0,"key":"Toy Ornithopter"},{"floor":43.0,"key":"Vajra"},{"floor":44.0,"key":"Gremlin Horn"},{"floor":45.0,"key":"Smiling Mask"},{"floor":45.0,"key":"Dream Catcher"},{"floor":48.0,"key":"Juzu Bracelet"},{"floor":48.0,"key":"Bottled Flame"},{"floor":52.0,"key":"CaptainsWheel"},{"floor":52.0,"key":"Nunchaku"}],"event_choices":[{"damage_healed":0.0,"max_hp_gain":0.0,"max_hp_loss":29.0,"gold_gain":0.0,"event_name":"Vampires","player_choice":"Became a vampire","floor":20.0,"gold_loss":0.0,"damage_taken":0.0,"cards_obtained":["Bite","Bite","Bite","Bite","Bite"]},{"damage_healed":0.0,"max_hp_gain":0.0,"max_hp_loss":0.0,"gold_gain":0.0,"event_name":"The Library","player_choice":"Read","floor":22.0,"gold_loss":0.0,"damage_taken":0.0,"cards_obtained":["hexamod:Hexaguard"]},{"damage_healed":0.0,"max_hp_gain":0.0,"max_hp_loss":0.0,"gold_gain":0.0,"event_name":"Accursed Blacksmith","player_choice":"Forge","floor":31.0,"gold_loss":0.0,"damage_taken":0.0,"cards_upgraded":["Apotheosis"]},{"damage_healed":0.0,"max_hp_gain":0.0,"max_hp_loss":0.0,"gold_gain":0.0,"event_name":"Mysterious Sphere","player_choice":"Fight","floor":40.0,"gold_loss":0.0,"damage_taken":0.0}],"is_beta":false,"boss_relics":[{"not_picked":["Calling Bell","bronze:MakeshiftBattery"],"picked":"Philosopher\u0027s Stone"},{"not_picked":["Tiny House","Busted Crown"],"picked":"hexamod:IceCube"}],"items_purged_floors":[11,47,53],"is_endless":false,"potions_floor_spawned":[2,3,16,23,27,29,30,32,36,40,42,45,48,49,52],"ascension_level":1}}