{"host":"d2gh6suihlstufn7","time":1613469418,"event":{"mods":["AchievementEnabler","BaseMod","Colored Map","Colored Powertips","Minty Spire (QoL Compilation)","Permanent Neow","Quick Restart"],"gold_per_floor":[112,126,88,105,68,68,15,15,15,35,35,35,93,117,117,242,242,267,213,213,213,233,233,233,233,233,233,233,332,7,27,27,148,148,166,181,200,200,200,200],"floor_reached":39,"language":"KOR","playtime":1046,"items_purged":["Writhe"],"score":417,"play_id":"495f6ff0-bb7c-43b8-9dea-85d9e1c8d596","local_time":"20210216185658","is_ascension_mode":false,"campfire_choices":[{"floor":6,"key":"RECALL"},{"data":"Evolve","floor":8,"key":"SMITH"},{"data":"Spot Weakness","floor":11,"key":"SMITH"},{"data":"Fire Breathing","floor":15,"key":"SMITH"},{"data":"Perfected Strike","floor":23,"key":"SMITH"},{"data":"Perfected Strike","floor":25,"key":"SMITH"},{"data":"Perfected Strike","floor":27,"key":"SMITH"},{"data":"Battle Trance","floor":32,"key":"SMITH"}],"circlet_count":0,"master_deck":["Strike_R","Strike_R","Strike_R","Strike_R","Strike_R","Defend_R","Bash","CurseOfTheBell","Spot Weakness+1","Feel No Pain","Wild Strike","Evolve+1","Perfected Strike+1","Wild Strike","Injury","Fire Breathing+1","Perfected Strike+1","Wild Strike","Pommel Strike","Perfected Strike+1","Perfected Strike","Pommel Strike","Pommel Strike","Battle Trance+1","Perfected Strike+1","Perfected Strike","Immolate","Pommel Strike","Impervious"],"relics":["Calling Bell","MealTicket","Pear","Prayer Wheel","Golden Idol","Empty Cage","The Courier","Boot","Happy Flower","Turnip","Black Star"],"acts_visited":["Exordium","TheCity","TheBeyond"],"potions_floor_usage":[16,16,33,33],"damage_taken":[{"damage":4,"enemies":"Cultist","floor":1,"turns":4},{"damage":11,"enemies":"Jaw Worm","floor":2,"turns":5},{"damage":15,"enemies":"Small Slimes","floor":4,"turns":4},{"damage":2,"enemies":"Exordium Wildlife","floor":10,"turns":4},{"damage":19,"enemies":"Large Slime","floor":14,"turns":6},{"damage":27,"enemies":"Slime Boss","floor":16,"turns":5},{"damage":22,"enemies":"Spheric Guardian","floor":18,"turns":4},{"damage":23,"enemies":"3 Byrds","floor":22,"turns":5},{"damage":24,"enemies":"Centurion and Healer","floor":31,"turns":3},{"damage":45,"enemies":"Collector","floor":33,"turns":7},{"damage":39,"enemies":"3 Darklings","floor":35,"turns":4},{"damage":10,"enemies":"Orb Walker","floor":36,"turns":2},{"damage":36,"enemies":"Writhing Mass","floor":37,"turns":3},{"damage":3,"enemies":"4 Shapes","floor":39,"turns":1}],"seed_played":"-1886866322448249707","potions_obtained":[{"floor":2,"key":"Block Potion"},{"floor":4,"key":"DuplicationPotion"},{"floor":16,"key":"BloodPotion"},{"floor":31,"key":"Explosive Potion"},{"floor":33,"key":"SpeedPotion"},{"floor":36,"key":"Ancient Potion"},{"floor":37,"key":"Fire Potion"}],"is_trial":false,"path_per_floor":["M","M","$","M","$","R","$","R","T","M","R","?","?","M","R","B",null,"M","$","?","?","M","R","T","R","T","R","?","?","$","M","R","B",null,"M","M","M","?","M"],"character_chosen":"IRONCLAD","items_purchased":["Feel No Pain","Evolve","Perfected Strike","Pommel Strike","Turnip","Pommel Strike"],"campfire_rested":0,"item_purchase_floors":[3,5,7,19,30,30],"current_hp_per_floor":[86,75,90,75,90,90,90,90,90,88,88,88,88,69,69,42,90,68,83,83,83,60,60,60,60,60,60,90,90,90,66,66,39,90,51,41,5,5,2,2],"gold":200,"neow_bonus":"BOSS_RELIC","is_daily":false,"chose_seed":false,"campfire_upgraded":7,"win_rate":0.0,"timestamp":1613469418,"path_taken":["M","M","$","M","?","R","$","R","T","M","R","?","?","M","R","BOSS","M","$","?","?","?","R","?","R","T","R","?","?","?","M","R","BOSS","M","M","M","?","?"],"items_purchased_type":["Card","Card","Card","Card","Relic","Card"],"build_version":"2020-12-22","purchased_purges":1,"victory":false,"max_hp_per_floor":[90,90,90,90,90,90,90,90,90,90,90,90,90,90,90,90,90,90,90,90,90,90,90,90,90,90,90,90,90,90,90,90,90,90,90,90,90,90,90,90],"card_choices":[{"not_picked":["Headbutt","Entrench"],"picked":"Spot Weakness","floor":1},{"not_picked":["Clothesline","Wild Strike","Sword Boomerang"],"picked":"SKIP","floor":1},{"not_picked":["Rampage","Bloodletting","Combust"],"picked":"SKIP","floor":2},{"not_picked":["Clash","Pummel","Anger"],"picked":"SKIP","floor":2},{"not_picked":["Bloodletting","Sword Boomerang"],"picked":"Wild Strike","floor":4},{"not_picked":["Iron Wave","Body Slam","Reckless Charge"],"picked":"SKIP","floor":4},{"not_picked":["Dual Wield","Rupture"],"picked":"Wild Strike","floor":10},{"not_picked":["Armaments","Disarm","Havoc"],"picked":"SKIP","floor":10},{"not_picked":["Pommel Strike","Clash"],"picked":"Fire Breathing","floor":14},{"not_picked":["Cleave","Rampage"],"picked":"Perfected Strike","floor":14},{"not_picked":["Twin Strike","Perfected Strike"],"picked":"Wild Strike","floor":18},{"not_picked":["Cleave","Headbutt","Iron Wave"],"picked":"SKIP","floor":18},{"not_picked":["Body Slam","Searing Blow"],"picked":"Perfected Strike","floor":22},{"not_picked":["Anger","Warcry"],"picked":"Pommel Strike","floor":22},{"not_picked":["Body Slam+1","Thunderclap+1"],"picked":"Battle Trance","floor":31},{"not_picked":["Heavy Blade","Sentinel+1","Cleave"],"picked":"SKIP","floor":31},{"not_picked":["Pommel Strike","Havoc"],"picked":"Perfected Strike+1","floor":35},{"not_picked":["Cleave+1","Clash","Body Slam+1"],"picked":"SKIP","floor":35},{"not_picked":["Dropkick","Armaments+1"],"picked":"Perfected Strike","floor":36},{"not_picked":["Clash","Intimidate+1","Blood for Blood"],"picked":"SKIP","floor":36},{"not_picked":["Flex+1","Burning Pact"],"picked":"Immolate","floor":37},{"not_picked":["Sever Soul","Disarm+1"],"picked":"Pommel Strike","floor":37}],"player_experience":214133,"relics_obtained":[{"floor":0,"key":"MealTicket"},{"floor":0,"key":"Pear"},{"floor":0,"key":"Prayer Wheel"},{"floor":24,"key":"Boot"},{"floor":26,"key":"Happy Flower"}],"event_choices":[{"damage_healed":0,"gold_gain":0,"player_choice":"Take Wound","damage_taken":0,"relics_obtained":["Golden Idol"],"max_hp_gain":0,"max_hp_loss":0,"event_name":"Golden Idol","floor":12,"gold_loss":0,"cards_obtained":["Injury"]},{"damage_healed":0,"gold_gain":58,"player_choice":"Gained Gold","damage_taken":0,"max_hp_gain":0,"max_hp_loss":0,"event_name":"Golden Wing","floor":13,"gold_loss":0},{"damage_healed":0,"gold_gain":0,"player_choice":"Opened","damage_taken":0,"relics_obtained":["The Courier"],"max_hp_gain":0,"max_hp_loss":0,"event_name":"The Mausoleum","floor":20,"gold_loss":0,"cards_obtained":["Writhe"]},{"damage_healed":0,"gold_gain":0,"player_choice":"Copied","damage_taken":0,"max_hp_gain":0,"max_hp_loss":0,"event_name":"Duplicator","floor":21,"gold_loss":0,"cards_obtained":["Perfected Strike"]},{"damage_healed":30,"gold_gain":0,"player_choice":"Heal","damage_taken":0,"max_hp_gain":0,"max_hp_loss":0,"event_name":"The Library","floor":28,"gold_loss":0},{"damage_healed":0,"gold_gain":99,"player_choice":"Stole From Cult","damage_taken":0,"max_hp_gain":0,"max_hp_loss":0,"event_name":"Nest","floor":29,"gold_loss":0},{"damage_healed":0,"gold_gain":0,"cards_transformed":["Defend_R"],"player_choice":"Transformed","damage_taken":0,"max_hp_gain":0,"max_hp_loss":0,"event_name":"Transmorgrifier","floor":38,"gold_loss":0,"cards_obtained":["Impervious"]}],"is_beta":false,"boss_relics":[{"not_picked":["SlaversCollar","SacredBark"],"picked":"Empty Cage"},{"not_picked":["Runic Dome","Tiny House"],"picked":"Black Star"}],"items_purged_floors":[30],"is_endless":false,"potions_floor_spawned":[2,4,16,31,33,36,37],"killed_by":"4 Shapes","ascension_level":0}}