{"host":"3vmw6m3qsasieibr","time":1613476602,"event":{"mods":["AchievementEnabler","BaseMod","Colored Map","Colored Powertips","Highlight Path","Minty Spire (QoL Compilation)","SuperFastMode"],"gold_per_floor":[109,109,128,146,146,180,180,223,295,65,65,85,34,65,65,194,194,219,219,231,243,268,324,336,348,383,439,451,463,475,487,487],"floor_reached":31,"language":"ENG","playtime":2597,"items_purged":["Regret"],"score":398,"play_id":"dd12727d-6772-45ce-828f-c2f605e435aa","local_time":"20210216215642","is_ascension_mode":true,"campfire_choices":[{"floor":7.0,"key":"REST"},{"data":"Demon Form","floor":11.0,"key":"SMITH"},{"floor":15.0,"key":"REST"},{"floor":24.0,"key":"REST"},{"floor":28,"key":"REST"},{"data":"Corruption","floor":30,"key":"SMITH"}],"circlet_count":0,"master_deck":["Bash","Feel No Pain","Demon Form+1","Armaments","Flame Barrier","Disarm","Shrug It Off","Sword Boomerang","Twin Strike","Bludgeon","Corruption+1","Pummel","Flame Barrier","Ghostly Armor","Fiend Fire","True Grit","Dark Embrace","Clash","Havoc","Ghostly","Ghostly","Ghostly","Ghostly","Ghostly","Feel No Pain+1","Havoc"],"relics":["Burning Blood","Lizard Tail","Golden Idol","Juzu Bracelet","Self Forming Clay","Kunai","Bag of Marbles","Orichalcum","Pandora\u0027s Box","MawBank","Enchiridion","Boot","Pen Nib","Bronze Scales","Ancient Tea Set"],"acts_visited":["Exordium","TheCity"],"potions_floor_usage":[],"damage_taken":[{"damage":7.0,"enemies":"Small Slimes","floor":1.0,"turns":4.0},{"damage":11.0,"enemies":"2 Louse","floor":3.0,"turns":2.0},{"damage":13.0,"enemies":"Jaw Worm","floor":4.0,"turns":4.0},{"damage":40.0,"enemies":"Lagavulin","floor":6.0,"turns":8.0},{"damage":54.0,"enemies":"Gremlin Nob","floor":8.0,"turns":7.0},{"damage":10.0,"enemies":"Exordium Thugs","floor":12.0,"turns":5.0},{"damage":24.0,"enemies":"3 Sentries","floor":14.0,"turns":9.0},{"damage":4.0,"enemies":"Hexaghost","floor":16.0,"turns":10.0},{"damage":16.0,"enemies":"Chosen","floor":18.0,"turns":7.0},{"damage":4.0,"enemies":"Spheric Guardian","floor":22.0,"turns":6.0},{"damage":29.0,"enemies":"Slavers","floor":23.0,"turns":10.0},{"damage":13,"enemies":"Book of Stabbing","floor":27,"turns":7},{"damage":26,"enemies":"Slavers","floor":31,"turns":6}],"seed_played":"5527659437533287945","potions_obtained":[{"floor":4.0,"key":"Block Potion"},{"floor":8.0,"key":"FearPotion"},{"floor":14.0,"key":"FearPotion"},{"floor":18.0,"key":"Weak Potion"}],"is_trial":false,"path_per_floor":["M","?","M","M","?","E","R","E","T","$","R","M","$","E","R","B",null,"M","?","?","?","M","E","R","?","T","E","R","T","R","E"],"character_chosen":"IRONCLAD","items_purchased":["Bag of Marbles","Twin Strike"],"campfire_rested":4,"item_purchase_floors":[10,13],"current_hp_per_floor":[71,71,66,59,41,7,28,42,42,42,42,38,38,20,41,43,65,55,55,39,36,36,13,23,23,23,16,26,26,26,0,0],"gold":487,"neow_bonus":"TRANSFORM_TWO_CARDS","is_daily":false,"chose_seed":false,"campfire_upgraded":2,"win_rate":0.0,"timestamp":1613476602,"path_taken":["M","?","M","M","?","E","R","E","T","?","R","M","$","E","R","BOSS","M","?","?","?","M","E","R","?","T","E","R","?","R","E"],"items_purchased_type":["Relic","Card"],"build_version":"2020-12-22","purchased_purges":1,"victory":false,"max_hp_per_floor":[72,72,72,72,72,72,72,72,72,72,72,72,72,72,72,72,72,72,72,72,36,36,36,36,36,36,36,36,36,36,36,36],"card_choices":[{"not_picked":["Clash","True Grit"],"picked":"Armaments","floor":1.0},{"not_picked":["Rampage","Uppercut"],"picked":"Flame Barrier","floor":3.0},{"not_picked":["Thunderclap","Seeing Red"],"picked":"Disarm","floor":4.0},{"not_picked":["Perfected Strike","Impervious"],"picked":"Shrug It Off","floor":6.0},{"not_picked":["True Grit","Evolve","Body Slam"],"picked":"SKIP","floor":8.0},{"not_picked":["Rampage","Body Slam"],"picked":"Sword Boomerang","floor":12.0},{"not_picked":["Heavy Blade","Sever Soul"],"picked":"Bludgeon","floor":14.0},{"not_picked":["Exhume","Barricade"],"picked":"Corruption","floor":16.0},{"not_picked":["Perfected Strike","Warcry"],"picked":"Havoc","floor":18.0},{"not_picked":["Thunderclap","Barricade"],"picked":"Feel No Pain+1","floor":22.0},{"not_picked":["Whirlwind","Anger","Warcry"],"picked":"SKIP","floor":23.0},{"not_picked":["Hemokinesis","Infernal Blade"],"picked":"Havoc","floor":27}],"player_experience":443871,"relics_obtained":[{"floor":6.0,"key":"Juzu Bracelet"},{"floor":8.0,"key":"Self Forming Clay"},{"floor":9.0,"key":"Kunai"},{"floor":14.0,"key":"Orichalcum"},{"floor":20.0,"key":"Enchiridion"},{"floor":23.0,"key":"Boot"},{"floor":26,"key":"Pen Nib"},{"floor":27,"key":"Bronze Scales"},{"floor":29,"key":"Ancient Tea Set"}],"event_choices":[{"damage_healed":0.0,"max_hp_gain":0.0,"max_hp_loss":0.0,"gold_gain":0.0,"event_name":"Big Fish","player_choice":"Box","floor":2.0,"gold_loss":0.0,"damage_taken":0.0,"relics_obtained":["Lizard Tail"],"cards_obtained":["Regret"]},{"damage_healed":0.0,"max_hp_gain":0.0,"max_hp_loss":0.0,"gold_gain":0.0,"event_name":"Golden Idol","player_choice":"Take Damage","floor":5.0,"gold_loss":0.0,"damage_taken":18.0,"relics_obtained":["Golden Idol"]},{"damage_healed":0.0,"max_hp_gain":0.0,"max_hp_loss":0.0,"gold_gain":0.0,"event_name":"The Mausoleum","player_choice":"Opened","floor":19.0,"gold_loss":0.0,"damage_taken":0.0,"relics_obtained":["MawBank"]},{"damage_healed":0.0,"max_hp_gain":0.0,"max_hp_loss":0.0,"gold_gain":0.0,"event_name":"Cursed Tome","player_choice":"Obtained Book","floor":20.0,"gold_loss":0.0,"damage_taken":16.0},{"damage_healed":0.0,"max_hp_gain":0.0,"max_hp_loss":36.0,"gold_gain":0.0,"event_name":"Ghosts","player_choice":"Became a Ghost","floor":21.0,"gold_loss":0.0,"damage_taken":0.0,"cards_obtained":["Ghostly","Ghostly","Ghostly","Ghostly","Ghostly"]},{"damage_healed":0,"gold_gain":0,"player_choice":"Ignored","damage_taken":0,"max_hp_gain":0,"max_hp_loss":0,"event_name":"Vampires","floor":25,"gold_loss":0}],"is_beta":false,"boss_relics":[{"not_picked":["Astrolabe","Black Blood"],"picked":"Pandora\u0027s Box"}],"items_purged_floors":[10],"is_endless":false,"potions_floor_spawned":[4,8,14,18],"killed_by":"Slavers","ascension_level":6}}