{"host":"2lo6hma6kymb0g9i","time":1613463821,"event":{"mods":["BaseMod","Colored Map","DeckTracker","Minty Spire (QoL Compilation)"],"gold_per_floor":[115,115,115,136,61,61,97,121,121,156,156,191,191,209,209,300,300,315,61,61,61,74,108,108,108,108],"floor_reached":25,"language":"JPN","playtime":981,"items_purged":["Strike_R"],"score":574,"play_id":"9c01b381-b61e-4a6c-a657-98ce6fb543a0","local_time":"20210216172341","is_ascension_mode":true,"campfire_choices":[{"data":"Fire Breathing","floor":6.0,"key":"SMITH"},{"floor":11.0,"key":"REST"},{"floor":15.0,"key":"REST"},{"data":"Whirlwind","floor":24.0,"key":"SMITH"}],"circlet_count":0,"master_deck":["AscendersBane","Strike_R","Strike_R+1","Strike_R","Defend_R+1","Defend_R","Defend_R","Defend_R","Bash","Fire Breathing+1","Flame Barrier","Sword Boomerang","Shrug It Off","Spot Weakness","Whirlwind+1","Fiend Fire","Pommel Strike","Dropkick","Thunderclap"],"relics":["Burning Blood","NeowsBlessing","Golden Idol","Du-Vu Doll","Kunai","White Beast Statue","Regal Pillow","Bag of Marbles","MutagenicStrength","Bottled Flame"],"acts_visited":["Exordium","TheCity"],"potions_floor_usage":[25],"damage_taken":[{"damage":0.0,"enemies":"2 Louse","floor":1.0,"turns":1.0},{"damage":0.0,"enemies":"Small Slimes","floor":4.0,"turns":1.0},{"damage":0.0,"enemies":"3 Sentries","floor":7.0,"turns":2.0},{"damage":0.0,"enemies":"Jaw Worm","floor":8.0,"turns":4.0},{"damage":38.0,"enemies":"Lagavulin","floor":10.0,"turns":9.0},{"damage":28.0,"enemies":"Gremlin Nob","floor":12.0,"turns":4.0},{"damage":0.0,"enemies":"Large Slime","floor":14.0,"turns":6.0},{"damage":46.0,"enemies":"Slime Boss","floor":16.0,"turns":8.0},{"damage":14.0,"enemies":"3 Byrds","floor":18.0,"turns":2.0},{"damage":11.0,"enemies":"Spheric Guardian","floor":22.0,"turns":3.0},{"damage":0.0,"enemies":"Gremlin Leader","floor":23.0,"turns":1.0},{"damage":53,"enemies":"Book of Stabbing","floor":25,"turns":4}],"seed_played":"7391949947435171736","potions_obtained":[{"floor":7.0,"key":"HeartOfIron"},{"floor":8.0,"key":"Block Potion"},{"floor":10.0,"key":"LiquidMemories"},{"floor":12.0,"key":"FearPotion"},{"floor":14.0,"key":"SmokeBomb"},{"floor":16.0,"key":"Swift Potion"},{"floor":18.0,"key":"LiquidBronze"},{"floor":22.0,"key":"SneckoOil"},{"floor":23.0,"key":"ColorlessPotion"}],"is_trial":false,"path_per_floor":["M","?","?","M","$","R","E","M","T","E","R","E","?","M","R","B",null,"M","$","?","$","M","E","R","E"],"character_chosen":"IRONCLAD","items_purchased":["Bag of Marbles","Dropkick"],"campfire_rested":2,"item_purchase_floors":[19,19],"current_hp_per_floor":[74,48,25,31,31,31,37,43,43,11,33,11,4,10,47,7,58,50,50,50,50,45,51,51,0,0],"gold":108,"neow_bonus":"THREE_ENEMY_KILL","is_daily":false,"chose_seed":false,"campfire_upgraded":2,"win_rate":0.0,"timestamp":1613463821,"path_taken":["M","?","?","M","?","R","E","M","T","E","R","E","?","M","R","BOSS","M","$","?","?","M","E","R","E"],"items_purchased_type":["Relic","Card"],"build_version":"2020-12-22","purchased_purges":1,"victory":false,"max_hp_per_floor":[75,75,75,75,75,75,75,75,75,75,75,75,75,75,75,75,75,75,75,75,75,75,75,75,75,75],"card_choices":[{"not_picked":["Perfected Strike","Sword Boomerang","Dual Wield"],"picked":"SKIP","floor":1.0},{"not_picked":["Shrug It Off","Wild Strike"],"picked":"Fire Breathing","floor":4.0},{"not_picked":["Burning Pact","Pommel Strike"],"picked":"Flame Barrier","floor":7.0},{"not_picked":["Anger","Brutality"],"picked":"Sword Boomerang","floor":8.0},{"not_picked":["Warcry","Metallicize"],"picked":"Shrug It Off","floor":10.0},{"not_picked":["Anger","Perfected Strike"],"picked":"Spot Weakness","floor":12.0},{"not_picked":["Sever Soul","Reckless Charge"],"picked":"Whirlwind","floor":14.0},{"not_picked":["Bludgeon","Demon Form"],"picked":"Fiend Fire","floor":16.0},{"not_picked":["Body Slam","Fire Breathing"],"picked":"Pommel Strike","floor":18.0},{"not_picked":["Wild Strike","Pommel Strike","Hemokinesis"],"picked":"SKIP","floor":22.0},{"not_picked":["Exhume","Iron Wave+1"],"picked":"Thunderclap","floor":23.0}],"player_experience":1209934,"relics_obtained":[{"floor":7.0,"key":"Du-Vu Doll"},{"floor":9.0,"key":"Kunai"},{"floor":10.0,"key":"White Beast Statue"},{"floor":12.0,"key":"Regal Pillow"},{"floor":23.0,"key":"Bottled Flame"}],"event_choices":[{"damage_healed":0.0,"max_hp_gain":0.0,"max_hp_loss":0.0,"gold_gain":0.0,"event_name":"Golden Idol","player_choice":"Take Damage","floor":2.0,"gold_loss":0.0,"damage_taken":26.0,"relics_obtained":["Golden Idol"]},{"damage_healed":0.0,"max_hp_gain":0.0,"max_hp_loss":0.0,"gold_gain":0.0,"event_name":"Shining Light","player_choice":"Entered Light","floor":3.0,"gold_loss":0.0,"damage_taken":23.0,"cards_upgraded":["Strike_R","Defend_R"]},{"cards_removed":["Strike_R"],"damage_healed":0.0,"max_hp_gain":0.0,"max_hp_loss":0.0,"gold_gain":0.0,"event_name":"Golden Wing","player_choice":"Card Removal","floor":13.0,"gold_loss":0.0,"damage_taken":7.0},{"damage_healed":0.0,"max_hp_gain":0.0,"max_hp_loss":0.0,"gold_gain":0.0,"event_name":"Drug Dealer","player_choice":"Inject Mutagens","floor":20.0,"gold_loss":0.0,"damage_taken":0.0,"relics_obtained":["MutagenicStrength"]}],"is_beta":false,"boss_relics":[{"not_picked":["Velvet Choker","Philosopher\u0027s Stone","Busted Crown"]}],"items_purged_floors":[5],"is_endless":false,"potions_floor_spawned":[7,8,10,12,14,16,18,22,23],"killed_by":"Book of Stabbing","ascension_level":20}}