{"host":"sav7uxregyirlf69","time":1613519389,"event":{"mods":["AchievementEnabler","BaseMod","Colored Map","DeckTracker","Hermit","Keyboard Shortcuts","Minty Spire (QoL Compilation)","READ ME - Guardian Mod","StSLib","SuperFastMode"],"gold_per_floor":[114,131,151,4,304,335,335,351,428,428,463,463,477,492,492,594,594,607,607,607,279,293,293,293],"floor_reached":23,"language":"KOR","playtime":1274,"items_purged":["hermit:Strike_Hermit"],"score":314,"play_id":"15d1aa8a-b980-40d4-8781-471705ab3817","local_time":"20210217084949","is_ascension_mode":true,"campfire_choices":[{"data":"hermit:Reprieve","floor":7,"key":"SMITH"},{"floor":12,"key":"REST"},{"data":"hermit:BlackWind","floor":15,"key":"SMITH"}],"circlet_count":0,"master_deck":["hermit:Strike_Hermit","hermit:Strike_Hermit","hermit:Strike_Hermit","hermit:Defend_Hermit","hermit:Defend_Hermit","hermit:Defend_Hermit","hermit:Defend_Hermit","hermit:Snapshot","hermit:Covet","hermit:FinalCanter","hermit:Determination","hermit:GhostlyPresence","hermit:EyeOfTheStorm","hermit:SprayPray","hermit:Reprieve+1","hermit:LowProfile","hermit:Desperado","hermit:BlackWind+1","hermit:Combo+1","hermit:BigShot+1","Apotheosis","hermit:TrackingShot+1"],"relics":["hermit:Momento","Orrery","Old Coin","Pen Nib","The Courier","hermit:Spyglass","Frozen Egg 2","Black Star"],"acts_visited":["Exordium","TheCity"],"potions_floor_usage":[11,22,23],"damage_taken":[{"damage":2,"enemies":"2 Louse","floor":1,"turns":2},{"damage":1,"enemies":"Cultist","floor":2,"turns":3},{"damage":4,"enemies":"Jaw Worm","floor":3,"turns":4},{"damage":23,"enemies":"Gremlin Nob","floor":6,"turns":4},{"damage":8,"enemies":"Large Slime","floor":8,"turns":7},{"damage":35,"enemies":"3 Sentries","floor":11,"turns":6},{"damage":25,"enemies":"Exordium Wildlife","floor":13,"turns":5},{"damage":0,"enemies":"2 Fungi Beasts","floor":14,"turns":4},{"damage":0,"enemies":"Slime Boss","floor":16,"turns":6},{"damage":7,"enemies":"Spheric Guardian","floor":18,"turns":3},{"damage":16,"enemies":"3 Byrds","floor":22,"turns":7},{"damage":49,"enemies":"Gremlin Leader","floor":23,"turns":5}],"seed_played":"81848295339107795","potions_obtained":[{"floor":1,"key":"DuplicationPotion"},{"floor":2,"key":"Energy Potion"},{"floor":8,"key":"SteroidPotion"},{"floor":16,"key":"Weak Potion"},{"floor":22,"key":"Weak Potion"}],"is_trial":false,"path_per_floor":["M","M","M","$","?","E","R","M","T","T","E","R","M","M","R","B",null,"M","?","?","$","M","E"],"character_chosen":"HERMIT","items_purchased":["Orrery","hermit:Combo+1","hermit:BigShot+1","Apotheosis"],"campfire_rested":1,"item_purchase_floors":[4,21,21,21],"current_hp_per_floor":[73,72,68,68,68,45,45,37,37,37,6,28,7,15,15,19,61,54,54,47,47,35,0,0],"gold":293,"neow_bonus":"ONE_RANDOM_RARE_CARD","is_daily":false,"chose_seed":false,"campfire_upgraded":2,"win_rate":0.0,"timestamp":1613519389,"path_taken":["M","M","M","$","?","E","R","?","T","?","E","R","M","M","R","BOSS","M","?","?","$","M","E"],"items_purchased_type":["Relic","Card","Card","Card"],"build_version":"2020-12-22","purchased_purges":1,"victory":false,"max_hp_per_floor":[75,75,75,75,75,75,75,75,75,75,75,75,75,75,75,75,75,75,75,75,75,75,75,75],"card_choices":[{"not_picked":["hermit:Scavenge","hermit:Ricochet"],"picked":"hermit:Determination","floor":1},{"not_picked":["hermit:TrackingShot","hermit:NoHoldsBarred"],"picked":"hermit:GhostlyPresence","floor":2},{"not_picked":["hermit:WideOpen","hermit:HighCaliber"],"picked":"hermit:EyeOfTheStorm","floor":3},{"not_picked":["hermit:BodyArmor","hermit:Gambit"],"picked":"hermit:SprayPray","floor":4},{"not_picked":["hermit:PistolWhip","hermit:FromBeyond"],"picked":"hermit:GoldenBullet","floor":4},{"not_picked":["hermit:Headshot","hermit:Roulette"],"picked":"hermit:Reprieve","floor":6},{"not_picked":["hermit:SprayPray","hermit:HighCaliber","hermit:Misfire"],"picked":"SKIP","floor":8},{"not_picked":["hermit:Headshot","hermit:SprayPray"],"picked":"hermit:LowProfile","floor":11},{"not_picked":["hermit:TrackingShot","hermit:Scavenge"],"picked":"hermit:Desperado","floor":13},{"not_picked":["hermit:Malice","hermit:Snipe"],"picked":"hermit:BlackWind","floor":14},{"not_picked":["hermit:WideOpen","hermit:Coalescence","hermit:Maintenance+1"],"picked":"SKIP","floor":18},{"not_picked":["hermit:BodyArmor","hermit:ItchyTrigger"],"picked":"hermit:TrackingShot+1","floor":22}],"player_experience":1622639,"relics_obtained":[{"floor":6,"key":"Pen Nib"},{"floor":9,"key":"The Courier"},{"floor":10,"key":"hermit:Spyglass"},{"floor":11,"key":"Frozen Egg 2"}],"event_choices":[{"cards_removed":["hermit:GoldenBullet"],"damage_healed":0,"gold_gain":0,"player_choice":"Gave Card","damage_taken":0,"relics_obtained":["Old Coin"],"max_hp_gain":0,"max_hp_loss":0,"event_name":"WeMeetAgain","floor":5,"gold_loss":0},{"damage_healed":0,"gold_gain":0,"player_choice":"Ignored","damage_taken":0,"max_hp_gain":0,"max_hp_loss":0,"event_name":"Cursed Tome","floor":19,"gold_loss":0},{"damage_healed":0,"gold_gain":0,"player_choice":"Damaged","damage_taken":7,"max_hp_gain":0,"max_hp_loss":0,"event_name":"Wheel of Change","floor":20,"gold_loss":0}],"is_beta":false,"boss_relics":[{"not_picked":["SacredBark","Ectoplasm"],"picked":"Black Star"}],"items_purged_floors":[21],"is_endless":false,"potions_floor_spawned":[1,2,8,16,18,22],"killed_by":"Gremlin Leader","ascension_level":5}}