{"host":"8rgpnls124hwjv5t","time":1613518166,"event":{"mods":["BaseMod","Colored Map","Colored Powertips","DeckTracker","Highlight Path","Minty Spire (QoL Compilation)","Permanent Neow","Quick Restart","Relic Stats","Shop Mod","StSLib"],"gold_per_floor":[119,84,1,19,19,19,19,36,36,63,76,76,17,32,32,32,32],"floor_reached":16,"language":"ENG","playtime":625,"items_purged":[],"score":200,"play_id":"a7a63132-0655-4a35-a07e-faca7c6c1830","local_time":"20210216182926","is_ascension_mode":true,"campfire_choices":[{"data":"Neutralize","floor":6,"key":"SMITH"},{"data":"Skewer","floor":12,"key":"SMITH"},{"floor":15,"key":"REST"}],"circlet_count":0,"master_deck":["AscendersBane","Strike_G","Strike_G","Strike_G","Strike_G","Defend_G","Defend_G","Defend_G","Defend_G","Survivor","Neutralize+1","Deflect","Underhanded Strike","Cloak And Dagger","Acrobatics","Deadly Poison","Slice","Skewer+1","Dagger Throw","Bane"],"relics":["Ring of the Snake","WingedGreaves","Toy Ornithopter","Bag of Preparation"],"acts_visited":["Exordium"],"potions_floor_usage":[11,16],"damage_taken":[{"damage":4,"enemies":"Small Slimes","floor":1,"turns":4},{"damage":8,"enemies":"2 Louse","floor":4,"turns":3},{"damage":0,"enemies":"Cultist","floor":8,"turns":5},{"damage":27,"enemies":"Lagavulin","floor":10,"turns":8},{"damage":0,"enemies":"Gremlin Gang","floor":11,"turns":5},{"damage":0,"enemies":"Exordium Thugs","floor":14,"turns":3},{"damage":55,"enemies":"Hexaghost","floor":16,"turns":11}],"seed_played":"-6641782821056988253","potions_obtained":[{"floor":4,"key":"Fire Potion"},{"floor":14,"key":"Explosive Potion"}],"is_trial":false,"path_per_floor":["M","?","$","M","?","R","?","M","T","E","M","R","$","M","R","B"],"character_chosen":"THE_SILENT","items_purchased":["Underhanded Strike","Dexterity Potion","Dagger Throw"],"campfire_rested":1,"item_purchase_floors":[3,3,13],"current_hp_per_floor":[40,56,56,48,48,48,48,48,48,21,26,26,26,26,45,0,0],"gold":32,"neow_bonus":"ONE_RARE_RELIC","is_daily":false,"chose_seed":false,"campfire_upgraded":2,"win_rate":0.0,"timestamp":1613518166,"path_taken":["M","?","$","M","?","R","?","?","T","E","M","R","$","?","R","BOSS"],"items_purchased_type":["Card","Potion","Card"],"build_version":"2020-12-22","purchased_purges":0,"victory":false,"max_hp_per_floor":[66,66,66,66,66,66,66,66,66,66,66,66,66,66,66,66,66],"relic_stats":{"counters":[7,39],"Bag of Preparation":[6],"obtain_stats":[{"WingedGreaves":0,"Bag of Preparation":10,"Toy Ornithopter":9,"Ring of the Snake":0},{"WingedGreaves":0,"Bag of Preparation":4,"Toy Ornithopter":3,"Ring of the Snake":0},{"WingedGreaves":0,"Bag of Preparation":20,"Toy Ornithopter":12,"Ring of the Snake":0}],"Toy Ornithopter":10,"Ring of the Snake":[14]},"card_choices":[{"not_picked":["Outmaneuver","Distraction"],"picked":"Deflect","floor":1},{"not_picked":["Acrobatics","Dodge and Roll"],"picked":"Cloak And Dagger","floor":4},{"not_picked":["Outmaneuver","Catalyst"],"picked":"Deadly Poison","floor":8},{"not_picked":["Tactician","Catalyst"],"picked":"Slice","floor":10},{"not_picked":["Masterful Stab","Flying Knee"],"picked":"Skewer","floor":11},{"not_picked":["Slice","Outmaneuver"],"picked":"Bane","floor":14}],"player_experience":601822,"relics_obtained":[{"floor":9,"key":"Toy Ornithopter"},{"floor":10,"key":"Bag of Preparation"}],"event_choices":[{"damage_healed":16,"gold_gain":0,"player_choice":"Healed","damage_taken":0,"max_hp_gain":0,"max_hp_loss":0,"event_name":"The Cleric","floor":2,"gold_loss":35},{"damage_healed":0,"gold_gain":0,"cards_transformed":["Defend_G"],"player_choice":"Change","damage_taken":0,"max_hp_gain":0,"max_hp_loss":0,"event_name":"Living Wall","floor":5,"gold_loss":0,"cards_obtained":["Acrobatics"]},{"cards_removed":["Strike_G"],"damage_healed":0,"gold_gain":0,"player_choice":"Offered Basic","damage_taken":0,"max_hp_gain":0,"max_hp_loss":0,"event_name":"Bonfire Elementals","floor":7,"gold_loss":0}],"is_beta":false,"boss_relics":[],"items_purged_floors":[],"is_endless":false,"potions_floor_spawned":[4,14],"killed_by":"Hexaghost","ascension_level":20}}