{"host":"43wsnxh97mgjl5zw","time":1613509010,"event":{"mods":["Aspiration","BaseMod","Colored Map","Colored Powertips","Conspire","Downfall","Halation","Hubris","Minty Spire (QoL Compilation)","Quick Restart","Rare Cards Sparkle","Relic Sorter","Replay The Spire","StSLib"],"gold_per_floor":[116,132,145,145,160,191,211,211,236,236,260,273,273,319,319,319,319],"floor_reached":16,"language":"ENG","playtime":398,"items_purged":[],"score":208,"play_id":"080339e3-6047-4fbb-8fbc-52f6acd13172","local_time":"20210216225650","is_ascension_mode":true,"campfire_choices":[{"data":"1","floor":8,"key":"LIFT"},{"data":"Uppercut","floor":13,"key":"SMITH"},{"data":"2","floor":15,"key":"LIFT"}],"circlet_count":0,"master_deck":["AscendersBane","Strike_R","Strike_R","Strike_R","Strike_R","Strike_R","Defend_R","Defend_R","Defend_R","Defend_R","Bash","ReplayTheSpireMod:Stacked","Thunderclap","Pummel+1","Disarm","Reaper","True Grit","Ghostly Armor","Uppercut+1"],"relics":["Burning Blood","NeowsBlessing","Girya","Blood Vial","Golden Idol","MealTicket"],"acts_visited":["Exordium"],"potions_floor_usage":[6,11,16],"damage_taken":[{"damage":0,"enemies":"Cultist","floor":1,"turns":1},{"damage":0,"enemies":"Jaw Worm","floor":2,"turns":1},{"damage":0,"enemies":"Small Slimes","floor":3,"turns":1},{"damage":18,"enemies":"Blue Slaver","floor":5,"turns":6},{"damage":53,"enemies":"Lagavulin","floor":6,"turns":11},{"damage":11,"enemies":"Looter","floor":7,"turns":5},{"damage":4,"enemies":"3 Louse","floor":11,"turns":3},{"damage":5,"enemies":"Blue Slaver","floor":12,"turns":5},{"damage":28,"enemies":"The Guardian","floor":16,"turns":13}],"seed_played":"7272337840190878100","potions_obtained":[{"floor":1,"key":"LifebloodPotion"},{"floor":6,"key":"Fire Potion"},{"floor":11,"key":"Guardian:BlockOnCardUsePotion"}],"is_trial":false,"path_per_floor":["M","M","M","?","M","E","M","R","T","?","M","M","R","T","R_BF","B"],"character_chosen":"IRONCLAD","items_purchased":[],"campfire_rested":0,"item_purchase_floors":[],"current_hp_per_floor":[74,75,75,75,63,16,15,15,15,15,19,27,27,27,27,1,1],"gold":319,"neow_bonus":"THREE_ENEMY_KILL","is_daily":false,"chose_seed":false,"campfire_upgraded":1,"win_rate":0.0,"timestamp":1613509010,"path_taken":["M","?","?","?","M","E","M","R","T","?","M","M","R","?","R_BF","BOSS"],"items_purchased_type":[],"build_version":"2020-12-22","purchased_purges":0,"victory":false,"max_hp_per_floor":[75,75,75,75,75,75,75,75,75,68,68,68,68,68,68,68,68],"card_choices":[{"not_picked":["Clothesline","Cleave"],"picked":"ReplayTheSpireMod:Stacked","floor":1},{"not_picked":["Clash","Wild Strike"],"picked":"Thunderclap","floor":2},{"not_picked":["Sword Boomerang","Sever Soul"],"picked":"Pummel","floor":3},{"not_picked":["Cleave","Sword Boomerang"],"picked":"Disarm","floor":5},{"not_picked":["ReplayTheSpireMod:Muscle Training","Heavy Blade"],"picked":"Reaper","floor":6},{"not_picked":["Flex","Combust"],"picked":"True Grit","floor":7},{"not_picked":["Thunderclap","hubris:ReadiedAction"],"picked":"Ghostly Armor","floor":11},{"not_picked":["Rupture","hubris:ReadiedAction"],"picked":"Uppercut","floor":12}],"player_experience":1260117,"relics_obtained":[{"floor":6,"key":"Girya"},{"floor":9,"key":"Blood Vial"},{"floor":14,"key":"MealTicket"}],"event_choices":[{"damage_healed":0,"gold_gain":0,"player_choice":"Grow","damage_taken":0,"max_hp_gain":0,"max_hp_loss":0,"event_name":"Living Wall","floor":4,"gold_loss":0,"cards_upgraded":["Pummel"]},{"damage_healed":0,"gold_gain":0,"player_choice":"Lose Max HP","damage_taken":0,"relics_obtained":["Golden Idol"],"max_hp_gain":0,"max_hp_loss":7,"event_name":"Golden Idol","floor":10,"gold_loss":0}],"is_beta":false,"boss_relics":[],"items_purged_floors":[],"is_endless":false,"potions_floor_spawned":[1,6,11],"killed_by":"The Guardian","ascension_level":20}}