{"host":"2fgwwnzqc97k7iys","time":1613507793,"event":{"mods":["BaseMod","Colored Map","Minty Spire (QoL Compilation)","Quick Restart","Relic Stats"],"gold_per_floor":[117,117,128,143,93,93,125,125,125,50,63,63,76,104,104,206,206,216,216,230,230,230],"floor_reached":21,"language":"ENG","playtime":1236,"items_purged":["Strike_B"],"score":321,"play_id":"661f5fca-8110-4610-a3f7-05a8a9c24e9b","local_time":"20210216143633","is_ascension_mode":true,"campfire_choices":[{"data":"Chaos","floor":6,"key":"SMITH"},{"data":"Capacitor","floor":8,"key":"SMITH"},{"data":"Zap","floor":12,"key":"SMITH"},{"data":"Defragment","floor":15,"key":"SMITH"}],"circlet_count":0,"master_deck":["AscendersBane","Zap+1","Dualcast","Capacitor+1","Conserve Battery","Chaos+1","Compile Driver","Defragment+1","Biased Cognition","Capacitor","Fusion","Auto Shields","Defragment","Barrage","Leap","Chaos"],"relics":["Cracked Core","NeowsBlessing","Mercury Hourglass","Sundial","Bottled Flame","Pandora\u0027s Box"],"acts_visited":["Exordium","TheCity"],"potions_floor_usage":[14,14],"damage_taken":[{"damage":0,"enemies":"Jaw Worm","floor":1,"turns":1},{"damage":0,"enemies":"Small Slimes","floor":3,"turns":1},{"damage":0,"enemies":"Cultist","floor":4,"turns":1},{"damage":19,"enemies":"Lagavulin","floor":7,"turns":8},{"damage":20,"enemies":"3 Louse","floor":11,"turns":3},{"damage":13,"enemies":"Lots of Slimes","floor":13,"turns":3},{"damage":0,"enemies":"Gremlin Nob","floor":14,"turns":4},{"damage":1,"enemies":"Hexaghost","floor":16,"turns":8},{"damage":12,"enemies":"Chosen","floor":18,"turns":5},{"damage":13,"enemies":"Spheric Guardian","floor":20,"turns":4},{"damage":33,"enemies":"Snake Plant","floor":21,"turns":4}],"seed_played":"3447652900088138284","potions_obtained":[{"floor":1,"key":"BlessingOfTheForge"},{"floor":11,"key":"Dexterity Potion"},{"floor":13,"key":"Weak Potion"},{"floor":18,"key":"FearPotion"}],"is_trial":false,"path_per_floor":["M","?","M","M","?","R","E","R","T","$","M","R","M","E","R","B",null,"M","?","M","M"],"character_chosen":"DEFECT","items_purchased":[],"campfire_rested":0,"item_purchase_floors":[],"current_hp_per_floor":[68,61,61,61,61,61,42,42,42,42,22,22,9,9,9,8,58,46,46,33,0,0],"gold":230,"neow_bonus":"THREE_ENEMY_KILL","is_daily":false,"chose_seed":false,"campfire_upgraded":4,"win_rate":0.0,"timestamp":1613507793,"path_taken":["M","?","M","M","?","R","E","R","T","$","M","R","M","E","R","BOSS","M","?","M","M"],"items_purchased_type":[],"build_version":"2020-12-22","purchased_purges":1,"victory":false,"max_hp_per_floor":[75,75,75,75,75,75,75,75,75,75,75,75,75,75,75,75,75,75,75,75,75,75],"relic_stats":{"counters":[11,40],"Sundial":[8],"Pandora\u0027s Box":["Capacitor","Fusion","Auto Shields","Defragment","Barrage"],"obtain_stats":[{"Bottled Flame":14,"NeowsBlessing":0,"Sundial":9,"Pandora\u0027s Box":17,"Cracked Core":0,"Mercury Hourglass":7},{"Bottled Flame":7,"NeowsBlessing":0,"Sundial":4,"Pandora\u0027s Box":8,"Cracked Core":0,"Mercury Hourglass":4},{"Bottled Flame":21,"NeowsBlessing":0,"Sundial":11,"Pandora\u0027s Box":28,"Cracked Core":0,"Mercury Hourglass":11}],"Mercury Hourglass":[119]},"card_choices":[{"not_picked":["BootSequence","Go for the Eyes"],"picked":"Capacitor","floor":1},{"not_picked":["Hologram","Steam"],"picked":"Conserve Battery","floor":3},{"not_picked":["Force Field","Leap"],"picked":"Chaos","floor":4},{"not_picked":["Loop","Beam Cell","Force Field"],"picked":"SKIP","floor":7},{"not_picked":["Turbo","Beam Cell"],"picked":"Compile Driver","floor":11},{"not_picked":["Sunder","Redo","Heatsinks"],"picked":"SKIP","floor":13},{"not_picked":["Storm","Seek"],"picked":"Defragment","floor":14},{"not_picked":["Machine Learning","Multi-Cast"],"picked":"Biased Cognition","floor":16},{"not_picked":["White Noise","Rip and Tear"],"picked":"Leap","floor":18},{"not_picked":["Coolheaded","Undo"],"picked":"Chaos","floor":20}],"player_experience":584795,"relics_obtained":[{"floor":7,"key":"Mercury Hourglass"},{"floor":9,"key":"Sundial"},{"floor":14,"key":"Bottled Flame"}],"event_choices":[{"cards_removed":["Strike_B"],"damage_healed":0,"gold_gain":0,"player_choice":"Card Removal","damage_taken":7,"max_hp_gain":0,"max_hp_loss":0,"event_name":"Golden Wing","floor":2,"gold_loss":0},{"cards_removed":["Defend_B"],"damage_healed":0,"gold_gain":0,"player_choice":"Card Removal","damage_taken":0,"max_hp_gain":0,"max_hp_loss":0,"event_name":"The Cleric","floor":5,"gold_loss":50},{"damage_healed":0,"gold_gain":0,"player_choice":"Ignored","damage_taken":0,"max_hp_gain":0,"max_hp_loss":0,"event_name":"Cursed Tome","floor":19,"gold_loss":0}],"is_beta":false,"boss_relics":[{"not_picked":["Velvet Choker","Fusion Hammer"],"picked":"Pandora\u0027s Box"}],"items_purged_floors":[10],"is_endless":false,"potions_floor_spawned":[1,11,13,18],"killed_by":"Snake Plant","ascension_level":10}}