{"host":"1xo5g347e5o4auts","time":1613503736,"event":{"mods":["BaseMod","Minty Spire (QoL Compilation)","Permanent Neow","StSLib"],"gold_per_floor":[109,120,139,158,158,184,184,217,217,250,400,432,432,12,12,86,86,99,99,119,138,8,33,33,64,147,175,515,527,581,593,605,714,726,751,509,509,237,237,296,296,330,385,215,245,245,305,320,320,320,350,350,350,40,75,75],"floor_reached":57,"language":"ENG","playtime":2144,"items_purged":["Prostrate"],"score":3254,"play_id":"7460914b-0cf7-4a66-8ac3-78f9d9ea4170","local_time":"20210216212856","is_ascension_mode":true,"campfire_choices":[{"data":"WheelKick","floor":7.0,"key":"SMITH"},{"data":"TalkToTheHand","floor":15.0,"key":"SMITH"},{"floor":24.0,"key":"REST"},{"floor":29.0,"key":"REST"},{"data":"TalkToTheHand","floor":32.0,"key":"SMITH"},{"floor":46.0,"key":"RECALL"},{"data":"Wish","floor":49.0,"key":"SMITH"},{"data":"Blasphemy","floor":53.0,"key":"SMITH"}],"circlet_count":0,"master_deck":["AscendersBane","Eruption","Vigilance+1","CrushJoints","FlurryOfBlows+1","TalkToTheHand+1","WheelKick+1","EmptyFist","Ragnarok+1","TalkToTheHand+1","ClearTheMind","Blasphemy+1","Perseverance","Wish+1","Vault","ThirdEye","Brilliance","Flash of Steel","DevaForm","Protect+1","DeceiveReality","MentalFortress","LessonLearned","Wallop","FlurryOfBlows","FearNoEvil+1","ClearTheMind+1","CutThroughFate","Weave","Meditate","Adaptation","WaveOfTheHand","Tantrum"],"relics":["SlaversCollar","Toy Ornithopter","StrikeDummy","GoldenEye","Mango","Question Card","Membership Card","Anchor","Shuriken","Pandora\u0027s Box","Bronze Scales","ClockworkSouvenir","MealTicket","MawBank","InkBottle","Old Coin","SacredBark","Whetstone","Sling","Centennial Puzzle","Yang","TungstenRod","Pantograph","Ornamental Fan","Gambling Chip","Boot","Bag of Preparation","White Beast Statue","Eternal Feather"],"acts_visited":["Exordium","TheCity","TheBeyond","TheEnding"],"potions_floor_usage":[55,56,56],"damage_taken":[{"damage":4.0,"enemies":"2 Louse","floor":1.0,"turns":4.0},{"damage":7.0,"enemies":"Small Slimes","floor":2.0,"turns":5.0},{"damage":7.0,"enemies":"Cultist","floor":3.0,"turns":3.0},{"damage":11.0,"enemies":"Large Slime","floor":4.0,"turns":4.0},{"damage":9.0,"enemies":"Lagavulin","floor":6.0,"turns":7.0},{"damage":12.0,"enemies":"3 Sentries","floor":8.0,"turns":4.0},{"damage":0.0,"enemies":"Gremlin Nob","floor":10.0,"turns":2.0},{"damage":5.0,"enemies":"Lagavulin","floor":12.0,"turns":5.0},{"damage":0.0,"enemies":"Slime Boss","floor":16.0,"turns":5.0},{"damage":0.0,"enemies":"Spheric Guardian","floor":18.0,"turns":3.0},{"damage":0.0,"enemies":"Shell Parasite","floor":20.0,"turns":1.0},{"damage":0.0,"enemies":"Shelled Parasite and Fungi","floor":21.0,"turns":4.0},{"damage":65.0,"enemies":"Slavers","floor":23.0,"turns":6.0},{"damage":14.0,"enemies":"Book of Stabbing","floor":25.0,"turns":4.0},{"damage":10.0,"enemies":"Snake Plant","floor":27.0,"turns":3.0},{"damage":0.0,"enemies":"Gremlin Leader","floor":28.0,"turns":4.0},{"damage":0.0,"enemies":"Snecko","floor":30.0,"turns":4.0},{"damage":6.0,"enemies":"Champ","floor":33.0,"turns":9.0},{"damage":20.0,"enemies":"3 Darklings","floor":35.0,"turns":6.0},{"damage":0.0,"enemies":"Giant Head","floor":40.0,"turns":9.0},{"damage":0.0,"enemies":"Reptomancer","floor":42.0,"turns":4.0},{"damage":5.0,"enemies":"Nemesis","floor":45.0,"turns":6.0},{"damage":7.0,"enemies":"Reptomancer","floor":47.0,"turns":5.0},{"damage":0.0,"enemies":"3 Shapes","floor":48.0,"turns":3.0},{"damage":15.0,"enemies":"Awakened One","floor":50.0,"turns":7.0},{"damage":53.0,"enemies":"Donu and Deca","floor":51.0,"turns":9.0},{"damage":30,"enemies":"Shield and Spear","floor":55,"turns":4},{"damage":5,"enemies":"The Heart","floor":56,"turns":7}],"seed_played":"5106057393746668860","potions_obtained":[{"floor":1.0,"key":"Swift Potion"},{"floor":4.0,"key":"Strength Potion"},{"floor":6.0,"key":"Weak Potion"},{"floor":16.0,"key":"SkillPotion"},{"floor":20.0,"key":"Energy Potion"},{"floor":25.0,"key":"Block Potion"},{"floor":27.0,"key":"SneckoOil"},{"floor":30.0,"key":"FearPotion"},{"floor":33.0,"key":"SkillPotion"},{"floor":45.0,"key":"SpeedPotion"},{"floor":48.0,"key":"StancePotion"},{"floor":55,"key":"Weak Potion"}],"is_trial":false,"path_per_floor":["M","M","M","M","?","E","R","E","T","E","?","E","?","$","R","B",null,"M","?","M","M","$","E","R","E","T","M","E","R","M","?","R","B",null,"M","$","?","$","?","E","$","E","T","$","E","R","E","M","R","B","B",null,"R","$","E","B",null],"character_chosen":"WATCHER","items_purchased":["Membership Card","Anchor","Shuriken","ClearTheMind","Flash of Steel","ClockworkSouvenir","FlurryOfBlows","Whetstone","Sling","LiquidMemories","Centennial Puzzle","Yang","FearNoEvil","Ornamental Fan","CutThroughFate","Bag of Preparation","Adaptation","WaveOfTheHand","White Beast Statue"],"campfire_rested":2,"item_purchase_floors":[14,14,14,14,22,22,36,36,36,36,38,38,38,44,44,54,54,54,54],"current_hp_per_floor":[57,50,43,32,54,45,45,38,38,52,52,47,47,47,47,47,73,73,73,78,82,82,17,41,27,27,17,17,41,46,92,92,86,91,72,87,87,92,92,92,92,92,92,92,87,87,85,85,85,77,39,79,79,92,62,87],"gold":75,"neow_bonus":"BOSS_RELIC","is_daily":false,"chose_seed":false,"campfire_upgraded":5,"win_rate":0.0,"timestamp":1613503736,"path_taken":["M","M","M","M","?","E","R","E","T","E","?","E","?","?","R","BOSS","M","?","M","M","?","E","R","E","T","M","E","R","M","?","R","BOSS","M","?","?","$","?","E","$","E","T","?","E","R","E","M","R","BOSS","BOSS","R","$","E","BOSS"],"items_purchased_type":["Relic","Relic","Relic","Card","Card","Relic","Card","Relic","Relic","Potion","Relic","Relic","Card","Relic","Card","Relic","Card","Card","Relic"],"build_version":"2020-12-22","purchased_purges":1,"victory":true,"max_hp_per_floor":[68,68,68,68,68,68,68,68,68,82,82,82,82,82,82,82,82,82,82,82,82,82,82,82,82,82,82,82,82,82,92,92,92,92,92,92,92,92,92,92,92,92,92,92,92,92,92,92,92,92,92,92,92,92,92,92],"card_choices":[{"not_picked":["InnerPeace","Fasting2"],"picked":"CrushJoints","floor":1.0},{"not_picked":["Pray","ForeignInfluence","Crescendo"],"picked":"SKIP","floor":2.0},{"not_picked":["FollowUp","Weave"],"picked":"FlurryOfBlows","floor":3.0},{"not_picked":["Sanctity","FlurryOfBlows"],"picked":"TalkToTheHand","floor":4.0},{"not_picked":["Wireheading","EmptyMind"],"picked":"WheelKick","floor":6.0},{"not_picked":["Pray","Evaluate"],"picked":"EmptyFist","floor":8.0},{"not_picked":["EmptyFist","WreathOfFlame"],"picked":"Ragnarok","floor":10.0},{"not_picked":["Indignation","SandsOfTime"],"picked":"TalkToTheHand","floor":12.0},{"not_picked":["Establishment","Brilliance","Scrawl"],"picked":"Blasphemy","floor":16.0},{"not_picked":["EmptyMind","EmptyBody+1","BattleHymn","SashWhip"],"picked":"SKIP","floor":18.0},{"not_picked":["ThirdEye","Halt","CrushJoints","ClearTheMind"],"picked":"SKIP","floor":20.0},{"not_picked":["BowlingBash","Prostrate","Crescendo"],"picked":"Weave","floor":21.0},{"not_picked":["DeceiveReality","EmptyBody","Prostrate+1"],"picked":"DevaForm","floor":23.0},{"not_picked":["LikeWater","ClearTheMind","Worship"],"picked":"Protect+1","floor":25.0},{"not_picked":["Prostrate","Establishment","Crescendo","Halt"],"picked":"SKIP","floor":27.0},{"not_picked":["FollowUp","DevaForm","SignatureMove"],"picked":"DeceiveReality","floor":28.0},{"not_picked":["ClearTheMind","BowlingBash","SignatureMove"],"picked":"MentalFortress","floor":30.0},{"not_picked":["Scrawl","Establishment","MasterReality"],"picked":"LessonLearned","floor":33.0},{"not_picked":["Nirvana","LikeWater","ThirdEye"],"picked":"Wallop","floor":35.0},{"not_picked":["EmptyFist","BattleHymn+1","Blasphemy"],"picked":"ClearTheMind+1","floor":40.0},{"not_picked":["Collect+1","ClearTheMind","FearNoEvil","Ragnarok"],"picked":"SKIP","floor":42.0},{"not_picked":["SashWhip","Swivel","Study"],"picked":"Weave","floor":45.0},{"not_picked":["SignatureMove+1","Weave","Wallop+1"],"picked":"Meditate","floor":47.0},{"not_picked":["Evaluate","ForeignInfluence","Consecrate","FollowUp"],"picked":"SKIP","floor":48.0},{"not_picked":["Study","Devotion","Brilliance"],"picked":"Tantrum","floor":55}],"player_experience":1495081,"relics_obtained":[{"floor":6.0,"key":"Toy Ornithopter"},{"floor":8.0,"key":"StrikeDummy"},{"floor":9.0,"key":"GoldenEye"},{"floor":10.0,"key":"Mango"},{"floor":12.0,"key":"Question Card"},{"floor":23.0,"key":"MealTicket"},{"floor":25.0,"key":"MawBank"},{"floor":26.0,"key":"InkBottle"},{"floor":28.0,"key":"Old Coin"},{"floor":40.0,"key":"TungstenRod"},{"floor":42.0,"key":"Pantograph"},{"floor":45.0,"key":"Gambling Chip"},{"floor":47.0,"key":"Boot"},{"floor":55,"key":"Eternal Feather"}],"event_choices":[{"damage_healed":22.0,"max_hp_gain":0.0,"max_hp_loss":0.0,"gold_gain":0.0,"event_name":"Big Fish","player_choice":"Banana","floor":5.0,"gold_loss":0.0,"damage_taken":0.0},{"damage_healed":0.0,"max_hp_gain":0.0,"max_hp_loss":0.0,"gold_gain":150.0,"event_name":"Liars Game","player_choice":"AGREE","floor":11.0,"gold_loss":0.0,"damage_taken":0.0,"cards_obtained":["Doubt"]},{"cards_removed":["Doubt"],"damage_healed":0.0,"max_hp_gain":0.0,"max_hp_loss":0.0,"gold_gain":0.0,"event_name":"Living Wall","player_choice":"Forget","floor":13.0,"gold_loss":0.0,"damage_taken":0.0},{"cards_removed":["CrushJoints"],"damage_healed":0.0,"max_hp_gain":0.0,"max_hp_loss":0.0,"gold_gain":0.0,"event_name":"WeMeetAgain","player_choice":"Gave Card","floor":19.0,"gold_loss":0.0,"damage_taken":0.0,"relics_obtained":["Bronze Scales"]},{"cards_removed":["Blasphemy"],"damage_healed":36.0,"max_hp_gain":10.0,"max_hp_loss":0.0,"gold_gain":0.0,"event_name":"Bonfire Elementals","player_choice":"Offered Rare","floor":31.0,"gold_loss":0.0,"damage_taken":0.0},{"cards_removed":["Weave"],"damage_healed":0.0,"max_hp_gain":0.0,"max_hp_loss":0.0,"gold_gain":0.0,"event_name":"Falling","player_choice":"Removed Attack","floor":37.0,"gold_loss":0.0,"damage_taken":0.0},{"damage_healed":0.0,"max_hp_gain":0.0,"max_hp_loss":0.0,"gold_gain":0.0,"event_name":"Tomb of Lord Red Mask","player_choice":"Ignored","floor":39.0,"gold_loss":0.0,"damage_taken":0.0}],"is_beta":false,"boss_relics":[{"not_picked":["Philosopher\u0027s Stone","Empty Cage"],"picked":"Pandora\u0027s Box"},{"not_picked":["Runic Dome","Astrolabe"],"picked":"SacredBark"}],"items_purged_floors":[36],"is_endless":false,"potions_floor_spawned":[1,4,6,16,20,25,27,30,33,40,45,48,55],"ascension_level":20}}