{"host":"0k7350af1t8odskw","time":1613498468,"event":{"mods":["AchievementEnabler","BaseMod","Better Vampires","BetterRewards","Colored Map","Downfall","Highlight Path","Hubris","Jorbs\u0027s Wanderer Trilogy","Lobotomy","Marisa£®ÏF”Í°°ƒß¿Ì…≥£©","Minty Spire (QoL Compilation)","Quick Restart","Replay The Spire","Shop Mod","StSLib","The Administrix","The Cursed","The Death Knight","The Runesmith","Youmu£®ªÍ∆«—˝√Œ£©"],"gold_per_floor":[114,194,208,208,226,226,301,301,301,312,323,323,323,88,88,185,185,199,212,283,299,299,299],"floor_reached":22,"language":"ZHS","playtime":1073,"items_purged":[],"score":317,"play_id":"c260d93e-c8fd-4a8f-91e6-9f32e667100d","local_time":"20210216100108","is_ascension_mode":true,"campfire_choices":[{"data":"ReplayTheSpireMod:Shiv Toss","floor":6,"key":"SMITH"},{"data":"Blade Dance","floor":8,"key":"SMITH"},{"data":"ReplayTheSpireMod:Scrap Shanks","floor":15,"key":"SMITH"}],"circlet_count":0,"master_deck":["Strike_G","Strike_G","Strike_G","Strike_G","Strike_G","Defend_G","Defend_G","Defend_G","Defend_G","Defend_G","Survivor","Neutralize","Prepared","Underhanded Strike","Dagger Throw","Blade Dance+1","ReplayTheSpireMod:Shiv Toss+1","Backflip","A Thousand Cuts+1","PiercingWail","ReplayTheSpireMod:Scrap Shanks+1","Outmaneuver","hubris:SlightOfHand","Flying Knee","Slice","Storm of Steel","Finisher+1","Cloak And Dagger","Sneak Up","hubris:Sniper"],"relics":["Ring of the Snake","Tough Bandages","Nunchaku","Ring of Panic","ReplayTheSpireMod:Ring of Collecting","BargainBundle","bronze:MakeshiftBattery"],"acts_visited":["Exordium","TheCity"],"potions_floor_usage":[16,21,22],"damage_taken":[{"damage":1,"enemies":"Small Slimes","floor":1,"turns":4},{"damage":0,"enemies":"2 Louse","floor":3,"turns":2},{"damage":0,"enemies":"Cultist","floor":5,"turns":3},{"damage":1,"enemies":"3 Louse","floor":10,"turns":4},{"damage":5,"enemies":"Blue Slaver","floor":11,"turns":3},{"damage":22,"enemies":"Fading Forest","floor":16,"turns":11},{"damage":20,"enemies":"2 Thieves","floor":18,"turns":4},{"damage":1,"enemies":"Chosen","floor":19,"turns":4},{"damage":18,"enemies":"Snake Plant","floor":21,"turns":3},{"damage":23,"enemies":"Sentry and Sphere","floor":22,"turns":3}],"seed_played":"-8645315329286625973","potions_obtained":[{"floor":10,"key":"Slimebound:ThreeZeroPotion"},{"floor":16,"key":"Reflective Coating"},{"floor":19,"key":"SteroidPotion"}],"is_trial":false,"path_per_floor":["M","?","M","?","M","R","?","R","T","M","M","?","?","$","R","B",null,"M","M","?","M","M"],"character_chosen":"THE_SILENT","items_purchased":["Prepared","Underhanded Strike","ReplayTheSpireMod:Scrap Shanks","BargainBundle","PowerPotion","Outmaneuver","hubris:SlightOfHand","Flying Knee","Slice"],"campfire_rested":0,"item_purchase_floors":[0,0,14,14,14,14,14,14,14],"current_hp_per_floor":[56,56,56,56,56,56,45,45,45,44,39,39,39,39,39,33,70,50,49,32,14,0,0],"gold":299,"neow_bonus":"","is_daily":false,"chose_seed":false,"campfire_upgraded":3,"win_rate":0.0,"timestamp":1613498468,"path_taken":["M","?","M","?","M","R","?","R","T","M","M","?","?","$","R","BOSS","M","?","?","?","M"],"items_purchased_type":["Card","Card","Card","Relic","Potion","Card","Card","Card","Card"],"build_version":"2020-12-22","purchased_purges":0,"victory":false,"max_hp_per_floor":[70,70,70,70,70,70,70,70,70,70,70,70,70,70,70,70,70,70,70,70,70,70,70],"card_choices":[{"not_picked":["Draining Mist","Deflect"],"picked":"Dagger Throw","floor":1},{"not_picked":["Crippling Poison","Sucker Punch"],"picked":"Blade Dance","floor":3},{"not_picked":["Prepared","Sucker Punch"],"picked":"Backflip","floor":5},{"not_picked":["ReplayTheSpireMod:The Works","Escape Plan"],"picked":"A Thousand Cuts","floor":10},{"not_picked":["Prepared","Sneak Up"],"picked":"PiercingWail","floor":11},{"not_picked":["Atom Bomb","After Image"],"picked":"Storm of Steel","floor":16},{"not_picked":["Hidden Blade","Terror"],"picked":"Finisher+1","floor":18},{"not_picked":["ReplayTheSpireMod:Exploit Weakness","hubris:SlightOfHand"],"picked":"Cloak And Dagger","floor":19},{"not_picked":["PiercingWail","Prepared"],"picked":"Sneak Up","floor":20},{"not_picked":["Replay:Poison Smokescreen+1","Acrobatics"],"picked":"hubris:Sniper","floor":21}],"player_experience":162011,"relics_obtained":[{"floor":9,"key":"Nunchaku"},{"floor":12,"key":"Ring of Panic"},{"floor":12,"key":"ReplayTheSpireMod:Ring of Collecting"}],"event_choices":[{"damage_healed":0,"gold_gain":80,"player_choice":"Gained Gold","damage_taken":0,"max_hp_gain":0,"max_hp_loss":0,"event_name":"Golden Wing","floor":2,"gold_loss":0},{"damage_healed":0,"gold_gain":75,"player_choice":"Gather Gold","damage_taken":11,"max_hp_gain":0,"max_hp_loss":0,"event_name":"World of Goop","floor":7,"gold_loss":0},{"damage_healed":0,"gold_gain":0,"player_choice":"Upgraded","damage_taken":0,"max_hp_gain":0,"max_hp_loss":0,"event_name":"Upgrade Shrine","floor":13,"gold_loss":0,"cards_upgraded":["A Thousand Cuts"]}],"is_beta":false,"boss_relics":[{"not_picked":["hubris:HollowSoul","hubris:CrackedHourglass"],"picked":"bronze:MakeshiftBattery"}],"items_purged_floors":[],"is_endless":false,"potions_floor_spawned":[10,16,19],"killed_by":"Sentry and Sphere","ascension_level":3}}