{"host":"ul3z8ex5o8l5j7mh","time":1613503690,"event":{"mods":["AchievementEnabler","BaseMod","Bestiary","Colored Map","Colored Powertips","DeckTracker","Keyboard Shortcuts","Minty Spire (QoL Compilation)","Relic Sorter","Relic Stats","SuperFastMode"],"gold_per_floor":[117,129,145,159,16,16,16,49,130,144,161,161,188,202,202,297,297,316,336,261,261,273,308,308,323,393,393,393,308,308,324,324,324,324],"floor_reached":33,"language":"ENG","playtime":1853,"items_purged":[],"score":349,"play_id":"49b91f1e-01f3-4642-a168-6871c1c938e3","local_time":"20210216202810","is_ascension_mode":true,"campfire_choices":[{"data":"Bash","floor":6.0,"key":"SMITH"},{"data":"Reaper","floor":12.0,"key":"SMITH"},{"data":"Armaments","floor":15.0,"key":"SMITH"},{"floor":24.0,"key":"REST"},{"data":"Feed","floor":28.0,"key":"SMITH"},{"data":"Impervious","floor":30.0,"key":"SMITH"},{"floor":32.0,"key":"REST"}],"circlet_count":0,"master_deck":["Strike_R","Strike_R","Strike_R","Strike_R","Defend_R","Defend_R","Defend_R","Defend_R","Bash+1","Twin Strike+1","Heavy Blade","Reaper+1","Armaments+1","Shrug It Off","Shockwave","Feed+1","Rage","Cleave","Impervious+1","Writhe"],"relics":["Mark of Pain","Strange Spoon","Bird Faced Urn","Meat on the Bone","Bag of Preparation","Runic Cube","Gremlin Horn","Darkstone Periapt","Frozen Egg 2","HornCleat"],"acts_visited":["Exordium","TheCity"],"potions_floor_usage":[33],"damage_taken":[{"damage":1.0,"enemies":"Cultist","floor":1.0,"turns":3.0},{"damage":1.0,"enemies":"2 Louse","floor":2.0,"turns":2.0},{"damage":7.0,"enemies":"Small Slimes","floor":3.0,"turns":3.0},{"damage":11.0,"enemies":"Blue Slaver","floor":4.0,"turns":3.0},{"damage":25.0,"enemies":"Lagavulin","floor":8.0,"turns":4.0},{"damage":1.0,"enemies":"3 Louse","floor":10.0,"turns":4.0},{"damage":1.0,"enemies":"2 Fungi Beasts","floor":11.0,"turns":3.0},{"damage":35.0,"enemies":"3 Sentries","floor":13.0,"turns":12.0},{"damage":2.0,"enemies":"Lots of Slimes","floor":14.0,"turns":4.0},{"damage":45.0,"enemies":"The Guardian","floor":16.0,"turns":12.0},{"damage":6.0,"enemies":"Shell Parasite","floor":18.0,"turns":4.0},{"damage":19.0,"enemies":"Chosen","floor":19.0,"turns":6.0},{"damage":25.0,"enemies":"Snecko","floor":22.0,"turns":5.0},{"damage":84.0,"enemies":"Gremlin Leader","floor":23.0,"turns":11.0},{"damage":31.0,"enemies":"Snake Plant","floor":25.0,"turns":6.0},{"damage":18.0,"enemies":"Centurion and Healer","floor":31.0,"turns":6.0},{"damage":95,"enemies":"Collector","floor":33,"turns":12}],"seed_played":"7477411190227047172","potions_obtained":[{"floor":2.0,"key":"LiquidMemories"},{"floor":8.0,"key":"HeartOfIron"},{"floor":14.0,"key":"Explosive Potion"},{"floor":16.0,"key":"Fire Potion"},{"floor":22.0,"key":"Dexterity Potion"},{"floor":23.0,"key":"DuplicationPotion"},{"floor":25.0,"key":"LiquidMemories"},{"floor":31.0,"key":"SkillPotion"}],"is_trial":false,"path_per_floor":["M","M","M","M","$","R","?","E","T","M","M","R","E","M","R","B",null,"M","M","?","?","M","E","R","M","T","?","R","?","R","M","R","B"],"character_chosen":"IRONCLAD","items_purchased":["Strange Spoon"],"campfire_rested":2,"item_purchase_floors":[5],"current_hp_per_floor":[79,78,71,60,60,60,60,35,35,46,52,52,44,57,57,31,68,66,50,50,79,61,25,51,39,39,45,45,45,45,39,66,0,0],"gold":324,"neow_bonus":"BOSS_RELIC","is_daily":false,"chose_seed":false,"campfire_upgraded":5,"win_rate":0.0,"timestamp":1613503690,"path_taken":["M","M","?","M","$","R","?","E","T","M","M","R","E","?","R","BOSS","M","M","?","?","M","E","R","M","T","?","R","?","R","M","R","BOSS"],"items_purchased_type":["Relic"],"build_version":"2020-12-22","purchased_purges":0,"victory":false,"max_hp_per_floor":[80,80,80,80,80,80,80,80,80,80,80,80,80,80,80,80,80,84,87,87,87,87,87,87,87,87,93,93,93,93,93,93,93,93],"relic_stats":{"Darkstone Periapt":6,"Strange Spoon":[15],"Gremlin Horn":[6,6],"counters":[17,100],"Bird Faced Urn":[0],"Bag of Preparation":[18],"obtain_stats":[{"Darkstone Periapt":26,"Strange Spoon":5,"HornCleat":29,"Gremlin Horn":23,"Bird Faced Urn":8,"Mark of Pain":0,"Bag of Preparation":13,"Frozen Egg 2":27,"Burning Blood":0,"Meat on the Bone":9,"Runic Cube":17},{"Darkstone Periapt":15,"Strange Spoon":4,"HornCleat":15,"Gremlin Horn":14,"Bird Faced Urn":5,"Mark of Pain":0,"Bag of Preparation":8,"Frozen Egg 2":15,"Burning Blood":0,"Meat on the Bone":5,"Runic Cube":10},{"Darkstone Periapt":82,"Strange Spoon":11,"HornCleat":82,"Gremlin Horn":76,"Bird Faced Urn":15,"Mark of Pain":0,"Bag of Preparation":34,"Frozen Egg 2":82,"Burning Blood":0,"Meat on the Bone":15,"Runic Cube":50}],"Meat on the Bone":60,"Runic Cube":[33]},"card_choices":[{"not_picked":["Flex","True Grit","Dark Embrace"],"picked":"SKIP","floor":1.0},{"not_picked":["Inflame","Feel No Pain"],"picked":"Twin Strike","floor":2.0},{"not_picked":["Flex","Clash"],"picked":"Heavy Blade","floor":3.0},{"not_picked":["Wild Strike","Headbutt","Sword Boomerang"],"picked":"SKIP","floor":4.0},{"not_picked":["Wild Strike","Demon Form"],"picked":"Reaper","floor":8.0},{"not_picked":["Heavy Blade","Whirlwind"],"picked":"Armaments","floor":10.0},{"not_picked":["Clothesline","Fire Breathing"],"picked":"Shrug It Off","floor":11.0},{"not_picked":["Shrug It Off","Bloodletting"],"picked":"Shockwave","floor":13.0},{"not_picked":["Havoc","Body Slam","Heavy Blade"],"picked":"SKIP","floor":14.0},{"not_picked":["Offering","Juggernaut"],"picked":"Feed","floor":16.0},{"not_picked":["Entrench","Heavy Blade","Feel No Pain"],"picked":"SKIP","floor":18.0},{"not_picked":["Perfected Strike","Wild Strike"],"picked":"Rage","floor":19.0},{"not_picked":["Flex","Wild Strike"],"picked":"Cleave","floor":22.0},{"not_picked":["Clash","Body Slam"],"picked":"Impervious","floor":23.0},{"not_picked":["Sword Boomerang","Headbutt","Clash"],"picked":"SKIP","floor":25.0},{"not_picked":["Brutality+1","Perfected Strike","Pummel"],"picked":"SKIP","floor":31.0}],"player_experience":387761,"relics_obtained":[{"floor":8.0,"key":"Bird Faced Urn"},{"floor":9.0,"key":"Meat on the Bone"},{"floor":13.0,"key":"Bag of Preparation"},{"floor":23.0,"key":"Gremlin Horn"},{"floor":26.0,"key":"Darkstone Periapt"}],"event_choices":[{"damage_healed":0.0,"max_hp_gain":0.0,"max_hp_loss":0.0,"gold_gain":0.0,"event_name":"Upgrade Shrine","player_choice":"Upgraded","floor":7.0,"gold_loss":0.0,"damage_taken":0.0,"cards_upgraded":["Twin Strike"]},{"cards_removed":["Strike_R"],"damage_healed":0.0,"max_hp_gain":0.0,"max_hp_loss":0.0,"gold_gain":0.0,"event_name":"Beggar","player_choice":"Gave Gold","floor":20.0,"gold_loss":75.0,"damage_taken":0.0},{"damage_healed":29.0,"max_hp_gain":0.0,"max_hp_loss":0.0,"gold_gain":0.0,"event_name":"The Library","player_choice":"Heal","floor":21.0,"gold_loss":0.0,"damage_taken":0.0},{"damage_healed":0.0,"max_hp_gain":0.0,"max_hp_loss":0.0,"gold_gain":0.0,"event_name":"The Mausoleum","player_choice":"Opened","floor":27.0,"gold_loss":0.0,"damage_taken":0.0,"relics_obtained":["Frozen Egg 2"],"cards_obtained":["Writhe"]},{"damage_healed":0.0,"max_hp_gain":0.0,"max_hp_loss":0.0,"gold_gain":0.0,"event_name":"Addict","player_choice":"Obtained Relic","floor":29.0,"gold_loss":85.0,"damage_taken":0.0,"relics_obtained":["HornCleat"]}],"is_beta":false,"boss_relics":[{"not_picked":["Empty Cage","Fusion Hammer"],"picked":"Runic Cube"}],"items_purged_floors":[],"is_endless":false,"potions_floor_spawned":[2,8,14,16,22,23,25,31],"killed_by":"Collector","ascension_level":5}}