{"host":"8vqkh0x3c7vpgzzm","time":1613479496,"event":{"mods":["AchievementEnabler","BaseMod","Colored Map","Colored Powertips","Curses Come First","DeckTracker","Highlight Path","Minty Spire (QoL Compilation)","Permanent Neow","Quick Restart","Random Character Mod","Rare Cards Sparkle","Relic Sorter","Relic Stats","StSLib","SuperFastMode","Unceasing Turn Reminder","egg","everything is the same but u backflip on backflip"],"gold_per_floor":[109,109,184,203,128,128,58,88,88,88,105,105,105],"floor_reached":12,"language":"ENG","playtime":255,"items_purged":["Strike_R"],"score":66,"play_id":"9cf2a2e4-928c-45b0-8da9-b0a3f922048d","local_time":"20210216134456","is_ascension_mode":false,"campfire_choices":[{"data":"Bash","floor":6,"key":"SMITH"},{"data":"Dropkick","floor":10,"key":"SMITH"}],"circlet_count":0,"master_deck":["Strike_R","Strike_R","Strike_R","Defend_R","Defend_R","Defend_R","Bash+1","Dropkick","Rage","Dropkick+1"],"relics":["Burning Blood","Dream Catcher","Odd Mushroom","Bottled Lightning"],"acts_visited":["Exordium"],"potions_floor_usage":[8],"damage_taken":[{"damage":0,"enemies":"2 Louse","floor":1,"turns":3},{"damage":3,"enemies":"Jaw Worm","floor":4,"turns":3},{"damage":5,"enemies":"The Mushroom Lair","floor":8,"turns":4},{"damage":3,"enemies":"Small Slimes","floor":11,"turns":4},{"damage":53,"enemies":"3 Sentries","floor":12,"turns":10}],"seed_played":"-4002710499777565063","potions_obtained":[{"floor":4,"key":"Energy Potion"}],"is_trial":false,"path_per_floor":["M","?","?","M","$","R","$","?","T","R","M","E"],"character_chosen":"IRONCLAD","items_purchased":["Dropkick"],"campfire_rested":0,"item_purchase_floors":[7],"current_hp_per_floor":[62,55,44,47,47,47,47,48,48,48,51,0,0],"gold":105,"neow_bonus":"TRANSFORM_TWO_CARDS","is_daily":false,"chose_seed":false,"campfire_upgraded":2,"win_rate":0.0,"timestamp":1613479496,"path_taken":["M","?","?","M","$","R","$","?","T","R","M","E"],"items_purchased_type":["Card"],"build_version":"2020-12-22","purchased_purges":1,"victory":false,"max_hp_per_floor":[80,80,80,80,80,80,80,80,80,80,80,80,80],"relic_stats":{"Dream Catcher":0,"counters":[5,24],"obtain_stats":[{"Dream Catcher":2,"Bottled Lightning":9,"Odd Mushroom":8,"Burning Blood":0},{"Dream Catcher":1,"Bottled Lightning":3,"Odd Mushroom":3,"Burning Blood":0},{"Dream Catcher":3,"Bottled Lightning":10,"Odd Mushroom":10,"Burning Blood":0}],"Burning Blood":24},"card_choices":[{"not_picked":["Havoc","Blood for Blood","Wild Strike"],"picked":"SKIP","floor":1},{"not_picked":["Clothesline","Anger","Heavy Blade"],"picked":"SKIP","floor":4},{"not_picked":["Headbutt","Uppercut","Iron Wave"],"picked":"SKIP","floor":11},{"not_picked":["Headbutt","Uppercut","Iron Wave"],"picked":"SKIP","floor":11}],"player_experience":562807,"relics_obtained":[{"floor":8,"key":"Odd Mushroom"},{"floor":9,"key":"Bottled Lightning"}],"event_choices":[{"damage_healed":0,"gold_gain":0,"player_choice":"Success","damage_taken":7,"relics_obtained":["Dream Catcher"],"max_hp_gain":0,"max_hp_loss":0,"event_name":"Scrap Ooze","floor":2,"gold_loss":0},{"damage_healed":0,"gold_gain":75,"player_choice":"Gather Gold","damage_taken":11,"max_hp_gain":0,"max_hp_loss":0,"event_name":"World of Goop","floor":3,"gold_loss":0},{"damage_healed":0,"gold_gain":0,"player_choice":"Fought Mushrooms","damage_taken":0,"max_hp_gain":0,"max_hp_loss":0,"event_name":"Mushrooms","floor":8,"gold_loss":0}],"is_beta":false,"boss_relics":[],"items_purged_floors":[5],"is_endless":false,"potions_floor_spawned":[4],"killed_by":"3 Sentries","ascension_level":0}}