{"host":"mwb0clku6crgv6yl","time":1613482733,"event":{"mods":["AchievementEnabler","BaseMod","Highlight Path","Minty Spire (QoL Compilation)","StSLib","The Cursed"],"gold_per_floor":[109,109,126,70,85,412,360,360,360],"floor_reached":8,"language":"ZHS","playtime":255,"items_purged":[],"score":112,"play_id":"393eb2b1-c7f2-4910-a2a3-02d93015d63d","local_time":"20210216213853","is_ascension_mode":true,"campfire_choices":[],"circlet_count":0,"master_deck":["AscendersBane","Strike_R","Strike_R","Strike_R","Strike_R","Defend_R","Defend_R","Defend_R","Defend_R","Bash","Sword Boomerang","Uppercut","Flex","Armaments","Inflame"],"relics":["Burning Blood","Dream Catcher","Old Coin"],"acts_visited":["Exordium"],"potions_floor_usage":[6],"damage_taken":[{"damage":19,"enemies":"Jaw Worm","floor":1,"turns":4},{"damage":1,"enemies":"2 Louse","floor":3,"turns":3},{"damage":4,"enemies":"Small Slimes","floor":5,"turns":3},{"damage":45,"enemies":"3 Sentries","floor":6,"turns":8},{"damage":17,"enemies":"Lagavulin","floor":8,"turns":3}],"seed_played":"-4609766679138213569","potions_obtained":[{"floor":5,"key":"LiquidBronze"}],"is_trial":false,"path_per_floor":["M","?","M","$","M","E","?","E"],"character_chosen":"IRONCLAD","items_purchased":["Flex"],"campfire_rested":0,"item_purchase_floors":[4],"current_hp_per_floor":[55,48,53,53,55,16,16,0,0],"gold":360,"neow_bonus":"RANDOM_COMMON_RELIC","is_daily":false,"chose_seed":false,"campfire_upgraded":0,"win_rate":0.0,"timestamp":1613482733,"path_taken":["M","?","M","$","M","E","?","E"],"items_purchased_type":["Card"],"build_version":"2020-12-22","purchased_purges":0,"victory":false,"max_hp_per_floor":[75,75,75,75,75,75,75,75,75],"card_choices":[{"not_picked":["Iron Wave","Evolve"],"picked":"Sword Boomerang","floor":1},{"not_picked":["Dropkick","Cleave"],"picked":"Uppercut","floor":3},{"not_picked":["Sentinel","Intimidate"],"picked":"Armaments","floor":5},{"not_picked":["Perfected Strike","Bloodletting"],"picked":"Inflame","floor":6}],"player_experience":341893,"relics_obtained":[{"floor":6,"key":"Old Coin"}],"event_choices":[{"cards_removed":["Strike_R"],"damage_healed":0,"gold_gain":0,"player_choice":"Card Removal","damage_taken":7,"max_hp_gain":0,"max_hp_loss":0,"event_name":"Golden Wing","floor":2,"gold_loss":0},{"damage_healed":0,"gold_gain":0,"player_choice":"Left Gold","damage_taken":0,"max_hp_gain":0,"max_hp_loss":0,"event_name":"World of Goop","floor":7,"gold_loss":52}],"is_beta":false,"boss_relics":[],"items_purged_floors":[],"is_endless":false,"potions_floor_spawned":[5],"killed_by":"Lagavulin","ascension_level":20}}