{"host":"pjz3m1kifmtv24r2","time":1613434895,"event":{"mods":["2.2 Compatiblity","Aspiration","BaseMod","Bestiary","Better Altar","Better Match","Better Note","Better Sensory Stone","Better Skull","CCEM2","Colored Powertips","Conspire","Dark Map","Displayed Cursed Tome","Fox Events","GifTheSpireLib","Halation","Highlight Path","Hubris","Jedi Mod","Mimic Mod","Minty Spire (QoL Compilation)","Quick Restart","RatMod","Relic Sorter","Reliquary","Replay The Spire","Small Relic Pack","Spicy Shops","Spikes Relics","Spire Arcade","StS++","StSLib","Stuff the Spire","The Blue Laboratory","The Runesmith","Trackpad","Wandering Minibosses"],"gold_per_floor":[113,113,125,138,37,37,37],"floor_reached":6,"language":"ENG","playtime":163,"items_purged":[],"score":36,"play_id":"69cb8b16-9915-4ef9-897c-e08585577993","local_time":"20210215192135","is_ascension_mode":false,"campfire_choices":[],"circlet_count":0,"master_deck":["Strike_B","Strike_B","Strike_B","Strike_B","Defend_B","Defend_B","Defend_B","Defend_B","Zap","Dualcast","Melter","Self Repair","Glacier"],"relics":["Cracked Core","NeowsBlessing","CCEMRelics:PocketTank","jedi:cryingmask","Boot","reliquary:TatteredRug","aspiration:Nostalgia","Iron Core"],"acts_visited":["Exordium"],"potions_floor_usage":[],"damage_taken":[{"damage":0,"enemies":"Cultist","floor":1,"turns":1},{"damage":0,"enemies":"Small Slimes","floor":3,"turns":1},{"damage":0,"enemies":"conspire:RoseBush","floor":4,"turns":1},{"damage":0,"enemies":"Gremlin Nob","floor":6,"turns":2}],"seed_played":"-1819582966195641599","potions_obtained":[{"floor":1,"key":"Weak Potion"}],"is_trial":false,"path_per_floor":["M","?","M","M","$","E"],"character_chosen":"DEFECT","items_purchased":["aspiration:Nostalgia"],"campfire_rested":0,"item_purchase_floors":[5],"current_hp_per_floor":[75,2,2,2,2,2,2],"gold":37,"neow_bonus":"THREE_ENEMY_KILL","is_daily":false,"chose_seed":false,"campfire_upgraded":0,"win_rate":0.0,"timestamp":1613434895,"path_taken":["M","?","M","?","$","E"],"items_purchased_type":["Relic"],"build_version":"2020-12-22","purchased_purges":0,"victory":false,"max_hp_per_floor":[75,75,75,75,75,75,75],"card_choices":[{"not_picked":["Steam Power","Barrage"],"picked":"Melter","floor":1},{"not_picked":["Streamline","StuffTheSpire:Plugnplay"],"picked":"Self Repair","floor":3},{"not_picked":["Double Energy","StSpp:TargetLocked"],"picked":"Glacier","floor":4}],"player_experience":106342,"relics_obtained":[],"event_choices":[{"damage_healed":0,"gold_gain":0,"player_choice":"RE RE RE RE ","damage_taken":81,"relics_obtained":["CCEMRelics:PocketTank","jedi:cryingmask","Boot","reliquary:TatteredRug"],"max_hp_gain":0,"max_hp_loss":0,"event_name":"betterSkull:BetterSkull","floor":2,"gold_loss":0,"cards_upgraded":[]}],"is_beta":false,"boss_relics":[],"items_purged_floors":[],"is_endless":false,"potions_floor_spawned":[1],"killed_by":"Gremlin Nob","ascension_level":0}}