{"host":"nlbr7nnijupf3yfg","time":1613494875,"event":{"mods":["AchievementEnabler","BaseMod","BetterRewards","Colored Powertips","DeckTracker","Downfall","Hermit","Hubris","Infinite Spire","Minty Spire (QoL Compilation)","Quick Restart","Replay The Spire","StSLib","SuperFastMode","The Servant 0.9.4"],"gold_per_floor":[115,290,308,308,383,396,396,414,437,437,450,450,450],"floor_reached":12,"language":"ENG","playtime":112,"items_purged":[],"score":112,"play_id":"519ee040-1a55-4f81-b75c-746e9a7ba953","local_time":"20210216120115","is_ascension_mode":true,"campfire_choices":[{"data":"Fire Breathing","floor":7,"key":"SMITH"}],"circlet_count":0,"master_deck":["AscendersBane","Strike_R","Strike_R","Strike_R","Strike_R","Strike_R","Defend_R","Defend_R","Defend_R","Defend_R","Bash","Havoc","Thunderclap","Fire Breathing+1","Clothesline","Run Through"],"relics":["Burning Blood","NeowsBlessing","MealTicket","FaceOfCleric"],"acts_visited":["Exordium"],"potions_floor_usage":[3],"damage_taken":[{"damage":0,"enemies":"Jaw Worm","floor":1,"turns":1},{"damage":0,"enemies":"2 Louse","floor":3,"turns":2},{"damage":0,"enemies":"Small Slimes","floor":6,"turns":1},{"damage":10,"enemies":"2 Fungi Beasts","floor":8,"turns":3},{"damage":37,"enemies":"Exordium Thugs","floor":11,"turns":6},{"damage":41,"enemies":"Gremlin Nob","floor":12,"turns":4}],"seed_played":"-2673469833624969734","potions_obtained":[{"floor":3,"key":"Fruit Juice"}],"is_trial":false,"path_per_floor":["M","?","M","?","?","M","R","M","T","?","M","E"],"character_chosen":"IRONCLAD","items_purchased":[],"campfire_rested":0,"item_purchase_floors":[],"current_hp_per_floor":[78,78,85,78,67,73,73,69,69,69,39,0,0],"gold":450,"neow_bonus":"THREE_ENEMY_KILL","is_daily":false,"chose_seed":false,"campfire_upgraded":1,"win_rate":0.0,"timestamp":1613494875,"path_taken":["M","?","M","?","?","M","R","M","T","?","M","E"],"items_purchased_type":[],"build_version":"2020-12-22","purchased_purges":0,"victory":false,"max_hp_per_floor":[80,80,85,85,85,85,85,85,85,85,86,86,86],"card_choices":[{"not_picked":["Searing Blow","Rupture"],"picked":"Havoc","floor":1},{"not_picked":["ReplayTheSpireMod:Strike From Hell","Pommel Strike"],"picked":"Thunderclap","floor":3},{"not_picked":["ReplayTheSpireMod:Corrosion Curse","Pommel Strike"],"picked":"Fire Breathing","floor":6},{"not_picked":["Battle Trance","Flex"],"picked":"Clothesline","floor":8},{"not_picked":["Body Slam","Bloodletting"],"picked":"Run Through","floor":11}],"player_experience":86972,"relics_obtained":[{"floor":9,"key":"MealTicket"}],"event_choices":[{"damage_healed":0,"gold_gain":175,"player_choice":"AGREE","damage_taken":0,"max_hp_gain":0,"max_hp_loss":0,"event_name":"Liars Game","floor":2,"gold_loss":0,"cards_obtained":["Doubt"]},{"cards_removed":["Doubt"],"damage_healed":0,"gold_gain":0,"player_choice":"Card Removal","damage_taken":7,"max_hp_gain":0,"max_hp_loss":0,"event_name":"Golden Wing","floor":4,"gold_loss":0},{"damage_healed":0,"gold_gain":75,"player_choice":"Gather Gold","damage_taken":11,"max_hp_gain":0,"max_hp_loss":0,"event_name":"World of Goop","floor":5,"gold_loss":0},{"damage_healed":0,"gold_gain":0,"player_choice":"Trade","damage_taken":0,"relics_obtained":["FaceOfCleric"],"max_hp_gain":0,"max_hp_loss":0,"event_name":"FaceTrader","floor":10,"gold_loss":0}],"is_beta":false,"boss_relics":[],"items_purged_floors":[],"is_endless":false,"potions_floor_spawned":[3],"killed_by":"Gremlin Nob","ascension_level":12}}