{"host":"1hw3ks68c0zl1mxv","time":1613506073,"event":{"mods":["2.2 Compatiblity","Act Like it!","Aspiration","BaseMod","Beaked The Cultist","BetterRewards","Colored Map","Colored Powertips","Conspire","Downfall","Energized Spire","GungeonMod","Halation","Hallownest","Hubris","Infinite Spire","Marisa????????","Mimic Mod","Minty Spire (QoL Compilation)","Quick Restart","Replay The Spire","Shop Mod","StSLib","The Bug Knight","The Construct","The Elementalist","The Necromancer","The Saiyan","The Servant 0.9.4","TheHero"],"gold_per_floor":[109,109,141,151,83,83,109,109,156,11,11,11,31,76,76,189,189,209,209,209,219,219,219,219,219,219,252,282,31,78,98,98,216,216,229,287,300,318,181,227,227,240,318,318,334,334,352,352,352,352],"floor_reached":51,"language":"ENG","playtime":4003,"items_purged":[],"score":1015,"play_id":"4a5c494b-8941-4efa-9918-c2f3cf7845fa","local_time":"20210216130753","is_ascension_mode":false,"campfire_choices":[{"data":"MasterSpark","floor":6.0,"key":"SMITH"},{"data":"MagicChant","floor":8.0,"key":"SMITH"},{"data":"AsteroidBelt","floor":15.0,"key":"SMITH"},{"floor":23.0,"key":"DIG"},{"floor":25.0,"key":"REST"},{"data":"AsteroidBelt","floor":32.0,"key":"SMITH"},{"floor":41,"key":"DIG"},{"data":"infinitespire:Fortify","floor":46,"key":"SMITH"}],"circlet_count":0,"master_deck":["Strike_MRS","Strike_MRS","Strike_MRS","Strike_MRS","Defend_MRS","Defend_MRS","Defend_MRS","Defend_MRS","MasterSpark+1","UpSweep","EnergyFlow","DeepEcoloBomb","WitchOfGreed","TreasureHunter","MasterSpark","OortCloud+1","PowerUp","FairyDestructionRay","MagicChant+1","Pot Of Greed","Pot Of Greed","AsteroidBelt+1","MillisecondPulsars","OrrerysSun+1","PowerUp+1","MagicChant+1","Pot Of Greed+1","AsteroidBelt+1","EnergyRecoil","Singularity","Deflect+1","ChargingUp+1","UnstableBomb+1","infinitespire:Fortify+1","NonDirectionalLaser+1","PowerUp+1","Enlightenment"],"relics":["MiniHakkero","infinitespire:ShieldingShard","MerchantsRug","PreservedInsect","DemoMod:ClearGuonStone","Replay:Multitool","halation:OrihimeAndHikoboshiSamaAndTears","DemoMod:RiddleOfLead","Sundial","Oddly Smooth Stone","Bronze Scales","Replay:Bottled Steam","aspiration:Nostalgia","m_TsuchinokoRing","Iron Hammer","Replay:Bottled Snecko","CaptainsWheel","conspire:SlowCooker","Replay:Ringing Soul","Bag of Preparation","DemoMod:MonsterBlood","DemoMod:PoisonVial","Happy Flower","AmplifyWand"],"acts_visited":["Exordium","TheCity","TheBeyond"],"potions_floor_usage":[36,38,50,50],"damage_taken":[{"damage":0.0,"enemies":"2 Louse","floor":1.0,"turns":2.0},{"damage":1.0,"enemies":"Cultist","floor":3.0,"turns":3.0},{"damage":17.0,"enemies":"infinitespire:Voidling","floor":4.0,"turns":3.0},{"damage":0.0,"enemies":"Red Slaver","floor":7.0,"turns":5.0},{"damage":0.0,"enemies":"Large Slime","floor":13.0,"turns":4.0},{"damage":5.0,"enemies":"HollowMod:MossKnight","floor":14.0,"turns":12.0},{"damage":10.0,"enemies":"The Guardian","floor":16.0,"turns":14.0},{"damage":0.0,"enemies":"Spheric Guardian","floor":18.0,"turns":1.0},{"damage":0.0,"enemies":"Snake Plant","floor":21.0,"turns":4.0},{"damage":3.0,"enemies":"Slavers","floor":27.0,"turns":5.0},{"damage":0.0,"enemies":"conspire:HollyBat","floor":28.0,"turns":5.0},{"damage":1.0,"enemies":"Nightmare","floor":30.0,"turns":5.0},{"damage":0.0,"enemies":"Cultist and Chosen","floor":31.0,"turns":3.0},{"damage":12.0,"enemies":"Automaton","floor":33.0,"turns":9.0},{"damage":0,"enemies":"3 Shapes","floor":35,"turns":4},{"damage":1,"enemies":"conspire:MimicChest","floor":36,"turns":7},{"damage":0,"enemies":"3 Darklings","floor":37,"turns":4},{"damage":0,"enemies":"4 Shapes","floor":38,"turns":4},{"damage":0,"enemies":"R_Hoarder","floor":40,"turns":8},{"damage":0,"enemies":"Jaw Worm Horde","floor":42,"turns":2},{"damage":0,"enemies":"Sphere and 2 Shapes","floor":45,"turns":2},{"damage":6,"enemies":"4 Shapes","floor":47,"turns":3},{"damage":0,"enemies":"Donu and Deca","floor":50,"turns":2}],"seed_played":"8535915464279432131","potions_obtained":[{"floor":3.0,"key":"Swift Potion"},{"floor":4.0,"key":"Fire Potion"},{"floor":7.0,"key":"AttackPotion"},{"floor":14.0,"key":"Block Potion"},{"floor":16.0,"key":"EssenceOfSteel"},{"floor":24.0,"key":"ShroomBrew"},{"floor":24.0,"key":"EssenceOfSteel"},{"floor":24.0,"key":"Block Potion"},{"floor":24.0,"key":"LiquidMemories"},{"floor":24.0,"key":"CultistPotion"},{"floor":27.0,"key":"SkillPotion"},{"floor":28.0,"key":"Milkshake"},{"floor":30.0,"key":"Weak Potion"},{"floor":31.0,"key":"DemoMod:LeadSkinPotion"},{"floor":33.0,"key":"sneckomod:MuddlingPotion"},{"floor":36,"key":"Regen Potion"},{"floor":37,"key":"LiquidMemories"},{"floor":40,"key":"Dexterity Potion"},{"floor":42,"key":"Reflective Coating"}],"is_trial":false,"path_per_floor":["M","?","M","M","$","R","M","R","T","$","?","R","M","E","R","B",null,"M","AVR","HB","M","?","R","$","R","T","E","M","$","NM","M","R","B",null,"M","?","M","M","?","E","R","M","T","AVR","M","R","M","?","R","B",null],"character_chosen":"MARISA","items_purchased":["EnergyFlow","infinitespire:ShieldingShard","DeepEcoloBomb","MerchantsRug","FairyDestructionRay","DemoMod:ClearGuonStone","Oddly Smooth Stone","Cauldron","aspiration:Nostalgia","Iron Hammer"],"campfire_rested":1,"item_purchase_floors":[0,0,0,0,5,10,24,24,29,29],"current_hp_per_floor":[51,51,50,33,33,33,33,33,33,33,33,55,55,50,50,40,85,85,85,43,43,43,43,23,35,35,32,32,32,31,31,31,19,43,43,45,45,48,48,59,59,62,62,65,68,68,65,68,74,74],"gold":352,"neow_bonus":"","is_daily":false,"chose_seed":false,"campfire_upgraded":5,"win_rate":0.0,"timestamp":1613506073,"path_taken":["M","?","?","?","?","R","?","R","T","?","?","R","M","E","R","BOSS","M","AVR","HB","M","?","R","?","R","T","E","M","$","NM","M","R","BOSS","M","?","M","M","?","E","R","M","T","AVR","?","R","M","?","R","BOSS"],"items_purchased_type":["Card","Relic","Card","Relic","Card","Relic","Relic","Relic","Relic","Relic"],"build_version":"2020-12-22","purchased_purges":0,"victory":true,"max_hp_per_floor":[75,75,75,75,75,75,75,75,75,75,75,75,75,75,75,75,85,85,85,43,43,43,43,43,43,43,43,43,43,43,43,43,43,43,43,46,46,49,49,59,59,62,62,65,68,68,71,74,74,74],"card_choices":[{"not_picked":["Orbital","6A"],"picked":"WitchOfGreed","floor":1.0},{"not_picked":["EarthLightRay","AsteroidBelt"],"picked":"OortCloud","floor":3.0},{"not_picked":["MilkyWay","TreasureHunter"],"picked":"PowerUp","floor":4.0},{"not_picked":["StarlightTyphoon","MysteriousBeam"],"picked":"MagicChant","floor":7.0},{"not_picked":["MeteoricShower","DC","MilkyWay"],"picked":"SKIP","floor":13.0},{"not_picked":["StarBarrage","JA"],"picked":"AsteroidBelt","floor":14.0},{"not_picked":["CasketOfStar","ManaRampage"],"picked":"MillisecondPulsars","floor":16.0},{"not_picked":["Acceleration+1","MysteriousBeam"],"picked":"OrrerysSun+1","floor":18.0},{"not_picked":["WitchOfGreed","DC","LuminesStrike"],"picked":"SKIP","floor":21.0},{"not_picked":["Acceleration","MilkyWay"],"picked":"PowerUp+1","floor":27.0},{"not_picked":["6A","LuminesStrike+1"],"picked":"MagicChant+1","floor":28.0},{"not_picked":["Accuracy+1","Endless Agony","GrandCross+1"],"picked":"SKIP","floor":30.0},{"not_picked":["TreasureHunter","Dagger Spray"],"picked":"AsteroidBelt","floor":31.0},{"not_picked":["Slice","GravityBeat"],"picked":"EnergyRecoil","floor":35},{"not_picked":["PropBag","GalacticHalo+1"],"picked":"Singularity","floor":36},{"not_picked":["NonDirectionalLaser","Backstab+1","LuminesStrike"],"picked":"SKIP","floor":37},{"not_picked":["Acceleration","Dagger Throw"],"picked":"Deflect+1","floor":38},{"not_picked":["Distraction+1","MysteriousBeam+1"],"picked":"ChargingUp+1","floor":40},{"not_picked":["LuminesStrike","MilkyWay+1"],"picked":"UnstableBomb+1","floor":42},{"not_picked":["MilkyWay","RefractionSpark+1"],"picked":"NonDirectionalLaser+1","floor":45},{"not_picked":["Outmaneuver+1","ShootTheMoon+1"],"picked":"PowerUp+1","floor":47},{"not_picked":["DemoMod:Deposit","Replay:Sssssssssstrike"],"picked":"Enlightenment","floor":48}],"player_experience":1587711,"relics_obtained":[{"floor":9.0,"key":"PreservedInsect"},{"floor":14.0,"key":"halation:PrussianBluePaint"},{"floor":14.0,"key":"Grinning Jar"},{"floor":16.0,"key":"halation:OrihimeAndHikoboshiSamaAndTears"},{"floor":23.0,"key":"Sundial"},{"floor":26.0,"key":"Bronze Scales"},{"floor":27.0,"key":"Replay:Bottled Steam"},{"floor":27.0,"key":"Centennial Puzzle"},{"floor":30.0,"key":"Replay:Bottled Snecko"},{"floor":33.0,"key":"CaptainsWheel"},{"floor":36,"key":"Replay:Ringing Soul"},{"floor":40,"key":"DemoMod:MonsterBlood"},{"floor":40,"key":"DemoMod:PoisonVial"},{"floor":41,"key":"Happy Flower"},{"floor":43,"key":"AmplifyWand"}],"event_choices":[{"damage_healed":0.0,"max_hp_gain":0.0,"max_hp_loss":0.0,"gold_gain":0.0,"event_name":"Match and Keep!","player_choice":"2 cards matched","floor":2.0,"gold_loss":0.0,"damage_taken":0.0,"cards_obtained":["TreasureHunter","MasterSpark"]},{"damage_healed":0.0,"max_hp_gain":0.0,"max_hp_loss":0.0,"gold_gain":0.0,"event_name":"Dead Adventurer","player_choice":"Searched \u00271\u0027 times","floor":11.0,"gold_loss":0.0,"damage_taken":0.0,"relics_obtained":["Replay:Multitool"]},{"damage_healed":0.0,"max_hp_gain":0.0,"max_hp_loss":0.0,"gold_gain":0.0,"event_name":"Transmorgrifier","player_choice":"Ignored","floor":22.0,"gold_loss":0.0,"damage_taken":0.0},{"damage_healed":0,"gold_gain":0,"player_choice":"Paid Gold","damage_taken":0,"relics_obtained":["Bag of Preparation"],"max_hp_gain":0,"max_hp_loss":0,"event_name":"WeMeetAgain","floor":39,"gold_loss":137},{"damage_healed":0,"gold_gain":0,"player_choice":"Memory 1","damage_taken":0,"max_hp_gain":0,"max_hp_loss":0,"event_name":"SensoryStone","floor":48,"gold_loss":0}],"is_beta":false,"boss_relics":[{"not_picked":["Cursed Key","Runic Pyramid"],"picked":"DemoMod:RiddleOfLead"},{"not_picked":["Coffee Dripper","hubris:BlackHole"],"picked":"conspire:SlowCooker"}],"items_purged_floors":[],"is_endless":false,"potions_floor_spawned":[4,13,14,21,27,31,37,40,42,47],"ascension_level":0}}