{"host":"kg61lsvem4dxoat8","time":1613494373,"event":{"mods":["AchievementEnabler","BaseMod","Better Altar","Better Match","Better Sensory Stone","Better Skull","Block Reminder","Highlight Path","Minty Spire (QoL Compilation)","Quick Restart","Rare Cards Sparkle","Relic Sorter","Relic Stats","StSLib","Synergy Search","slay the spire mod where everything is the same but ironclad has a cowboy hat"],"gold_per_floor":[114,39,51,51,51,80,80,80,80],"floor_reached":8,"language":"ENG","playtime":114,"items_purged":["Strike_G"],"score":158,"play_id":"a5513b64-1f22-4db8-85c7-f9228e399651","local_time":"20210217005253","is_ascension_mode":true,"campfire_choices":[{"floor":7,"key":"REST"}],"circlet_count":0,"master_deck":["AscendersBane","Strike_G","Strike_G","Strike_G","Strike_G","Defend_G","Defend_G","Defend_G","Defend_G","Defend_G","Survivor","Neutralize","Escape Plan"],"relics":["Ring of the Snake","NeowsBlessing","Bag of Preparation","Centennial Puzzle","Oddly Smooth Stone","Eternal Feather"],"acts_visited":["Exordium"],"potions_floor_usage":[8],"damage_taken":[{"damage":0,"enemies":"2 Louse","floor":1,"turns":1},{"damage":0,"enemies":"Cultist","floor":3,"turns":1},{"damage":0,"enemies":"3 Sentries","floor":6,"turns":1},{"damage":40,"enemies":"Lagavulin","floor":8,"turns":6}],"seed_played":"3403409195870329734","potions_obtained":[{"floor":1,"key":"SkillPotion"}],"is_trial":false,"path_per_floor":["M","$","M","$","?","E","R","E"],"character_chosen":"THE_SILENT","items_purchased":[],"campfire_rested":1,"item_purchase_floors":[],"current_hp_per_floor":[59,59,59,59,8,8,33,0,0],"gold":80,"neow_bonus":"THREE_ENEMY_KILL","is_daily":false,"chose_seed":false,"campfire_upgraded":0,"win_rate":0.0,"timestamp":1613494373,"path_taken":["M","$","M","$","?","E","R","E"],"items_purchased_type":[],"build_version":"2020-12-22","purchased_purges":1,"victory":false,"max_hp_per_floor":[66,66,66,66,66,66,66,66,66],"relic_stats":{"Centennial Puzzle":[3],"counters":[4,9],"Eternal Feather":6,"Bag of Preparation":[4],"obtain_stats":[{"Centennial Puzzle":5,"NeowsBlessing":0,"Oddly Smooth Stone":5,"Eternal Feather":6,"Bag of Preparation":5,"Ring of the Snake":0},{"Centennial Puzzle":2,"NeowsBlessing":0,"Oddly Smooth Stone":2,"Eternal Feather":3,"Bag of Preparation":2,"Ring of the Snake":0},{"Centennial Puzzle":2,"NeowsBlessing":0,"Oddly Smooth Stone":2,"Eternal Feather":3,"Bag of Preparation":2,"Ring of the Snake":0}],"Ring of the Snake":[8]},"card_choices":[{"not_picked":["Leg Sweep","Finisher"],"picked":"Escape Plan","floor":1},{"not_picked":["Blur","PiercingWail","Crippling Poison"],"picked":"SKIP","floor":3},{"not_picked":["Die Die Die","Dagger Spray","Deflect"],"picked":"SKIP","floor":6}],"player_experience":1552159,"relics_obtained":[{"floor":6,"key":"Eternal Feather"}],"event_choices":[{"damage_healed":0,"gold_gain":0,"player_choice":"RE RE RE ","damage_taken":57,"relics_obtained":["Bag of Preparation","Centennial Puzzle","Oddly Smooth Stone"],"max_hp_gain":0,"max_hp_loss":0,"event_name":"betterSkull:BetterSkull","floor":5,"gold_loss":0,"cards_upgraded":[]}],"is_beta":false,"boss_relics":[],"items_purged_floors":[2],"is_endless":false,"potions_floor_spawned":[1],"killed_by":"Lagavulin","ascension_level":20}}