{"host":"d0btaf6p0msba79e","time":1613487748,"event":{"mods":["BaseMod","BetterRewards","Minty Spire (QoL Compilation)"],"gold_per_floor":[113,113,128,142,160,187,246,246,246,271,271,346,101,111,111,216,216,231,231,247,261,271,305,305,220,246,272,76,76,104,122,122,217,217,236,248,248,265,61,87,87,116,191,191,205,253,265,296,296,296],"floor_reached":51,"language":"ENG","playtime":3774,"items_purged":["Strike_P","Strike_P","Strike_P"],"score":1351,"play_id":"52ce02a4-7068-4726-b09d-8da94d0dae85","local_time":"20210217020228","is_ascension_mode":true,"campfire_choices":[{"floor":8,"key":"REST"},{"data":"1","floor":11,"key":"LIFT"},{"floor":15,"key":"REST"},{"data":"Eruption","floor":24,"key":"SMITH"},{"data":"2","floor":29,"key":"LIFT"},{"floor":32,"key":"REST"},{"data":"3","floor":41,"key":"LIFT"},{"floor":49,"key":"REST"}],"circlet_count":0,"master_deck":["Defend_P","Defend_P","Defend_P","Defend_P","Eruption+1","Vigilance","CutThroughFate","Master of Strategy","Wallop","ThirdEye","FlurryOfBlows","Adaptation","FlurryOfBlows","BattleHymn","Halt","SandsOfTime","DevaForm","SashWhip","FlurryOfBlows","Establishment","Weave+1","CarveReality","BattleHymn","Vault","Halt+1","Finesse","Perseverance","ForeignInfluence+1","ThirdEye","DeusExMachina","Wallop+1","TalkToTheHand","Study+1","MasterReality","CarveReality"],"relics":["PureWater","Medical Kit","Peace Pipe","CaptainsWheel","Kunai","Girya","Anchor","Matryoshka","Pen Nib","Nunchaku","Damaru","ClockworkSouvenir","Sozu","Mango","Prayer Wheel","Oddly Smooth Stone","Centennial Puzzle","MealTicket","Philosopher\u0027s Stone","Lantern","Orichalcum","Shuriken","Turnip","Toy Ornithopter"],"acts_visited":["Exordium","TheCity","TheBeyond"],"potions_floor_usage":[6,16,16,20],"damage_taken":[{"damage":0,"enemies":"Jaw Worm","floor":1,"turns":4},{"damage":0,"enemies":"Cultist","floor":3,"turns":3},{"damage":0,"enemies":"Small Slimes","floor":4,"turns":2},{"damage":1,"enemies":"Blue Slaver","floor":5,"turns":4},{"damage":7,"enemies":"Gremlin Nob","floor":6,"turns":3},{"damage":16,"enemies":"Gremlin Nob","floor":7,"turns":4},{"damage":0,"enemies":"3 Sentries","floor":10,"turns":4},{"damage":0,"enemies":"Large Slime","floor":14,"turns":2},{"damage":0,"enemies":"Hexaghost","floor":16,"turns":7},{"damage":3,"enemies":"Spheric Guardian","floor":18,"turns":5},{"damage":8,"enemies":"3 Byrds","floor":20,"turns":4},{"damage":8,"enemies":"Snake Plant","floor":21,"turns":4},{"damage":2,"enemies":"Sentry and Sphere","floor":22,"turns":4},{"damage":8,"enemies":"Gremlin Leader","floor":23,"turns":4},{"damage":13,"enemies":"Book of Stabbing","floor":27,"turns":6},{"damage":20,"enemies":"Slavers","floor":30,"turns":3},{"damage":22,"enemies":"Snecko","floor":31,"turns":3},{"damage":3,"enemies":"Champ","floor":33,"turns":6},{"damage":7,"enemies":"3 Darklings","floor":35,"turns":4},{"damage":9,"enemies":"Orb Walker","floor":36,"turns":3},{"damage":0,"enemies":"3 Darklings","floor":38,"turns":4},{"damage":25,"enemies":"Reptomancer","floor":40,"turns":4},{"damage":0,"enemies":"Giant Head","floor":42,"turns":6},{"damage":2,"enemies":"Spire Growth","floor":45,"turns":5},{"damage":11,"enemies":"2 Orb Walkers","floor":46,"turns":3},{"damage":40,"enemies":"Jaw Worm Horde","floor":47,"turns":3},{"damage":0,"enemies":"Nemesis","floor":48,"turns":6},{"damage":5,"enemies":"Awakened One","floor":50,"turns":7}],"seed_played":"-3186864580925218748","potions_obtained":[{"floor":3,"key":"LiquidBronze"},{"floor":7,"key":"ColorlessPotion"},{"floor":10,"key":"Weak Potion"},{"floor":14,"key":"Explosive Potion"}],"is_trial":false,"path_per_floor":["M","?","M","M","M","E","?","R","T","E","R","?","$","M","R","B",null,"M","?","M","M","M","E","R","?","T","E","$","R","E","M","R","B",null,"M","M","?","M","$","E","R","E","T","?","M","?","M","E","R","B",null],"character_chosen":"WATCHER","items_purchased":["Medical Kit","CutThroughFate","Master of Strategy","Wallop","Kunai","ThirdEye","ClockworkSouvenir","FlurryOfBlows","Finesse","TalkToTheHand"],"campfire_rested":4,"item_purchase_floors":[0,0,0,0,0,0,13,13,28,39],"current_hp_per_floor":[30,30,30,30,29,22,6,27,27,27,27,16,16,16,37,37,72,69,69,61,53,51,57,57,57,57,44,44,44,24,2,27,24,86,79,70,70,70,85,60,60,60,60,60,58,47,7,7,32,27],"gold":296,"neow_bonus":"","is_daily":false,"chose_seed":false,"campfire_upgraded":1,"win_rate":0.0,"timestamp":1613487748,"path_taken":["M","?","?","M","M","E","?","R","T","E","R","?","?","M","R","BOSS","M","?","M","M","M","E","R","?","T","E","$","R","E","M","R","BOSS","M","M","?","?","$","E","R","E","T","?","M","?","?","E","R","BOSS"],"items_purchased_type":["Relic","Card","Card","Card","Relic","Card","Relic","Card","Card","Card"],"build_version":"2020-12-22","purchased_purges":3,"victory":true,"max_hp_per_floor":[72,72,72,72,72,72,72,72,72,72,72,72,72,72,72,72,72,72,72,72,72,72,86,86,86,86,86,86,86,86,86,86,86,86,86,86,86,86,86,86,86,86,86,86,86,86,86,86,86,86],"card_choices":[{"not_picked":["FollowUp","Protect"],"picked":"FlurryOfBlows","floor":1},{"not_picked":["CrushJoints","ThirdEye"],"picked":"FlurryOfBlows","floor":3},{"not_picked":["ClearTheMind","Sanctity"],"picked":"BattleHymn","floor":4},{"not_picked":["BowlingBash","InnerPeace"],"picked":"Halt","floor":5},{"not_picked":["JustLucky","Fasting2"],"picked":"SandsOfTime","floor":6},{"not_picked":["Halt","SandsOfTime"],"picked":"DevaForm","floor":7},{"not_picked":["FlyingSleeves","EmptyFist"],"picked":"SashWhip","floor":10},{"not_picked":["FlyingSleeves","EmptyBody"],"picked":"FlurryOfBlows","floor":14},{"not_picked":["Scrawl","Brilliance"],"picked":"Establishment","floor":16},{"not_picked":["Consecrate","JustLucky"],"picked":"Weave+1","floor":18},{"not_picked":["FlyingSleeves+1","Conclude"],"picked":"BattleHymn","floor":20},{"not_picked":["Protect+1","Weave","Prostrate"],"picked":"SKIP","floor":21},{"not_picked":["Protect+1","Weave","Prostrate"],"picked":"SKIP","floor":21},{"not_picked":["Prostrate","WreathOfFlame"],"picked":"Vault","floor":22},{"not_picked":["Vengeance","LessonLearned"],"picked":"Halt+1","floor":23},{"not_picked":["WreathOfFlame+1","EmptyBody","Omniscience"],"picked":"SKIP","floor":27},{"not_picked":["EmptyBody","FlurryOfBlows+1"],"picked":"Perseverance","floor":30},{"not_picked":["Vengeance","ThirdEye+1"],"picked":"ForeignInfluence+1","floor":31},{"not_picked":["EmptyBody","Prostrate+1"],"picked":"ThirdEye","floor":31},{"not_picked":["LessonLearned","Devotion"],"picked":"DeusExMachina","floor":33},{"not_picked":["Consecrate","CrushJoints+1","PathToVictory+1"],"picked":"SKIP","floor":35},{"not_picked":["Perseverance+1","BattleHymn","CrushJoints"],"picked":"SKIP","floor":35},{"not_picked":["MentalFortress","Establishment"],"picked":"Wallop+1","floor":36},{"not_picked":["FlyingSleeves","Wallop+1","FollowUp"],"picked":"SKIP","floor":36},{"not_picked":["Collect","ForeignInfluence+1","Nirvana+1"],"picked":"SKIP","floor":38},{"not_picked":["Collect+1","EmptyFist","DeceiveReality+1"],"picked":"SKIP","floor":38},{"not_picked":["LikeWater","Halt"],"picked":"Study+1","floor":40},{"not_picked":["CrushJoints+1","Crescendo","FollowUp+1"],"picked":"SKIP","floor":42},{"not_picked":["EmptyBody","PathToVictory"],"picked":"MasterReality","floor":45},{"not_picked":["EmptyBody+1","FollowUp+1","Vengeance"],"picked":"SKIP","floor":45},{"not_picked":["JustLucky+1","PathToVictory+1"],"picked":"CarveReality","floor":47},{"not_picked":["Wallop+1","Vengeance","ForeignInfluence"],"picked":"SKIP","floor":47},{"not_picked":["PathToVictory+1","JustLucky","Study+1"],"picked":"SKIP","floor":48}],"player_experience":1031220,"relics_obtained":[{"floor":6,"key":"Anchor"},{"floor":7,"key":"Matryoshka"},{"floor":9,"key":"Pen Nib"},{"floor":9,"key":"Nunchaku"},{"floor":10,"key":"Damaru"},{"floor":23,"key":"Mango"},{"floor":26,"key":"Oddly Smooth Stone"},{"floor":27,"key":"Centennial Puzzle"},{"floor":30,"key":"MealTicket"},{"floor":40,"key":"Lantern"},{"floor":42,"key":"Orichalcum"},{"floor":43,"key":"Shuriken"},{"floor":46,"key":"Turnip"},{"floor":48,"key":"Toy Ornithopter"}],"event_choices":[{"damage_healed":0,"gold_gain":0,"cards_transformed":["Strike_P"],"player_choice":"Transformed","damage_taken":0,"max_hp_gain":0,"max_hp_loss":0,"event_name":"Transmorgrifier","floor":2,"gold_loss":0,"cards_obtained":["Adaptation"]},{"damage_healed":0,"gold_gain":0,"player_choice":"Searched \u00271\u0027 times","damage_taken":0,"max_hp_gain":0,"max_hp_loss":0,"event_name":"Dead Adventurer","floor":7,"gold_loss":0},{"damage_healed":0,"gold_gain":75,"player_choice":"Gather Gold","damage_taken":11,"max_hp_gain":0,"max_hp_loss":0,"event_name":"World of Goop","floor":12,"gold_loss":0},{"damage_healed":0,"gold_gain":0,"player_choice":"Read","damage_taken":0,"max_hp_gain":0,"max_hp_loss":0,"event_name":"The Library","floor":19,"gold_loss":0,"cards_obtained":["CarveReality"]},{"damage_healed":0,"gold_gain":0,"player_choice":"Obtained Relic","damage_taken":0,"relics_obtained":["Prayer Wheel"],"max_hp_gain":0,"max_hp_loss":0,"event_name":"Addict","floor":25,"gold_loss":85},{"damage_healed":0,"gold_gain":0,"player_choice":"0 cards matched","damage_taken":0,"max_hp_gain":0,"max_hp_loss":0,"event_name":"Match and Keep!","floor":37,"gold_loss":0,"cards_obtained":[]},{"cards_removed":["FlurryOfBlows"],"damage_healed":0,"gold_gain":0,"player_choice":"Removed Attack","damage_taken":0,"max_hp_gain":0,"max_hp_loss":0,"event_name":"Falling","floor":44,"gold_loss":0},{"damage_healed":0,"gold_gain":0,"player_choice":"Fight","damage_taken":0,"max_hp_gain":0,"max_hp_loss":0,"event_name":"Mysterious Sphere","floor":46,"gold_loss":0}],"is_beta":false,"boss_relics":[{"not_picked":["SlaversCollar","VioletLotus"],"picked":"Sozu"},{"not_picked":["Tiny House","Runic Pyramid"],"picked":"Philosopher\u0027s Stone"}],"items_purged_floors":[13,28,39],"is_endless":false,"potions_floor_spawned":[3,7,10,14,22,31,33,36,42,45,47],"ascension_level":4}}