{"host":"no5f9c6q31porkj5","time":1613441656,"event":{"mods":["BaseMod","Marisa£¨Ùöéë¡¡Øª×âÞÞ£©","Minty Spire (QoL Compilation)","StSLib","Td1madao Mod","The Cursed","The Gatherer","The Runesmith"],"gold_per_floor":[118,131,37,54,73,73,84,84,108,121,121,121,121,131,131,230,230,246,161,177,177,204,204,106,106,106,106,126,126,145,46,46,142,142,155,155,167,167,16,16,0,0,0,0,15,15,90,90,90],"floor_reached":48,"language":"KOR","playtime":1186,"items_purged":["Purity","Body Slam"],"score":493,"play_id":"699df752-e862-4603-8cd8-bbf56f5b2504","local_time":"20210216111416","daily_mods":["Vintage","Time Dilation","Flight"],"is_ascension_mode":false,"campfire_choices":[{"data":"Defend_R","floor":6,"key":"SMITH"},{"data":"Defend_R","floor":8,"key":"SMITH"},{"floor":11,"key":"REST"},{"data":"Defend_R","floor":13,"key":"SMITH"},{"floor":15,"key":"REST"},{"data":"Demon Form","floor":23,"key":"SMITH"},{"data":"Defend_R","floor":25,"key":"SMITH"},{"data":"Strike_R","floor":29,"key":"SMITH"},{"data":"Heavy Blade","floor":32,"key":"SMITH"},{"data":"Demon Form","floor":40,"key":"SMITH"},{"data":"Strike_R","floor":42,"key":"SMITH"},{"data":"Strike_R","floor":44,"key":"SMITH"}],"circlet_count":0,"master_deck":["Strike_R+1","Strike_R+1","Strike_R+1","Strike_R+1","Strike_R+1","Defend_R+1","Defend_R+1","Defend_R+1","Defend_R+1","Demon Form+1","Flex+1","Heavy Blade+1","Demon Form+1","Demon Form+1"],"relics":["Black Blood","Art of War","PreservedInsect","Omamori","Toxic Egg 2","Tiny Chest","Oddly Smooth Stone","Unceasing Top","StrikeDummy","Smiling Mask","Busted Crown","Anchor","Centennial Puzzle","Gremlin Horn","Whetstone","Ornamental Fan","Ancient Tea Set","Blood Vial","HornCleat","Sundial","Boot","DollysMirror","Red Mask","Molten Egg 2","Kunai","Runesmith:Nanobots"],"acts_visited":["Exordium","TheCity","TheBeyond"],"potions_floor_usage":[16,16,48,48,48],"damage_taken":[{"damage":3,"enemies":"Cultist","floor":1,"turns":5},{"damage":5,"enemies":"Small Slimes","floor":2,"turns":4},{"damage":4,"enemies":"Jaw Worm","floor":4,"turns":5},{"damage":20,"enemies":"Looter","floor":5,"turns":3},{"damage":12,"enemies":"Blue Slaver","floor":7,"turns":4},{"damage":27,"enemies":"Large Slime","floor":10,"turns":11},{"damage":2,"enemies":"Red Slaver","floor":14,"turns":5},{"damage":34,"enemies":"Slime Boss","floor":16,"turns":8},{"damage":21,"enemies":"Shell Parasite","floor":18,"turns":4},{"damage":14,"enemies":"Spheric Guardian","floor":20,"turns":6},{"damage":0,"enemies":"Centurion and Healer","floor":28,"turns":4},{"damage":12,"enemies":"Shelled Parasite and Fungi","floor":30,"turns":3},{"damage":37,"enemies":"Automaton","floor":33,"turns":8},{"damage":16,"enemies":"3 Darklings","floor":35,"turns":6},{"damage":12,"enemies":"Orb Walker","floor":37,"turns":4},{"damage":20,"enemies":"Jaw Worm Horde","floor":45,"turns":4},{"damage":62,"enemies":"Orin","floor":48,"turns":10}],"seed_played":"5657974198691310475","potions_obtained":[{"floor":5,"key":"CultistPotion"},{"floor":7,"key":"DistilledChaos"},{"floor":16,"key":"ElixirPotion"},{"floor":30,"key":"AttackPotion"},{"floor":35,"key":"Fire Potion"}],"is_trial":true,"path_per_floor":["M","M","$","M","M","R","M","R","T","M","R","?","R","M","R","B",null,"M","?","M","?","T","R","$","R","T","?","M","R","M","$","R","B",null,"M","T","M","?","$","R","?","R","T","R","M","$","T","?"],"character_chosen":"IRONCLAD","items_purchased":["Purity","Flex+1","Heavy Blade","DollysMirror"],"campfire_rested":2,"item_purchase_floors":[3,24,31,39],"current_hp_per_floor":[80,80,80,80,66,66,60,60,60,39,63,56,56,60,80,52,80,65,65,57,80,80,80,80,80,80,80,80,80,74,74,74,45,80,76,76,78,78,78,78,78,78,78,78,72,72,72,12,12],"gold":90,"neow_bonus":"","is_daily":false,"chose_seed":false,"campfire_upgraded":10,"win_rate":0.0,"timestamp":1613441656,"path_taken":["M","?","$","M","M","R","M","R","T","M","R","?","R","M","R","BOSS","M","?","M","?","?","R","$","R","T","?","?","R","M","?","R","BOSS","M","?","M","?","$","R","?","R","T","R","M","?","?","?"],"items_purchased_type":["Card","Card","Card","Relic"],"build_version":"2020-12-22","purchased_purges":2,"victory":false,"max_hp_per_floor":[80,80,80,80,80,80,80,80,80,80,80,80,80,80,80,80,80,80,80,80,80,80,80,80,80,80,80,80,80,80,80,80,80,80,80,80,80,80,80,80,80,80,80,80,80,80,80,80,80],"card_choices":[{"not_picked":["Bludgeon","Barricade"],"picked":"Demon Form","floor":16},{"not_picked":[],"picked":"Demon Form","floor":33}],"player_experience":131409,"relics_obtained":[{"floor":1,"key":"Art of War"},{"floor":2,"key":"PreservedInsect"},{"floor":4,"key":"Omamori"},{"floor":5,"key":"Toxic Egg 2"},{"floor":7,"key":"Tiny Chest"},{"floor":9,"key":"Oddly Smooth Stone"},{"floor":10,"key":"Unceasing Top"},{"floor":14,"key":"Smiling Mask"},{"floor":18,"key":"Anchor"},{"floor":20,"key":"Gremlin Horn"},{"floor":22,"key":"Whetstone"},{"floor":26,"key":"Ornamental Fan"},{"floor":28,"key":"Ancient Tea Set"},{"floor":30,"key":"Blood Vial"},{"floor":35,"key":"HornCleat"},{"floor":36,"key":"Sundial"},{"floor":37,"key":"Boot"},{"floor":43,"key":"Molten Egg 2"},{"floor":45,"key":"Kunai"},{"floor":47,"key":"Runesmith:Nanobots"}],"event_choices":[{"damage_healed":0,"gold_gain":0,"player_choice":"Success","damage_taken":7,"relics_obtained":["StrikeDummy"],"max_hp_gain":0,"max_hp_loss":0,"event_name":"Scrap Ooze","floor":12,"gold_loss":0},{"damage_healed":0,"gold_gain":0,"player_choice":"Obtained Relic","damage_taken":0,"relics_obtained":["Centennial Puzzle"],"max_hp_gain":0,"max_hp_loss":0,"event_name":"Addict","floor":19,"gold_loss":85},{"damage_healed":26,"gold_gain":0,"player_choice":"Heal","damage_taken":0,"max_hp_gain":0,"max_hp_loss":0,"event_name":"The Library","floor":21,"gold_loss":0},{"damage_healed":0,"gold_gain":0,"cards_transformed":["Bash"],"player_choice":"Transformed","damage_taken":0,"max_hp_gain":0,"max_hp_loss":0,"event_name":"Transmorgrifier","floor":27,"gold_loss":0,"cards_obtained":["Body Slam"]},{"damage_healed":0,"gold_gain":0,"player_choice":"Ignored","damage_taken":0,"max_hp_gain":0,"max_hp_loss":0,"event_name":"Mysterious Sphere","floor":38,"gold_loss":0},{"damage_healed":0,"gold_gain":0,"player_choice":"Paid","damage_taken":0,"relics_obtained":["Red Mask"],"max_hp_gain":0,"max_hp_loss":0,"event_name":"Tomb of Lord Red Mask","floor":41,"gold_loss":16},{"damage_healed":0,"gold_gain":0,"player_choice":"Fight","damage_taken":0,"max_hp_gain":0,"max_hp_loss":0,"event_name":"OrinTheCat","floor":48,"gold_loss":0}],"is_beta":false,"boss_relics":[{"not_picked":["Mark of Pain","Pandora\u0027s Box"],"picked":"Busted Crown"},{"not_picked":["Calling Bell","Snecko Eye"],"picked":"Black Blood"}],"items_purged_floors":[24,31],"is_endless":true,"potions_floor_spawned":[5,7,16,30,35,45],"killed_by":"Orin","ascension_level":0}}