{"host":"178rghtqlvp3zue2","time":1613435478,"event":{"mods":["2.2 Compatiblity","AchievementEnabler","BaseMod","DeckTracker","Minty Spire (QoL Compilation)","Quick Restart","SuperFastMode","The Servant 0.9.4"],"gold_per_floor":[116,126,24,24,199,199,216,216,240,240,240,240],"floor_reached":11,"language":"KOR","playtime":555,"items_purged":["Strike_S"],"score":70,"play_id":"8bd8ce03-51d2-4841-88c0-ca99938eab1f","local_time":"20210216093118","is_ascension_mode":true,"campfire_choices":[{"data":"Foresight","floor":6,"key":"SMITH"},{"floor":8,"key":"REST"}],"circlet_count":0,"master_deck":["Strike_S","Strike_S","Strike_S","Defend_S+1","Defend_S+1","Defend_S","Defend_S","KidneyShot","Exchange","Foresight+1","Revamp","Rearm","Doubt","TimeWarp"],"relics":["Uniform","Art of War","Akabeko"],"acts_visited":["Exordium"],"potions_floor_usage":[11,11],"damage_taken":[{"damage":9,"enemies":"Jaw Worm","floor":1,"turns":6},{"damage":7,"enemies":"Small Slimes","floor":2,"turns":5},{"damage":8,"enemies":"2 Louse","floor":7,"turns":3},{"damage":62,"enemies":"Lagavulin","floor":11,"turns":16}],"seed_played":"1768537652130653117","potions_obtained":[{"floor":1,"key":"PowerPotion"},{"floor":2,"key":"Fruit Juice"}],"is_trial":false,"path_per_floor":["M","M","$","?","?","R","M","R","T","?","E"],"character_chosen":"THE_SERVANT","items_purchased":["Rearm"],"campfire_rested":1,"item_purchase_floors":[3],"current_hp_per_floor":[56,49,49,36,36,36,28,47,47,52,0,0],"gold":240,"neow_bonus":"RANDOM_COMMON_RELIC","is_daily":false,"chose_seed":false,"campfire_upgraded":1,"win_rate":0.0,"timestamp":1613435478,"path_taken":["M","M","$","?","?","R","M","R","T","?","E"],"items_purchased_type":["Card"],"build_version":"2020-12-22","purchased_purges":1,"victory":false,"max_hp_per_floor":[65,65,65,65,65,65,65,65,65,70,75,75],"card_choices":[{"not_picked":["MoonPhase","Rewind"],"picked":"Foresight","floor":1},{"not_picked":["ReturningBlade","Manipulate"],"picked":"Revamp","floor":2},{"not_picked":["Spin","Sabotage"],"picked":"TimeWarp","floor":7}],"player_experience":287840,"relics_obtained":[{"floor":9,"key":"Akabeko"}],"event_choices":[{"damage_healed":0,"gold_gain":0,"player_choice":"Entered Light","damage_taken":13,"max_hp_gain":0,"max_hp_loss":0,"event_name":"Shining Light","floor":4,"gold_loss":0,"cards_upgraded":["Defend_S","Defend_S"]},{"damage_healed":0,"gold_gain":175,"player_choice":"AGREE","damage_taken":0,"max_hp_gain":0,"max_hp_loss":0,"event_name":"Liars Game","floor":5,"gold_loss":0,"cards_obtained":["Doubt"]},{"damage_healed":0,"gold_gain":0,"player_choice":"Donut","damage_taken":0,"max_hp_gain":5,"max_hp_loss":0,"event_name":"Big Fish","floor":10,"gold_loss":0}],"is_beta":false,"boss_relics":[],"items_purged_floors":[3],"is_endless":false,"potions_floor_spawned":[1,2],"killed_by":"Lagavulin","ascension_level":3}}