{"host":"cpfinhn7bq57frv3","time":1613502675,"event":{"mods":["BaseMod","Minty Spire (QoL Compilation)","Quick Restart"],"gold_per_floor":[115,115,190,140,150,150,183,195,221,250,19,44,58,68,68,166,166,184,184,41,41,41,70,70,93,93,93,126,126,158,177,177,281,281,296,296,44,64,81,412,412,412,412,412,63,0,18,34,34,34,34,34,34,60,60,60],"floor_reached":55,"language":"KOR","playtime":2422,"items_purged":["Defend_G","Strike_G"],"score":939,"play_id":"e4a3a73e-91ef-4d51-9396-00126420b4a9","local_time":"20210217041115","is_ascension_mode":true,"campfire_choices":[{"floor":6.0,"key":"RECALL"},{"floor":15.0,"key":"REST"},{"data":"Apotheosis","floor":24.0,"key":"SMITH"},{"data":"1","floor":29.0,"key":"LIFT"},{"floor":32.0,"key":"REST"},{"data":"2","floor":41.0,"key":"LIFT"},{"data":"3","floor":49.0,"key":"LIFT"},{"data":"DeusExMachina","floor":52.0,"key":"SMITH"}],"circlet_count":0,"master_deck":["Strike_G","Strike_G","Strike_G","Defend_G","Defend_G","Defend_G","Survivor","Neutralize","Backflip","Flying Knee","Acrobatics","Footwork","Venomology","Judgement","Double Energy","Twin Strike","Apotheosis+1","Hologram","Infinite Blades","Infinite Blades","Secret Weapon","Seek","Beam Cell","Hyperbeam","CurseOfTheBell","DeusExMachina+1","Study","Aggregate+1","Blade Dance","Swift Strike","Crescendo+1","Devotion"],"relics":["Ring of the Snake","NeowsBlessing","Tiny Chest","Peace Pipe","PrismaticShard","Regal Pillow","WristBlade","PreservedInsect","Dream Catcher","Girya","Bottled Flame","Bird Faced Urn","Pear","Calling Bell","MealTicket","Darkstone Periapt","The Specimen","Prayer Wheel","Strange Spoon","Old Coin","Oddly Smooth Stone","Ninja Scroll","StoneCalendar","Red Mask","Blood Vial"],"acts_visited":["Exordium","TheCity","TheBeyond","TheEnding"],"potions_floor_usage":[55,55,55],"damage_taken":[{"damage":0.0,"enemies":"Jaw Worm","floor":1.0,"turns":1.0},{"damage":0.0,"enemies":"Small Slimes","floor":5.0,"turns":1.0},{"damage":0.0,"enemies":"Gremlin Nob","floor":7.0,"turns":1.0},{"damage":0.0,"enemies":"2 Louse","floor":8.0,"turns":2.0},{"damage":29.0,"enemies":"Lagavulin","floor":10.0,"turns":9.0},{"damage":11.0,"enemies":"3 Sentries","floor":12.0,"turns":3.0},{"damage":2.0,"enemies":"Blue Slaver","floor":13.0,"turns":4.0},{"damage":7.0,"enemies":"Large Slime","floor":14.0,"turns":7.0},{"damage":47.0,"enemies":"Hexaghost","floor":16.0,"turns":14.0},{"damage":11.0,"enemies":"Chosen","floor":18.0,"turns":5.0},{"damage":32.0,"enemies":"Slavers","floor":23.0,"turns":7.0},{"damage":1.0,"enemies":"Book of Stabbing","floor":28.0,"turns":5.0},{"damage":14.0,"enemies":"Gremlin Leader","floor":30.0,"turns":5.0},{"damage":24.0,"enemies":"Shell Parasite","floor":31.0,"turns":5.0},{"damage":46.0,"enemies":"Automaton","floor":33.0,"turns":9.0},{"damage":26.0,"enemies":"3 Darklings","floor":35.0,"turns":4.0},{"damage":11.0,"enemies":"Orb Walker","floor":38.0,"turns":3.0},{"damage":0.0,"enemies":"Transient","floor":39.0,"turns":5.0},{"damage":0.0,"enemies":"Nemesis","floor":40.0,"turns":2.0},{"damage":0.0,"enemies":"Reptomancer","floor":42.0,"turns":2.0},{"damage":3.0,"enemies":"Sphere and 2 Shapes","floor":47.0,"turns":3.0},{"damage":9.0,"enemies":"Jaw Worm Horde","floor":48.0,"turns":3.0},{"damage":57.0,"enemies":"Time Eater","floor":50.0,"turns":7.0},{"damage":6.0,"enemies":"Shield and Spear","floor":54.0,"turns":3.0},{"damage":95,"enemies":"The Heart","floor":55,"turns":6}],"seed_played":"808372669415401096","potions_obtained":[{"floor":7.0,"key":"Poison Potion"},{"floor":10.0,"key":"ColorlessPotion"},{"floor":13.0,"key":"EssenceOfSteel"},{"floor":16.0,"key":"Explosive Potion"},{"floor":23.0,"key":"DistilledChaos"},{"floor":30.0,"key":"Explosive Potion"},{"floor":31.0,"key":"SkillPotion"},{"floor":33.0,"key":"ColorlessPotion"},{"floor":35.0,"key":"Weak Potion"},{"floor":38.0,"key":"Poison Potion"}],"is_trial":false,"path_per_floor":["M","?","?","?","M","R","E","M","T","E","$","E","M","M","R","B",null,"M","?","$","?","$","E","R","T","T","T","E","R","E","M","R","B",null,"M","T","$","M","M","E","R","E","T","T","$","?","M","M","R","B",null,"R","$","E","B"],"character_chosen":"THE_SILENT","items_purchased":["PrismaticShard","Venomology","Infinite Blades","Strange Spoon","Blade Dance","StoneCalendar"],"campfire_rested":2,"item_purchase_floors":[11,11,20,37,45,45],"current_hp_per_floor":[70,75,64,64,64,64,64,64,64,35,35,24,22,15,52,5,75,64,64,64,64,64,32,32,32,32,32,31,31,33,13,53,13,85,61,61,76,67,73,73,73,73,73,73,85,85,82,76,76,27,85,85,85,79,0,0],"gold":60,"neow_bonus":"THREE_ENEMY_KILL","is_daily":false,"chose_seed":false,"campfire_upgraded":2,"win_rate":0.0,"timestamp":1613502675,"path_taken":["M","?","?","?","M","R","E","M","T","E","$","E","M","M","R","BOSS","M","?","$","?","$","E","R","?","T","?","E","R","E","?","R","BOSS","M","?","$","M","?","E","R","E","T","?","$","?","M","M","R","BOSS","R","$","E","BOSS"],"items_purchased_type":["Relic","Card","Card","Relic","Card","Relic"],"build_version":"2020-12-22","purchased_purges":2,"victory":false,"max_hp_per_floor":[70,75,75,75,75,75,75,75,75,75,75,75,75,75,75,75,75,75,75,75,75,75,75,75,75,75,75,75,75,85,85,85,85,85,85,85,85,85,85,85,85,85,85,85,85,85,85,85,85,85,85,85,85,85,85,85],"card_choices":[{"not_picked":["Deadly Poison","Quick Slash"],"picked":"Backflip","floor":1.0},{"not_picked":["Sucker Punch","Slice"],"picked":"Flying Knee","floor":5.0},{"not_picked":["Heel Hook","Slice"],"picked":"Acrobatics","floor":7.0},{"not_picked":["Flying Knee","Flechettes","Poisoned Stab"],"picked":"SKIP","floor":8.0},{"not_picked":["Noxious Fumes","Dagger Throw"],"picked":"Footwork","floor":10.0},{"not_picked":["FTL","Clothesline"],"picked":"Judgement","floor":12.0},{"not_picked":["Ball Lightning","Bane"],"picked":"Double Energy","floor":13.0},{"not_picked":["Static Discharge","ClearTheMind"],"picked":"Twin Strike","floor":14.0},{"not_picked":["Exhume","Metamorphosis"],"picked":"Apotheosis","floor":16.0},{"not_picked":["Discovery+1","SignatureMove"],"picked":"Hologram","floor":18.0},{"not_picked":["Wild Strike","JustLucky","Dash"],"picked":"SKIP","floor":23.0},{"not_picked":["CrushJoints","Recycle"],"picked":"Secret Weapon","floor":28.0},{"not_picked":["Rupture+1","EmptyBody"],"picked":"Seek","floor":30.0},{"not_picked":["Quick Slash","True Grit+1"],"picked":"Beam Cell","floor":31.0},{"not_picked":["Doppelganger","Demon Form"],"picked":"Hyperbeam","floor":33.0},{"not_picked":["Acrobatics","Stack+1","Sever Soul"],"picked":"SKIP","floor":35.0},{"not_picked":["Slice","Infinite Blades+1"],"picked":"DeusExMachina","floor":38.0},{"not_picked":["Warcry","Riddle With Holes"],"picked":"Study","floor":38.0},{"not_picked":["Swift Strike","Underhanded Strike+1","BowlingBash+1"],"picked":"SKIP","floor":39.0},{"not_picked":["CrushJoints+1","Barrage+1","Outmaneuver"],"picked":"SKIP","floor":39.0},{"not_picked":["Body Slam+1","Feed"],"picked":"Aggregate+1","floor":40.0},{"not_picked":["Crippling Poison+1","Prepared"],"picked":"Swift Strike","floor":47.0},{"not_picked":["PanicButton+1","Wallop","Adaptation+1"],"picked":"SKIP","floor":47.0},{"not_picked":["Distraction","Tactician"],"picked":"Crescendo+1","floor":48.0},{"not_picked":["Prostrate+1","Reinforced Body","Sucker Punch"],"picked":"SKIP","floor":48.0},{"not_picked":["Iron Wave","Clash"],"picked":"Devotion","floor":54.0}],"player_experience":35323,"relics_obtained":[{"floor":7.0,"key":"Tiny Chest"},{"floor":10.0,"key":"Peace Pipe"},{"floor":12.0,"key":"Regal Pillow"},{"floor":23.0,"key":"PreservedInsect"},{"floor":25.0,"key":"Dream Catcher"},{"floor":26.0,"key":"Girya"},{"floor":27.0,"key":"Bottled Flame"},{"floor":28.0,"key":"Bird Faced Urn"},{"floor":30.0,"key":"Pear"},{"floor":34.0,"key":"MealTicket"},{"floor":34.0,"key":"Darkstone Periapt"},{"floor":34.0,"key":"The Specimen"},{"floor":36.0,"key":"Prayer Wheel"},{"floor":40.0,"key":"Old Coin"},{"floor":43.0,"key":"Oddly Smooth Stone"},{"floor":44.0,"key":"Ninja Scroll"},{"floor":54.0,"key":"Blood Vial"}],"event_choices":[{"damage_healed":0.0,"max_hp_gain":5.0,"max_hp_loss":0.0,"gold_gain":0.0,"event_name":"Big Fish","player_choice":"Donut","floor":2.0,"gold_loss":0.0,"damage_taken":0.0},{"damage_healed":0.0,"max_hp_gain":0.0,"max_hp_loss":0.0,"gold_gain":75.0,"event_name":"World of Goop","player_choice":"Gather Gold","floor":3.0,"gold_loss":0.0,"damage_taken":11.0},{"cards_removed":["Defend_G"],"damage_healed":0.0,"max_hp_gain":0.0,"max_hp_loss":0.0,"gold_gain":0.0,"event_name":"The Cleric","player_choice":"Card Removal","floor":4.0,"gold_loss":50.0,"damage_taken":0.0},{"damage_healed":0.0,"max_hp_gain":0.0,"max_hp_loss":0.0,"gold_gain":0.0,"event_name":"The Library","player_choice":"Read","floor":19.0,"gold_loss":0.0,"damage_taken":0.0,"cards_obtained":["Infinite Blades"]},{"cards_removed":["Strike_G"],"damage_healed":0.0,"max_hp_gain":0.0,"max_hp_loss":0.0,"gold_gain":0.0,"event_name":"Back to Basics","player_choice":"Elegance","floor":21.0,"gold_loss":0.0,"damage_taken":0.0},{"damage_healed":0.0,"max_hp_gain":0.0,"max_hp_loss":0.0,"gold_gain":0.0,"event_name":"Tomb of Lord Red Mask","player_choice":"Paid","floor":46.0,"gold_loss":63.0,"damage_taken":0.0,"relics_obtained":["Red Mask"]}],"is_beta":false,"boss_relics":[{"not_picked":["Busted Crown","Philosopher\u0027s Stone"],"picked":"WristBlade"},{"not_picked":["Snecko Eye","Tiny House"],"picked":"Calling Bell"}],"items_purged_floors":[20,37],"is_endless":false,"potions_floor_spawned":[7,10,13,16,23,30,31,33,35,38],"killed_by":"The Heart","ascension_level":1}}