{"host":"v0xbo920qxoewo3e","time":1613474154,"event":{"mods":["Act Like it!","Aspiration","Astrologer","BaseMod","Conspire","Downfall","Friendly Minions","GifTheSpireLib","Halation","Hermit","Hubris","Infinite Spire","Jedi Mod","Jorbs\u0027s Wanderer Trilogy","Koishi","Marisa????????","Minty Spire (QoL Compilation)","Potionbrewer","Rare Cards Sparkle","Reimu??????","Remilia??????","Replay The Spire","StSLib","Stuff the Spire","The Animator","The Blackbeard","The Bladedancer","The Bug Knight","The Construct","The Cursed","The Disciple","The Gatherer","The Jungle","The Problem Sleuth","The Runesmith","The Servant 0.9.4","TheBandit","Unceasing Turn Reminder"],"gold_per_floor":[99,112,128,139,139,139,139,173,173,273,336,336,354,62,76,180,180,180,200,220,270,420,420,446,479,479,490,490,556,92,111,129,228,228,228,242,252,312,411,280,306,65,77,77,77,103,103,116,126,126],"floor_reached":51,"language":"ENG","playtime":4308,"items_purged":["Slimebound:Defend_Slimebound","Slimebound:CorrosiveSpit","Slimebound:Tackle"],"score":824,"play_id":"1b7ca432-2d48-451b-a803-a85a640ae469","local_time":"20210216131554","is_ascension_mode":true,"campfire_choices":[{"data":"Slimebound:Split","floor":1,"key":"SMITH"},{"data":"Slimebound:LeadByExample","floor":9,"key":"SMITH"},{"data":"Slimebound:DuplicatedForm","floor":12,"key":"SMITH"},{"data":"Slimebound:GoopSpray","floor":18,"key":"SMITH"},{"data":"Slimebound:Defend_Slimebound","floor":23,"key":"SMITH"},{"data":"Slimebound:Defend_Slimebound","floor":26,"key":"SMITH"},{"data":"Slimebound:Defend_Slimebound","floor":28,"key":"SMITH"},{"data":"Slimebound:Teamwork","floor":35,"key":"SMITH"},{"data":"Slimebound:SlimeBarrage","floor":45,"key":"SMITH"},{"data":"Slimebound:SlimeBarrage","floor":47,"key":"SMITH"}],"circlet_count":0,"master_deck":["Slimebound:Strike_Slimebound","Slimebound:Strike_Slimebound","Slimebound:Defend_Slimebound+1","Slimebound:Defend_Slimebound+1","Slimebound:Defend_Slimebound+1","Slimebound:Split+1","Slimebound:LeadByExample+1","Slimebound:Schlurp","Slimebound:LivingWall+1","Slimebound:DuplicatedForm+1","Slimebound:SplitLeeching","Slimebound:AcidTongue","Slimebound:GoopSpray+1","Slimebound:Recycling","Slimebound:RallyTheTroops","Slimebound:HauntingLick+1","Slimebound:MassFeed","Slimebound:SlimeBarrage+1","Slimebound:SlimeBarrage+1","Slimebound:ForwardTackle","Slimebound:Teamwork+1","Slimebound:MegaLick+1","Slimebound:SplitSpecialist","Slimebound:Dissolve","Slimebound:HauntingLick+1","jedi:forcepush","Slimebound:Replication","Slimebound:LeadByExample+1"],"relics":["Slimebound:AbsorbEndCombat","StuffTheSpire:CocoNut","Bronze Scales","downfall:CloakOfManyFaces","CultistMask","FaceOfCleric","NlothsMask","GremlinMask","SsserpentHead","conspire:DeflatedDodgeball","Runic Dome","StuffTheSpire:Experiment12","Oddly Smooth Stone","Replay:Grab Bag","infinitespire:Cupcake","hubris:TerracottaHorce","conspire:SpecialSausage","CatCart","potionbrewer:WarMedal","hubris:TenFootPole","halation:Komachan","Replay:Baseball","TheAbacus","Pen Nib"],"acts_visited":["Exordium","TheCity","TheBeyond"],"potions_floor_usage":[36,50,50],"damage_taken":[{"damage":4,"enemies":"Cultist","floor":2,"turns":4},{"damage":6,"enemies":"2 Louse","floor":3,"turns":5},{"damage":2,"enemies":"Jaw Worm","floor":4,"turns":5},{"damage":5,"enemies":"HollowMod:MossKnight","floor":8,"turns":9},{"damage":21,"enemies":"downfall:FaceTrader","floor":10,"turns":7},{"damage":5,"enemies":"2 Fungi Beasts","floor":11,"turns":5},{"damage":9,"enemies":"3 Louse","floor":13,"turns":4},{"damage":3,"enemies":"downfall:FleeingMerchant","floor":14,"turns":4},{"damage":0,"enemies":"Exordium Wildlife","floor":15,"turns":3},{"damage":23,"enemies":"DF_ARCHETYPE_STREAMLINE","floor":16,"turns":7},{"damage":26,"enemies":"Spheric Guardian","floor":19,"turns":4},{"damage":31,"enemies":"3 Byrds","floor":20,"turns":2},{"damage":26,"enemies":"Slavers","floor":25,"turns":4},{"damage":27,"enemies":"Shelled Parasite and Fungi","floor":27,"turns":4},{"damage":3,"enemies":"conspire:HollyBat","floor":29,"turns":6},{"damage":13,"enemies":"downfall:FleeingMerchant","floor":30,"turns":4},{"damage":0,"enemies":"Chosen and Byrds","floor":31,"turns":3},{"damage":15,"enemies":"Snecko","floor":32,"turns":4},{"damage":14,"enemies":"IC_MUSHROOM_ARCHETYPE","floor":33,"turns":6},{"damage":0,"enemies":"3 Shapes","floor":36,"turns":3},{"damage":16,"enemies":"3 Darklings","floor":37,"turns":4},{"damage":1,"enemies":"Transient","floor":38,"turns":5},{"damage":59,"enemies":"Orin","floor":39,"turns":6},{"damage":11,"enemies":"downfall:FleeingMerchant","floor":40,"turns":4},{"damage":11,"enemies":"Spire Growth","floor":43,"turns":4},{"damage":12,"enemies":"Nemesis","floor":46,"turns":5},{"damage":21,"enemies":"4 Shapes","floor":48,"turns":7},{"damage":9,"enemies":"Maw","floor":49,"turns":5},{"damage":44,"enemies":"WA_ARCHETYPE_DIVINITY","floor":50,"turns":5}],"seed_played":"176035045247257723","potions_obtained":[{"floor":10,"key":"Dexterity Potion"},{"floor":11,"key":"sneckomod:MuddlingPotion"},{"floor":13,"key":"ZuzhouPotion:ReiMu"},{"floor":36,"key":"GrandPatriotsElixir:ReiMu"}],"is_trial":false,"path_per_floor":["R","M","M","M","?","?","T","E","R","?","M","R","M","$","M","B",null,"R","M","M","?","?","R","T","E","R","M","R","M","$","M","M","B",null,"R","M","M","M","?","$","T","$","M","AVR","R","E","R","M","M","B",null],"character_chosen":"SLIMEBOUND","items_purchased":["conspire:DeflatedDodgeball","Oddly Smooth Stone","Slimebound:MassFeed","Slimebound:SlimeBarrage","jedi:forcepush","potionbrewer:WarMedal","halation:Komachan","Replay:Baseball"],"campfire_rested":0,"item_purchase_floors":[14,30,30,30,40,40,42,42],"current_hp_per_floor":[71,71,71,71,71,71,78,73,73,73,71,71,67,73,76,58,83,83,75,64,64,64,64,64,45,45,42,42,48,55,63,68,78,91,91,102,103,104,62,76,76,76,83,83,83,96,96,105,123,95],"gold":126,"neow_bonus":"TEN_PERCENT_HP_BONUS","is_daily":false,"chose_seed":false,"campfire_upgraded":10,"win_rate":0.0,"timestamp":1613474154,"path_taken":["R","M","M","M","?","?","T","E","R","?","?","R","M","?","M","BOSS","R","M","M","?","?","R","T","E","R","M","R","?","$","M","M","BOSS","R","M","M","?","?","$","T","?","M","AVR","R","E","R","M","M","BOSS"],"items_purchased_type":["Relic","Relic","Card","Card","Card","Relic","Relic","Relic"],"build_version":"2020-12-22","purchased_purges":3,"victory":true,"max_hp_per_floor":[71,71,71,71,71,71,78,78,78,78,79,79,80,81,82,83,83,83,84,85,85,85,85,85,86,86,87,87,88,89,93,94,95,95,95,102,103,104,105,109,109,109,110,110,110,114,114,121,125,126],"card_choices":[{"not_picked":["Slimebound:PressTheAttack","Slimebound:AcidTongue"],"picked":"Slimebound:LeadByExample","floor":2},{"not_picked":["Slimebound:FinishingTackle","Slimebound:SlimeTap","Slimebound:HauntingLick"],"picked":"SKIP","floor":3},{"not_picked":["Slimebound:RejuvenatingLick","Slimebound:FormOfPuddle"],"picked":"Slimebound:Schlurp","floor":4},{"not_picked":["Slimebound:ComboTackle","Slimebound:SlimeSpikes"],"picked":"Slimebound:DuplicatedForm","floor":8},{"not_picked":["Slimebound:LeechingTouch","Slimebound:Prepare"],"picked":"Slimebound:SplitLeeching","floor":10},{"not_picked":["Slimebound:ItLooksTasty","Slimebound:SplitMire"],"picked":"Slimebound:AcidTongue","floor":11},{"not_picked":["Slimebound:Prepare","Slimebound:SplitLeeching"],"picked":"Slimebound:GoopSpray","floor":13},{"not_picked":["Slimebound:Prepare","Slimebound:HauntingLick","Slimebound:HungryTackle"],"picked":"SKIP","floor":14},{"not_picked":["Slimebound:FlameTackle","Slimebound:SplitLeeching"],"picked":"Slimebound:Recycling","floor":15},{"not_picked":["Slimebound:MassFeed","Slimebound:CheckThePlaybook"],"picked":"Slimebound:RallyTheTroops","floor":16},{"not_picked":["Slimebound:ViciousTackle","Slimebound:HauntingLick","Slimebound:Grow"],"picked":"SKIP","floor":19},{"not_picked":["Slimebound:FinishingTackle","Slimebound:SplitLeeching","Slimebound:LeechingTouch"],"picked":"SKIP","floor":20},{"not_picked":["Slimebound:FlameTackle","Slimebound:SplitLeeching","Slimebound:ItLooksTasty+1"],"picked":"SKIP","floor":25},{"not_picked":["Slimebound:ProtectTheBoss","Slimebound:SplitBruiser","Slimebound:Prepare"],"picked":"SKIP","floor":27},{"not_picked":["Slimebound:LeechingTouch","Slimebound:RollThrough+1","Slimebound:SplitMire"],"picked":"SKIP","floor":29},{"not_picked":["Slimebound:SlimeSpikes","Slimebound:SplitLeeching"],"picked":"Slimebound:HauntingLick+1","floor":30},{"not_picked":["Slimebound:Prepare+1","Slimebound:SamplingLick"],"picked":"Slimebound:ForwardTackle","floor":31},{"not_picked":["Slimebound:LeechEnergy","Slimebound:SplitBruiser","Slimebound:SplitMire"],"picked":"SKIP","floor":32},{"not_picked":["Slimebound:CheckThePlaybook","Slimebound:SlimeSlap"],"picked":"Slimebound:Teamwork","floor":33},{"not_picked":["Slimebound:SlimeBarrage","Slimebound:SlimeSpikes"],"picked":"Slimebound:MegaLick+1","floor":36},{"not_picked":["Slimebound:PressTheAttack+1","Slimebound:GoopSpray+1"],"picked":"Slimebound:SplitSpecialist","floor":37},{"not_picked":["Slimebound:FormOfPuddle","Slimebound:SplitBruiser+1","Slimebound:LeechEnergy+1"],"picked":"SKIP","floor":38},{"not_picked":["Slimebound:Recollect","Slimebound:RollThrough"],"picked":"Slimebound:Dissolve","floor":39},{"not_picked":["Slimebound:LeechLife","Slimebound:ViciousTackle+1"],"picked":"Slimebound:HauntingLick+1","floor":40},{"not_picked":["Slimebound:SlimeSpikes","Slimebound:SplitMire"],"picked":"Slimebound:Replication","floor":43},{"not_picked":["Slimebound:SamplingLick+1","Slimebound:FirmFortitude"],"picked":"Slimebound:LeadByExample+1","floor":46},{"not_picked":["Slimebound:Prepare","Slimebound:SlimeBarrage","Slimebound:LeechEnergy"],"picked":"SKIP","floor":48},{"not_picked":["Slimebound:BestDefense+1","Slimebound:Schlurp","Slimebound:FlameTackle"],"picked":"SKIP","floor":49}],"player_experience":1507022,"relics_obtained":[{"floor":7,"key":"StuffTheSpire:CocoNut"},{"floor":8,"key":"Bronze Scales"},{"floor":10,"key":"downfall:CloakOfManyFaces"},{"floor":25,"key":"StuffTheSpire:Experiment12"},{"floor":39,"key":"CatCart"},{"floor":41,"key":"hubris:TenFootPole"},{"floor":46,"key":"Pen Nib"}],"event_choices":[{"damage_healed":0,"gold_gain":0,"player_choice":"Fight","damage_taken":0,"max_hp_gain":0,"max_hp_loss":0,"event_name":"OrinTheCat","floor":39,"gold_loss":0}],"is_beta":false,"boss_relics":[{"not_picked":["aspiration:PoetsPen_weak","hubris:ScarierMask"],"picked":"Runic Dome"},{"not_picked":["hubris:BlackHole","Snecko Eye"],"picked":"Replay:Grab Bag"},{"not_picked":["conspire:SlowCooker","halation:CatFaceCupcake"],"picked":"infinitespire:Cupcake"},{"not_picked":["Replay:Wanted Poster","conspire:SeveredTorchhead"],"picked":"hubris:TerracottaHorce"},{"not_picked":["aspiration:ServantSkillbook","halation:Prosthetics"],"picked":"conspire:SpecialSausage"}],"items_purged_floors":[14,30,40],"is_endless":false,"potions_floor_spawned":[10,11,13,15,16,20,29,32,36,37,38],"ascension_level":3}}