{"host":"r0ye8pdzuq6zwfvs","time":1613455167,"event":{"mods":["AchievementEnabler","Act Like it!","Arknights","BaseMod","BetterRewards","CapriCore","Card Forge","Colored Map","Colored Powertips","Custom Start","DeckTracker","Luminous","Minty Spire (QoL Compilation)","Permanent Neow","Prisma Mod","Quick Restart","Relic Stats","Shop Mod","StSLib","SuperFastMode","Swap Starting Deck Mod","The Alterego","The Immortal","Uncapped","Weighted Paths"],"gold_per_floor":[109,129,146,161,172,206,206,224,251,96,108,140,140,157,157,261,261,272,6,6,6,26,55,69,84,110,129,129,157,157,189,189,291,291,305,356,406,424,442,442,455,487,514,514,527,398,430,456,456,456,456,456,334,360,360],"floor_reached":56,"language":"ENG","playtime":957,"items_purged":[],"score":1681,"play_id":"f52be1ce-a966-4341-9890-ab6e3467306e","local_time":"20210215225927","is_ascension_mode":false,"campfire_choices":[{"floor":7,"key":"RECALL"},{"floor":13,"key":"REST"},{"floor":15,"key":"REST"},{"floor":28,"key":"REST"},{"floor":32,"key":"REST"},{"floor":40,"key":"REST"},{"floor":49,"key":"REST"},{"floor":52,"key":"REST"}],"circlet_count":0,"master_deck":["Barricade+1","Body Slam+1","Entrench+1","Impervious+1","Shrug It Off+1","Seeing Red+1","Body Slam+1","Impervious+1","Shrug It Off+1","Seeing Red+1","Entrench+1"],"relics":["Black Blood","Hammer of Thor","Seething Fire","Anvil of the Gods","Lantern","Potion Belt","Toxic Egg 2","Fusion Hammer","Membership Card","White Beast Statue","Omamori","Centennial Puzzle","Ancient Tea Set","Bag of Preparation","Peace Pipe","StoneCalendar","Shuriken","Vajra","Letter Opener","Juzu Bracelet","Strawberry","Pear","Pen Nib"],"acts_visited":["Exordium","TheCity","TheBeyond","TheEnding"],"potions_floor_usage":[23],"damage_taken":[{"damage":0,"enemies":"Small Slimes","floor":1,"turns":2},{"damage":0,"enemies":"Jaw Worm","floor":2,"turns":1},{"damage":0,"enemies":"2 Louse","floor":3,"turns":1},{"damage":0,"enemies":"Looter","floor":4,"turns":2},{"damage":0,"enemies":"3 Louse","floor":5,"turns":2},{"damage":0,"enemies":"Gremlin Nob","floor":6,"turns":2},{"damage":0,"enemies":"Large Slime","floor":8,"turns":3},{"damage":0,"enemies":"Looter","floor":11,"turns":1},{"damage":18,"enemies":"Lagavulin","floor":12,"turns":3},{"damage":0,"enemies":"Exordium Thugs","floor":14,"turns":3},{"damage":0,"enemies":"The Guardian","floor":16,"turns":2},{"damage":0,"enemies":"3 Byrds","floor":18,"turns":3},{"damage":0,"enemies":"Shell Parasite","floor":22,"turns":1},{"damage":8,"enemies":"Slavers","floor":23,"turns":3},{"damage":0,"enemies":"Snecko","floor":24,"turns":2},{"damage":0,"enemies":"3 Cultists","floor":25,"turns":3},{"damage":0,"enemies":"Chosen and Byrds","floor":27,"turns":3},{"damage":0,"enemies":"Gremlin Leader","floor":29,"turns":2},{"damage":0,"enemies":"Book of Stabbing","floor":31,"turns":2},{"damage":0,"enemies":"Collector","floor":33,"turns":4},{"damage":0,"enemies":"Orb Walker","floor":35,"turns":2},{"damage":0,"enemies":"2 Orb Walkers","floor":36,"turns":3},{"damage":0,"enemies":"Mind Bloom Boss Battle","floor":37,"turns":2},{"damage":0,"enemies":"3 Darklings","floor":38,"turns":2},{"damage":0,"enemies":"4 Shapes","floor":39,"turns":6},{"damage":0,"enemies":"Writhing Mass","floor":41,"turns":1},{"damage":0,"enemies":"Nemesis","floor":42,"turns":1},{"damage":0,"enemies":"Maw","floor":45,"turns":2},{"damage":0,"enemies":"Reptomancer","floor":47,"turns":1},{"damage":0,"enemies":"Awakened One","floor":50,"turns":3},{"damage":0,"enemies":"Shield and Spear","floor":54,"turns":2},{"damage":0,"enemies":"The Heart","floor":55,"turns":6}],"seed_played":"-5345217869318685491","potions_obtained":[{"floor":1,"key":"Strength Potion"},{"floor":4,"key":"AttackPotion"},{"floor":6,"key":"Energy Potion"},{"floor":14,"key":"Block Potion"},{"floor":16,"key":"Fire Potion"},{"floor":22,"key":"Explosive Potion"},{"floor":23,"key":"Dexterity Potion"},{"floor":31,"key":"BloodPotion"},{"floor":35,"key":"Regen Potion"},{"floor":41,"key":"BlessingOfTheForge"}],"is_trial":false,"path_per_floor":["M","M","M","M","M","E","R","M","T","$","M","E","R","M","R","B",null,"M","$","?","?","M","E","M","M","T","M","R","E","?","E","R","B",null,"M","?","?","M","M","R","M","E","T","?","M","$","E","T","R","B",null,"R","$","E","B",null],"character_chosen":"IRONCLAD","items_purchased":["Potion Belt","Membership Card","White Beast Statue","Letter Opener","Pear"],"campfire_rested":7,"item_purchase_floors":[10,19,19,46,53],"current_hp_per_floor":[88,88,88,88,88,88,88,88,88,88,88,76,88,88,88,88,88,88,88,88,88,88,86,88,88,88,88,88,88,71,77,93,93,93,93,93,93,93,93,93,93,93,93,93,93,93,93,100,100,100,100,100,110,110,110],"gold":360,"neow_bonus":"TEN_PERCENT_HP_BONUS","is_daily":false,"chose_seed":false,"campfire_upgraded":0,"win_rate":0.0,"timestamp":1613455167,"path_taken":["M","M","M","M","M","E","R","M","T","$","M","E","R","M","R","BOSS","M","$","?","?","?","E","M","M","T","M","R","E","?","E","R","BOSS","M","?","?","M","M","R","M","E","T","?","M","$","E","?","R","BOSS","R","$","E","BOSS"],"items_purchased_type":["Relic","Relic","Relic","Relic","Relic"],"build_version":"2020-12-22","purchased_purges":0,"victory":true,"max_hp_per_floor":[88,88,88,88,88,88,88,88,88,88,88,88,88,88,88,88,88,88,88,88,88,88,88,88,88,88,88,88,88,93,93,93,93,93,93,93,93,93,93,93,93,93,93,93,93,93,93,100,100,100,100,100,110,110,110],"relic_stats":{"Peace Pipe":0,"Centennial Puzzle":[0],"counters":[32,76],"Shuriken":[0],"Black Blood":20,"StoneCalendar":[0],"Pen Nib":[0],"Bag of Preparation":[26],"Juzu Bracelet":0,"Letter Opener":[80],"obtain_stats":[{"Potion Belt":10,"Lantern":6,"Pear":53,"Black Blood":34,"Vajra":43,"StoneCalendar":37,"Hammer of Thor":0,"Pen Nib":54,"Omamori":23,"Bag of Preparation":31,"Juzu Bracelet":47,"Seething Fire":0,"Letter Opener":46,"Ancient Tea Set":29,"Burning Blood":0,"White Beast Statue":19,"Peace Pipe":36,"Centennial Puzzle":26,"Anvil of the Gods":0,"Shuriken":42,"Strawberry":48,"Fusion Hammer":17,"Membership Card":19,"Toxic Egg 2":12},{"Potion Belt":7,"Lantern":6,"Pear":30,"Black Blood":20,"Vajra":27,"StoneCalendar":23,"Hammer of Thor":0,"Pen Nib":31,"Omamori":14,"Bag of Preparation":19,"Juzu Bracelet":29,"Seething Fire":0,"Letter Opener":28,"Ancient Tea Set":18,"Burning Blood":0,"White Beast Statue":12,"Peace Pipe":22,"Centennial Puzzle":16,"Anvil of the Gods":0,"Shuriken":27,"Strawberry":29,"Fusion Hammer":11,"Membership Card":12,"Toxic Egg 2":9},{"Potion Belt":13,"Lantern":10,"Pear":68,"Black Blood":45,"Vajra":62,"StoneCalendar":52,"Hammer of Thor":0,"Pen Nib":70,"Omamori":29,"Bag of Preparation":41,"Juzu Bracelet":65,"Seething Fire":0,"Letter Opener":64,"Ancient Tea Set":39,"Burning Blood":0,"White Beast Statue":25,"Peace Pipe":50,"Centennial Puzzle":34,"Anvil of the Gods":0,"Shuriken":62,"Strawberry":65,"Fusion Hammer":22,"Membership Card":25,"Toxic Egg 2":17}]},"card_choices":[{"not_picked":["Searing Blow","Dropkick","Flame Barrier"],"picked":"SKIP","floor":1},{"not_picked":["Shockwave","Uppercut","Heavy Blade"],"picked":"SKIP","floor":2},{"not_picked":["Carnage","True Grit","Shrug It Off"],"picked":"SKIP","floor":3},{"not_picked":["Perfected Strike","Dark Embrace","Cleave"],"picked":"SKIP","floor":4},{"not_picked":["Pommel Strike","Heavy Blade","Body Slam"],"picked":"SKIP","floor":5},{"not_picked":["Rampage","Wild Strike","Sentinel"],"picked":"SKIP","floor":6},{"not_picked":["Thunderclap","Uppercut","Havoc"],"picked":"SKIP","floor":8},{"not_picked":["Feel No Pain","Thunderclap","Perfected Strike"],"picked":"SKIP","floor":11},{"not_picked":["Anger","Fire Breathing","Cleave"],"picked":"SKIP","floor":12},{"not_picked":["Inflame","Heavy Blade","Whirlwind"],"picked":"SKIP","floor":14},{"not_picked":["Inflame","Heavy Blade","Whirlwind"],"picked":"SKIP","floor":14},{"not_picked":["Entrench+1","Iron Wave+1","Heavy Blade"],"picked":"SKIP","floor":18},{"not_picked":["Pommel Strike","Warcry+1","Sword Boomerang"],"picked":"SKIP","floor":22},{"not_picked":["Perfected Strike","Body Slam+1","Immolate"],"picked":"SKIP","floor":23},{"not_picked":["Warcry+1","Shockwave+1","Flex+1"],"picked":"SKIP","floor":24},{"not_picked":["Reckless Charge","Cleave","Thunderclap"],"picked":"SKIP","floor":25},{"not_picked":["Dual Wield+1","Fire Breathing+1","Disarm+1"],"picked":"SKIP","floor":27},{"not_picked":["Evolve","Warcry+1","Twin Strike"],"picked":"SKIP","floor":29},{"not_picked":["Seeing Red+1","Perfected Strike","Thunderclap"],"picked":"SKIP","floor":31},{"not_picked":["Whirlwind+1","Sword Boomerang+1","Thunderclap+1"],"picked":"SKIP","floor":35},{"not_picked":["Clash+1","Burning Pact+1","Spot Weakness+1"],"picked":"SKIP","floor":38},{"not_picked":["Flex+1","Whirlwind","Pummel"],"picked":"SKIP","floor":39},{"not_picked":["Disarm+1","Body Slam+1","Flex+1"],"picked":"SKIP","floor":41},{"not_picked":["Clash","Corruption","Havoc+1"],"picked":"SKIP","floor":42},{"not_picked":["Seeing Red+1","Power Through+1","Clothesline"],"picked":"SKIP","floor":45},{"not_picked":["Warcry+1","Battle Trance+1","Flex+1"],"picked":"SKIP","floor":47},{"not_picked":["Shrug It Off+1","Cleave","Battle Trance+1"],"picked":"SKIP","floor":54}],"player_experience":233043,"relics_obtained":[{"floor":6,"key":"Lantern"},{"floor":12,"key":"Toxic Egg 2"},{"floor":23,"key":"Omamori"},{"floor":26,"key":"Centennial Puzzle"},{"floor":29,"key":"Ancient Tea Set"},{"floor":31,"key":"Bag of Preparation"},{"floor":36,"key":"Peace Pipe"},{"floor":37,"key":"StoneCalendar"},{"floor":42,"key":"Shuriken"},{"floor":43,"key":"Vajra"},{"floor":47,"key":"Juzu Bracelet"},{"floor":48,"key":"Strawberry"},{"floor":54,"key":"Pen Nib"}],"event_choices":[{"damage_healed":0,"gold_gain":0,"player_choice":"Ignored","damage_taken":0,"max_hp_gain":0,"max_hp_loss":0,"event_name":"Ghosts","floor":20,"gold_loss":0},{"damage_healed":0,"gold_gain":0,"player_choice":"Ignored","damage_taken":0,"max_hp_gain":0,"max_hp_loss":0,"event_name":"Vampires","floor":21,"gold_loss":0},{"damage_healed":0,"gold_gain":0,"player_choice":"Shed Blood","damage_taken":22,"max_hp_gain":5,"max_hp_loss":0,"event_name":"Forgotten Altar","floor":30,"gold_loss":0},{"damage_healed":0,"gold_gain":0,"player_choice":"Fight","damage_taken":0,"max_hp_gain":0,"max_hp_loss":0,"event_name":"Mysterious Sphere","floor":36,"gold_loss":0},{"damage_healed":0,"gold_gain":0,"player_choice":"Fight","damage_taken":0,"max_hp_gain":0,"max_hp_loss":0,"event_name":"MindBloom","floor":37,"gold_loss":0},{"damage_healed":0,"gold_gain":0,"player_choice":"Memory 1","damage_taken":0,"max_hp_gain":0,"max_hp_loss":0,"event_name":"SensoryStone","floor":44,"gold_loss":0}],"is_beta":false,"boss_relics":[{"not_picked":["Runic Cube","Sozu"],"picked":"Fusion Hammer"},{"not_picked":["Pandora\u0027s Box","Mark of Pain"],"picked":"Black Blood"}],"items_purged_floors":[],"is_endless":false,"potions_floor_spawned":[1,2,4,6,14,16,22,23,24,25,27,29,31,33,35,36,37,38,39,41,42,45,47,54],"ascension_level":0}}