{"host":"3498uni0c31c9bdm","time":1613468276,"event":{"mods":["BaseMod","Better Match","Better Note","Better Sensory Stone","Better Skull","Better Third Choice","Colored Map","Minty Spire (QoL Compilation)","Quick Restart","RNG Fix","Random Character Button","Replay The Spire","Shop Mod","Smile Girya","StSLib","Unceasing Turn Reminder"],"gold_per_floor":[109,122,134,134,134,166,178,178,205,219,219,237,247,258,258,335,335,350,369,369,419,34,61,61,72,121,147,193,193,193,213,213,293,293,326,23,108,108,108,137,57,84,84,84,119,119,119,142,184,206,206,212,212],"floor_reached":52,"language":"ENG","playtime":3949,"items_purged":[],"score":1177,"play_id":"9ec9e356-a70f-4add-9cb5-5d6fd4f50030","local_time":"20210216203756","is_ascension_mode":true,"campfire_choices":[{"data":"Zap","floor":8,"key":"SMITH"},{"floor":11,"key":"REST"},{"floor":15,"key":"REST"},{"floor":24,"key":"RECALL"},{"floor":30,"key":"REST"},{"floor":44,"key":"REST"},{"floor":51,"key":"REST"}],"circlet_count":0,"master_deck":["AscendersBane","Strike_B+1","Strike_B","Strike_B","Strike_B","Defend_B","Defend_B","Defend_B","Defend_B","Zap+1","Dualcast","Barrage","Streamline","Sweeping Beam","Tempest","BootSequence","Turbo","Echo Form","Conserve Battery","Reboot","Go for the Eyes+1","Redo","Coolheaded","Electrodynamics","Multi-Cast","Writhe","Sickly","Sweeping Beam","Capacitor+1","Stack+1","FTL+1","Panic Button","Steam"],"relics":["Cracked Core","NeowsBlessing","FaceOfCleric","Bird Faced Urn","Vajra","Busted Crown","Iron Hammer","Gremlin Food","Art of War","Replay:Bandana","Red Mask","Snecko Eye","Bag of Marbles","ReplayTheSpireMod:TigerMarble","Smiling Mask","Ring of Shattering","ReplayTheSpireMod:Ring of Addiction","SacredBark","Toy Ornithopter","Replay:Rubber Ducky"],"acts_visited":["Exordium","TheCity","TheBeyond"],"potions_floor_usage":[6,16,16,28,28,33,33,40,45,49,52],"damage_taken":[{"damage":0,"enemies":"2 Louse","floor":1,"turns":1},{"damage":0,"enemies":"Jaw Worm","floor":2,"turns":1},{"damage":0,"enemies":"Cultist","floor":3,"turns":1},{"damage":35,"enemies":"3 Sentries","floor":6,"turns":8},{"damage":7,"enemies":"3 Louse","floor":7,"turns":3},{"damage":0,"enemies":"Blue Slaver","floor":10,"turns":2},{"damage":1,"enemies":"Looter","floor":12,"turns":2},{"damage":0,"enemies":"3 Louse","floor":13,"turns":3},{"damage":6,"enemies":"Blue Slaver","floor":14,"turns":3},{"damage":34,"enemies":"Fading Forest","floor":16,"turns":11},{"damage":17,"enemies":"2 Thieves","floor":18,"turns":4},{"damage":2,"enemies":"Chosen","floor":19,"turns":4},{"damage":19,"enemies":"Replay:Snechameleon","floor":23,"turns":5},{"damage":23,"enemies":"Centurion and Healer","floor":25,"turns":6},{"damage":11,"enemies":"Snake Plant","floor":27,"turns":4},{"damage":10,"enemies":"Masked Bandits","floor":28,"turns":3},{"damage":14,"enemies":"Snecko","floor":31,"turns":4},{"damage":38,"enemies":"Pondfish","floor":33,"turns":9},{"damage":10,"enemies":"3 Darklings","floor":35,"turns":3},{"damage":13,"enemies":"3 Shapes","floor":40,"turns":3},{"damage":7,"enemies":"Sphere and 2 Shapes","floor":42,"turns":5},{"damage":16,"enemies":"Transient","floor":45,"turns":5},{"damage":24,"enemies":"3 Darklings","floor":48,"turns":5},{"damage":62,"enemies":"Reptomancer","floor":49,"turns":7},{"damage":0,"enemies":"4 Shapes","floor":50,"turns":4},{"damage":51,"enemies":"Replay:Hell Engine","floor":52,"turns":10}],"seed_played":"-2855201266368159586","potions_obtained":[{"floor":1,"key":"FocusPotion"},{"floor":2,"key":"FocusPotion"},{"floor":7,"key":"Reflective Coating"},{"floor":14,"key":"ColorlessPotion"},{"floor":25,"key":"Milkshake"},{"floor":27,"key":"FocusPotion"},{"floor":28,"key":"PowerPotion"},{"floor":32,"key":"GamblersBrew"},{"floor":39,"key":"Fire Potion"},{"floor":39,"key":"SneckoOil"},{"floor":40,"key":"SkillPotion"},{"floor":49,"key":"Block Potion"}],"is_trial":false,"path_per_floor":["M","M","M","$","?","E","M","R","T","M","R","M","M","M","R","B",null,"M","M","?","?","$","E","R","M","T","M","?","$","R","M","R_BF","B",null,"M","$","?","?","?","M","$","M","T","R","M","PTL","PTL","M","E","M","R","B"],"character_chosen":"DEFECT","items_purchased":["Iron Hammer","Gremlin Food","Bag of Marbles","ReplayTheSpireMod:TigerMarble","Capacitor"],"campfire_rested":5,"item_purchase_floors":[22,22,36,36,41],"current_hp_per_floor":[64,64,64,64,64,30,24,24,24,25,47,47,48,43,66,55,72,56,57,80,80,80,64,64,44,44,36,27,27,52,43,43,12,68,65,65,36,53,53,46,46,46,46,72,68,68,68,53,7,12,38,0,0],"gold":212,"neow_bonus":"THREE_ENEMY_KILL","is_daily":false,"chose_seed":false,"campfire_upgraded":1,"win_rate":0.0,"timestamp":1613468276,"path_taken":["M","M","M","$","?","E","M","R","T","M","R","?","M","?","R","BOSS","M","M","?","?","$","E","R","M","T","?","?","$","R","M","R_BF","BOSS","M","$","?","?","?","M","$","M","T","R","M","PTL","PTL","M","E","?","R","BOSS"],"items_purchased_type":["Relic","Relic","Relic","Relic","Card"],"build_version":"2020-12-22","purchased_purges":0,"victory":false,"max_hp_per_floor":[71,71,71,71,71,72,73,73,73,74,74,75,76,77,77,78,78,79,80,80,80,80,81,81,82,82,83,84,84,84,85,85,86,86,87,87,87,87,87,88,88,89,89,87,88,88,88,89,88,89,89,89,89],"card_choices":[{"not_picked":["Rebound","Crystallizer"],"picked":"Barrage","floor":1},{"not_picked":["Compile Driver","Gash"],"picked":"Streamline","floor":2},{"not_picked":["Cold Snap","Hologram"],"picked":"Sweeping Beam","floor":3},{"not_picked":["Redo","Reprogram"],"picked":"Tempest","floor":6},{"not_picked":["Sweeping Beam","Gash"],"picked":"BootSequence","floor":7},{"not_picked":["BasicCrystalCard","Hologram"],"picked":"Turbo","floor":10},{"not_picked":["Barrage","ReplayTheSpireMod:System Scan"],"picked":"Echo Form","floor":12},{"not_picked":["Sweeping Beam","Cold Snap"],"picked":"Chill","floor":13},{"not_picked":["Steam","Melter"],"picked":"Conserve Battery","floor":14},{"not_picked":["Rainbow","Seek"],"picked":"Reboot","floor":16},{"not_picked":["Gash"],"picked":"SKIP","floor":18},{"not_picked":[],"picked":"Go for the Eyes","floor":19},{"not_picked":[],"picked":"Redo","floor":23},{"not_picked":["Streamline"],"picked":"SKIP","floor":25},{"not_picked":[],"picked":"Coolheaded","floor":27},{"not_picked":[],"picked":"Electrodynamics","floor":28},{"not_picked":["Scrape"],"picked":"SKIP","floor":31},{"not_picked":[],"picked":"Multi-Cast","floor":33},{"not_picked":["ReplayTheSpireMod:GoodbyeWorld"],"picked":"SKIP","floor":35},{"not_picked":[],"picked":"Sweeping Beam","floor":40},{"not_picked":[],"picked":"Stack+1","floor":42},{"not_picked":[],"picked":"FTL+1","floor":45},{"not_picked":[],"picked":"Panic Button","floor":48},{"not_picked":[],"picked":"Steam","floor":49},{"not_picked":["Reprogram"],"picked":"SKIP","floor":50}],"player_experience":922081,"relics_obtained":[{"floor":6,"key":"Bird Faced Urn"},{"floor":9,"key":"Vajra"},{"floor":23,"key":"Art of War"},{"floor":26,"key":"Replay:Bandana"},{"floor":28,"key":"Red Mask"},{"floor":39,"key":"Ring of Shattering"},{"floor":39,"key":"ReplayTheSpireMod:Ring of Addiction"},{"floor":39,"key":"SacredBark"},{"floor":39,"key":"Toy Ornithopter"},{"floor":49,"key":"Replay:Rubber Ducky"}],"event_choices":[{"damage_healed":0,"gold_gain":0,"player_choice":"Trade","damage_taken":0,"relics_obtained":["FaceOfCleric"],"max_hp_gain":0,"max_hp_loss":0,"event_name":"FaceTrader","floor":5,"gold_loss":0},{"cards_removed":["Chill"],"damage_healed":23,"gold_gain":0,"player_choice":"Offered Uncommon","damage_taken":0,"max_hp_gain":0,"max_hp_loss":0,"event_name":"Bonfire Elementals","floor":20,"gold_loss":0},{"damage_healed":0,"gold_gain":100,"player_choice":"Bet on Murderer","damage_taken":0,"max_hp_gain":0,"max_hp_loss":0,"event_name":"The Joust","floor":21,"gold_loss":50},{"damage_healed":0,"gold_gain":0,"player_choice":"Fought Bandits","damage_taken":0,"max_hp_gain":0,"max_hp_loss":0,"event_name":"Masked Bandits","floor":28,"gold_loss":0},{"damage_healed":0,"gold_gain":85,"player_choice":"RE GO ","damage_taken":32,"relics_obtained":["Smiling Mask"],"max_hp_gain":0,"max_hp_loss":0,"event_name":"betterSkull:BetterSkull","floor":37,"gold_loss":0,"cards_upgraded":[]},{"damage_healed":17,"gold_gain":0,"player_choice":"Writhe","damage_taken":0,"max_hp_gain":0,"max_hp_loss":0,"event_name":"Winding Halls","floor":38,"gold_loss":0,"cards_obtained":["Writhe"]}],"is_beta":false,"boss_relics":[{"not_picked":["FrozenCore","SacredBark"],"picked":"Busted Crown"},{"not_picked":["Pandora\u0027s Box","Abe\u0027s Treasure"],"picked":"Snecko Eye"}],"items_purged_floors":[],"is_endless":false,"potions_floor_spawned":[1,2,7,12,14,25,27,28,40,42,49],"killed_by":"Replay:Hell Engine","ascension_level":15}}