{"host":"3j2m8n0ywf988fwb","time":1613510758,"event":{"mods":["2.2 Compatiblity","AchievementEnabler","Act Like it!","BaseMod","Better Altar","Better Match","Better Note","Better Sensory Stone","Better Skull","Better Third Choice","Colored Map","Colored Powertips","Dark Map","Hallownest","HexUI Lib","Highlight Path","Marked Mod","Mimic Mod","Minty Spire (QoL Compilation)","Random Character Button","Relic Stats","Robot Space Explorer","Ruina","Shapeshifter Mod","Shop Mod","Somnambulant","StSLib","The Bug Knight","The Servant 0.9.4","Unceasing Turn Reminder","Weighted Paths","everything is the same but u backflip on backflip"],"gold_per_floor":[117,117,117,136,59,98,98,117,171,121,134,177,20,61,61,185,248,273,273,273,289,289,330,330,346,346,346,367,292,332,332,332,332,332],"floor_reached":33,"language":"ENG","playtime":1542,"items_purged":["Strike_G"],"score":532,"play_id":"76e73890-724f-4164-ba8e-88e0fff8a79e","local_time":"20210216152558","is_ascension_mode":true,"campfire_choices":[{"data":"Footwork","floor":15,"key":"SMITH"},{"data":"Cloak And Dagger","floor":24,"key":"SMITH"},{"floor":27,"key":"REST"},{"floor":32,"key":"REST"}],"circlet_count":0,"master_deck":["AscendersBane","Strike_G","Strike_G","Strike_G","Strike_G","Defend_G","Defend_G","Defend_G","Defend_G","Defend_G","Survivor","Neutralize+1","Slice","Quick Slash","Footwork+1","Blade Dance+1","Escape Plan","Slice","Cloak And Dagger+1","Terror+1","Flying Knee","Bullet Time","Slice","Dagger Throw","StSShapeShifter:StormGryphonForm","Slice+1","Backflip","Backflip","Bandage Up+1","Concentrate+1","Tools of the Trade","Pain"],"relics":["Ring of the Snake","NeowsBlessing","Golden Idol","Oddly Smooth Stone","Potion Belt","Lantern","InkBottle","Tiny House","StoneCalendar","Unceasing Top","Snake Skull","The Specimen"],"acts_visited":["Exordium","ruina:Briah"],"potions_floor_usage":[12,16,18,25,30],"damage_taken":[{"damage":0,"enemies":"Jaw Worm","floor":1,"turns":1},{"damage":0,"enemies":"Small Slimes","floor":4,"turns":1},{"damage":0,"enemies":"Gremlin Nob","floor":6,"turns":1},{"damage":0,"enemies":"2 Louse","floor":8,"turns":3},{"damage":0,"enemies":"Exordium Thugs","floor":11,"turns":4},{"damage":10,"enemies":"3 Sentries","floor":12,"turns":9},{"damage":0,"enemies":"Lagavulin","floor":14,"turns":5},{"damage":51,"enemies":"Slime Boss","floor":16,"turns":16},{"damage":12,"enemies":"ruina:3_Bats","floor":18,"turns":7},{"damage":0,"enemies":"ruina:Nosferatu","floor":21,"turns":4},{"damage":18,"enemies":"ruina:RoadHome","floor":23,"turns":3},{"damage":14,"enemies":"ruina:QueenOfHate","floor":25,"turns":5},{"damage":23,"enemies":"ruina:KnightOfDespair","floor":28,"turns":6},{"damage":6,"enemies":"ruina:Mountain","floor":30,"turns":8},{"damage":42,"enemies":"ruina:Red_and_Wolf","floor":33,"turns":10}],"seed_played":"-2900181968355602490","potions_obtained":[{"floor":1,"key":"SpeedPotion"},{"floor":8,"key":"Block Potion"},{"floor":12,"key":"SteroidPotion"},{"floor":14,"key":"BlessingOfTheForge"},{"floor":17,"key":"Weak Potion"},{"floor":18,"key":"SmokeBomb"},{"floor":23,"key":"Block Potion"},{"floor":25,"key":"EssenceOfSteel"}],"is_trial":false,"path_per_floor":["M","?","?","M","$","E","?","M","T","?","M","E","$","E","R","B",null,"M","?","?","M","?","E","R","M","T","R","M","?","E","?","R","B"],"character_chosen":"THE_SILENT","items_purchased":["Footwork","Terror"],"campfire_rested":2,"item_purchase_floors":[5,13],"current_hp_per_floor":[63,63,63,63,63,63,63,63,63,63,63,53,53,53,53,2,58,46,46,46,46,39,21,21,7,7,29,6,6,6,6,28,0,0],"gold":332,"neow_bonus":"THREE_ENEMY_KILL","is_daily":false,"chose_seed":false,"campfire_upgraded":2,"win_rate":0.0,"timestamp":1613510758,"path_taken":["M","?","?","M","$","E","?","?","T","?","M","E","?","E","R","BOSS","M","?","?","M","?","E","R","M","T","R","M","?","E","?","R","BOSS"],"items_purchased_type":["Card","Card"],"build_version":"2020-12-22","purchased_purges":1,"victory":false,"max_hp_per_floor":[70,70,70,70,70,70,70,70,70,70,70,70,70,70,70,70,75,75,75,75,75,75,75,75,75,75,75,75,75,75,75,75,75,75],"relic_stats":{"counters":[15,83],"Golden Idol":105,"StoneCalendar":[74],"Snake Skull":[0],"obtain_stats":[{"Potion Belt":9,"Lantern":12,"Tiny House":17,"NeowsBlessing":0,"The Specimen":31,"Golden Idol":2,"Oddly Smooth Stone":6,"StoneCalendar":23,"Snake Skull":30,"InkBottle":14,"Unceasing Top":26,"Ring of the Snake":0},{"Potion Belt":4,"Lantern":6,"Tiny House":8,"NeowsBlessing":0,"The Specimen":14,"Golden Idol":1,"Oddly Smooth Stone":3,"StoneCalendar":11,"Snake Skull":14,"InkBottle":7,"Unceasing Top":12,"Ring of the Snake":0},{"Potion Belt":6,"Lantern":19,"Tiny House":40,"NeowsBlessing":0,"The Specimen":73,"Golden Idol":1,"Oddly Smooth Stone":3,"StoneCalendar":54,"Snake Skull":73,"InkBottle":24,"Unceasing Top":59,"Ring of the Snake":0}],"InkBottle":[35],"Unceasing Top":[15],"Ring of the Snake":[30]},"card_choices":[{"not_picked":["Acrobatics","Prepared"],"picked":"Slice","floor":1},{"not_picked":["Flying Knee","Calculated Gamble"],"picked":"Quick Slash","floor":4},{"not_picked":["Predator","Outmaneuver"],"picked":"Blade Dance","floor":6},{"not_picked":["Sucker Punch","Dagger Spray"],"picked":"Escape Plan","floor":8},{"not_picked":["Noxious Fumes","PiercingWail"],"picked":"Slice","floor":11},{"not_picked":["Reflex","Expertise"],"picked":"Cloak And Dagger","floor":12},{"not_picked":["Dagger Spray","Deadly Poison"],"picked":"Flying Knee","floor":14},{"not_picked":["Grand Finale","Glass Knife"],"picked":"Bullet Time","floor":16},{"not_picked":["Bouncing Flask","PiercingWail"],"picked":"Slice","floor":17},{"not_picked":["Deadly Poison","Tactician","Riddle With Holes"],"picked":"SKIP","floor":18},{"not_picked":["Die Die Die","Reflex"],"picked":"Dagger Throw","floor":21},{"not_picked":["Deadly Poison","Tactician"],"picked":"Slice+1","floor":23},{"not_picked":["Dodge and Roll+1","Leg Sweep"],"picked":"Backflip","floor":25},{"not_picked":["Acrobatics","Bouncing Flask"],"picked":"Backflip","floor":28},{"not_picked":["Good Instincts+1","Madness+1"],"picked":"Bandage Up+1","floor":29},{"not_picked":["Flechettes+1","Heel Hook+1"],"picked":"Concentrate+1","floor":29},{"not_picked":["PiercingWail","Bouncing Flask+1"],"picked":"Tools of the Trade","floor":30}],"player_experience":985596,"relics_obtained":[{"floor":6,"key":"Oddly Smooth Stone"},{"floor":9,"key":"Potion Belt"},{"floor":12,"key":"Lantern"},{"floor":14,"key":"InkBottle"},{"floor":23,"key":"StoneCalendar"},{"floor":26,"key":"Unceasing Top"},{"floor":30,"key":"Snake Skull"}],"event_choices":[{"damage_healed":0,"gold_gain":0,"player_choice":"Take Wound","damage_taken":0,"relics_obtained":["Golden Idol"],"max_hp_gain":0,"max_hp_loss":0,"event_name":"Golden Idol","floor":2,"gold_loss":0,"cards_obtained":["Injury"]},{"damage_healed":0,"gold_gain":0,"player_choice":"Grow","damage_taken":0,"max_hp_gain":0,"max_hp_loss":0,"event_name":"Living Wall","floor":3,"gold_loss":0,"cards_upgraded":["Neutralize"]},{"damage_healed":0,"gold_gain":0,"player_choice":"Upgraded","damage_taken":0,"max_hp_gain":0,"max_hp_loss":0,"event_name":"Upgrade Shrine","floor":7,"gold_loss":0,"cards_upgraded":["Blade Dance"]},{"cards_removed":["Injury"],"damage_healed":0,"gold_gain":0,"player_choice":"Card Removal","damage_taken":0,"max_hp_gain":0,"max_hp_loss":0,"event_name":"The Cleric","floor":10,"gold_loss":50},{"damage_healed":0,"gold_gain":0,"player_choice":"2","damage_taken":0,"max_hp_gain":0,"max_hp_loss":0,"event_name":"betterMatch:BetterMatch","floor":29,"gold_loss":0,"cards_obtained":["betterMatch:ColorlessUncommonCard","betterMatch:UncommonCard"]}],"is_beta":false,"boss_relics":[{"not_picked":["Philosopher\u0027s Stone","Pandora\u0027s Box"],"picked":"Tiny House"}],"items_purged_floors":[13],"is_endless":false,"potions_floor_spawned":[1,8,12,14,18,23,25],"killed_by":"ruina:Red_and_Wolf","ascension_level":10}}