{"host":"sf9jac3ppl7h88gj","time":1613499977,"event":{"mods":["AchievementEnabler","Ascension Unlocker","BaseMod","Colored Map","Custom Start","Force Act Four","Minty Spire (QoL Compilation)","Replay The Spire","StSLib"],"gold_per_floor":[15,15,15,27,37,37,67,78,78,133,133,133,163,173,173,250,250,265,277,51,51,71,71,97,97,169,169,169,179,179,179,179,251,251,251,251],"floor_reached":35,"language":"ENG","playtime":4205,"items_purged":["Parasite"],"score":866,"play_id":"160bd43b-7bb8-40cb-9f6d-053de5e25f0e","local_time":"20210216132617","is_ascension_mode":true,"campfire_choices":[{"data":"Apotheosis","floor":6,"key":"SMITH"},{"floor":12,"key":"REST"},{"data":"Exhume","floor":15,"key":"SMITH"},{"floor":23,"key":"RECALL"},{"floor":28,"key":"REST"},{"floor":30,"key":"REST"},{"floor":32,"key":"REST"}],"circlet_count":0,"master_deck":["AscendersBane","Bash","Apotheosis+1","Headbutt","Impervious","ReplayTheSpireMod:LeadingStrike","Replay:Undeath\u0027s Touch","Exhume+1","Headbutt","Battle Trance","ReplayTheSpireMod:LeadingStrike","Shrug It Off","Barricade","AbeCurse","Sword Boomerang","Twin Strike","Heavy Blade","Run Through","Pommel Strike","Rage","Body Slam","Replay:Undeath\u0027s Touch+1","Flex","Thunderclap+1","Shrug It Off","ReplayTheSpireMod:Stacked+1","RitualDagger","Reaper"],"relics":["Burning Blood","ReplayTheSpireMod:Ninjato","Replay:Accelerometer","Divine Protection","Bag of Preparation","MealTicket","Replay:Grab Bag","Abe\u0027s Treasure","Fusion Hammer","Pandora\u0027s Box","Ancient Tea Set","Replay:Bottled Flurry","Ring of Chaos"],"acts_visited":["Exordium","TheCity","TheBeyond"],"potions_floor_usage":[7,16,19,22,33],"damage_taken":[{"damage":0,"enemies":"Small Slimes","floor":1,"turns":4},{"damage":0,"enemies":"2 Louse","floor":4,"turns":4},{"damage":3,"enemies":"Cultist","floor":5,"turns":4},{"damage":26,"enemies":"Gremlin Nob","floor":7,"turns":5},{"damage":0,"enemies":"Large Slime","floor":8,"turns":5},{"damage":42,"enemies":"3 Sentries","floor":10,"turns":11},{"damage":8,"enemies":"3 Sentries","floor":13,"turns":10},{"damage":0,"enemies":"3 Louse","floor":14,"turns":4},{"damage":48,"enemies":"The Guardian","floor":16,"turns":16},{"damage":13,"enemies":"Shell Parasite","floor":18,"turns":3},{"damage":0,"enemies":"3 Byrds","floor":19,"turns":4},{"damage":0,"enemies":"Centurion and Healer","floor":22,"turns":5},{"damage":10,"enemies":"Book of Stabbing","floor":24,"turns":5},{"damage":4,"enemies":"Snecko","floor":29,"turns":4},{"damage":0,"enemies":"Champ","floor":33,"turns":11}],"seed_played":"-1602869300624792080","potions_obtained":[{"floor":5,"key":"Weak Potion"},{"floor":8,"key":"Dexterity Potion"},{"floor":13,"key":"Strength Potion"},{"floor":14,"key":"ElixirPotion"},{"floor":16,"key":"EssenceOfSteel"},{"floor":24,"key":"LiquidBronze"}],"is_trial":false,"path_per_floor":["M","?","?","M","M","R","E","M","T","?","?","R","E","M","R","B",null,"M","M","$","?","M","R","E","?","T","?","R","M","R","?","R","B",null,"M"],"character_chosen":"IRONCLAD","items_purchased":["Thunderclap+1","FairyPotion"],"campfire_rested":4,"item_purchase_floors":[20,20],"current_hp_per_floor":[74,48,48,54,57,57,37,43,43,7,25,47,45,51,51,9,59,52,58,72,72,72,72,68,62,62,62,72,72,72,72,72,72,72,0,0],"gold":251,"neow_bonus":"RANDOM_COLORLESS_2","is_daily":false,"chose_seed":false,"campfire_upgraded":2,"win_rate":0.0,"timestamp":1613499977,"path_taken":["M","?","?","M","M","R","E","M","T","?","?","R","E","M","R","BOSS","M","M","$","?","M","R","E","?","T","?","R","?","R","?","R","BOSS","M"],"items_purchased_type":["Card","Potion"],"build_version":"2020-12-22","purchased_purges":1,"victory":false,"max_hp_per_floor":[75,75,75,75,75,75,75,75,75,75,75,75,75,75,75,75,75,75,75,72,72,72,72,72,72,72,72,72,72,72,72,72,72,72,72,72],"card_choices":[{"not_picked":["ReplayTheSpireMod:Necrogeddon","Secret Technique"],"picked":"Apotheosis","floor":0},{"not_picked":["Sword Boomerang","Inflame"],"picked":"Headbutt","floor":1},{"not_picked":["Armaments","Dual Wield"],"picked":"ReplayTheSpireMod:LeadingStrike","floor":4},{"not_picked":["Pommel Strike","ReplayTheSpireMod:Strike From Hell"],"picked":"Replay:Undeath\u0027s Touch","floor":5},{"not_picked":["Twin Strike","Dropkick"],"picked":"Exhume","floor":7},{"not_picked":["Replay:Undeath\u0027s Touch","Hemokinesis"],"picked":"Headbutt","floor":8},{"not_picked":["Whirlwind","Anger"],"picked":"Battle Trance","floor":10},{"not_picked":["Sentinel","Combust"],"picked":"ReplayTheSpireMod:LeadingStrike","floor":13},{"not_picked":["Battle Trance","Reckless Charge"],"picked":"Shrug It Off","floor":14},{"not_picked":["Demonic Infusion","Corruption"],"picked":"Barricade","floor":16},{"not_picked":["Combust","Wild Strike"],"picked":"Replay:Undeath\u0027s Touch+1","floor":18},{"not_picked":["Heavy Blade","Dual Wield"],"picked":"Flex","floor":19},{"not_picked":["Twin Strike","Replay:Undeath\u0027s Touch"],"picked":"Shrug It Off","floor":22},{"not_picked":["Immolate","True Grit"],"picked":"ReplayTheSpireMod:Stacked+1","floor":24},{"not_picked":["Flex","Warcry","Thunderclap"],"picked":"SKIP","floor":29},{"not_picked":["Brutality","Barricade"],"picked":"Reaper","floor":33}],"player_experience":1305054,"relics_obtained":[{"floor":7,"key":"Replay:Accelerometer"},{"floor":9,"key":"Divine Protection"},{"floor":13,"key":"MealTicket"},{"floor":24,"key":"Ancient Tea Set"},{"floor":26,"key":"Replay:Bottled Flurry"}],"event_choices":[{"damage_healed":0,"gold_gain":0,"player_choice":"Success","damage_taken":26,"relics_obtained":["ReplayTheSpireMod:Ninjato"],"max_hp_gain":0,"max_hp_loss":0,"event_name":"Scrap Ooze","floor":2,"gold_loss":0},{"damage_healed":0,"gold_gain":0,"cards_transformed":["Strike_R"],"player_choice":"Change","damage_taken":0,"max_hp_gain":0,"max_hp_loss":0,"event_name":"Living Wall","floor":3,"gold_loss":0,"cards_obtained":["Impervious"]},{"damage_healed":0,"gold_gain":0,"player_choice":"Searched \u00272\u0027 times","damage_taken":0,"relics_obtained":["Bag of Preparation"],"max_hp_gain":0,"max_hp_loss":0,"event_name":"Dead Adventurer","floor":10,"gold_loss":0},{"damage_healed":18,"gold_gain":0,"player_choice":"Healed and dodged fight","damage_taken":0,"max_hp_gain":0,"max_hp_loss":0,"event_name":"Mushrooms","floor":11,"gold_loss":0,"cards_obtained":["Parasite"]},{"cards_removed":["Limit Break"],"damage_healed":0,"gold_gain":0,"player_choice":"Elegance","damage_taken":0,"max_hp_gain":0,"max_hp_loss":0,"event_name":"Back to Basics","floor":21,"gold_loss":0},{"damage_healed":0,"gold_gain":0,"player_choice":"Joined the Cult","damage_taken":6,"max_hp_gain":0,"max_hp_loss":0,"event_name":"Nest","floor":25,"gold_loss":0,"cards_obtained":["RitualDagger"]},{"damage_healed":0,"gold_gain":0,"player_choice":"Ignored","damage_taken":0,"max_hp_gain":0,"max_hp_loss":0,"event_name":"N\u0027loth","floor":27,"gold_loss":0}],"is_beta":false,"boss_relics":[{"not_picked":["Replay:Wanted Poster","Busted Crown"],"picked":"Replay:Grab Bag"},{"not_picked":["ChewingGum","Electric Blood"],"picked":"Abe\u0027s Treasure"},{"not_picked":["Ectoplasm","Coffee Dripper"],"picked":"Fusion Hammer"},{"not_picked":["Snecko Eye","SacredBark"],"picked":"Pandora\u0027s Box"},{"not_picked":["Snecko Heart","Honey Jar"],"picked":"Ring of Chaos"}],"items_purged_floors":[20],"is_endless":false,"potions_floor_spawned":[5,8,13,14,16,18,24,29],"killed_by":"3 Shapes","ascension_level":20}}