{"host":"2c84cb4cp1emursg","time":1613444207,"event":{"mods":["Act Like it!","BaseMod","Better Third Choice","Bossed Relics","Hermit","Mimic Mod","Minty Spire (QoL Compilation)","Permanent Neow","StSLib"],"gold_per_floor":[110,128,148,48,59,84,84,109,109,137,137,153,153,153,153,153,153],"floor_reached":16,"language":"ENG","playtime":709,"items_purged":["Defend_G"],"score":184,"play_id":"eaee8b9e-458b-44fe-8a5a-81eca6ab6ab8","local_time":"20210215195647","is_ascension_mode":true,"campfire_choices":[{"data":"Setup","floor":7,"key":"SMITH"},{"data":"Discovery","floor":15,"key":"SMITH"}],"circlet_count":0,"master_deck":["Strike_G","Strike_G","Strike_G","Strike_G","Strike_G","Defend_G","Defend_G","Defend_G","Defend_G","Survivor","Neutralize","Discovery+1","Dodge and Roll","Flying Knee","Setup+1","Dagger Spray","Dagger Throw","Backstab","Dodge and Roll","Neutralize","PanicButton","Outmaneuver"],"relics":["Ring of the Snake","Centennial Puzzle","PreservedInsect","Paper Crane"],"acts_visited":["Exordium"],"potions_floor_usage":[6,10,14],"damage_taken":[{"damage":0,"enemies":"2 Louse","floor":1,"turns":2},{"damage":0,"enemies":"Cultist","floor":2,"turns":3},{"damage":0,"enemies":"Small Slimes","floor":3,"turns":4},{"damage":6,"enemies":"Looter","floor":5,"turns":3},{"damage":33,"enemies":"Lagavulin","floor":6,"turns":6},{"damage":21,"enemies":"3 Sentries","floor":8,"turns":5},{"damage":0,"enemies":"Gremlin Nob","floor":10,"turns":3},{"damage":1,"enemies":"Large Slime","floor":12,"turns":6},{"damage":0,"enemies":"3 Louse","floor":14,"turns":1},{"damage":37,"enemies":"Slime Boss","floor":16,"turns":10}],"seed_played":"-367770005012219475","potions_obtained":[{"floor":3,"key":"FearPotion"},{"floor":5,"key":"SmokeBomb"},{"floor":8,"key":"SneckoOil"}],"is_trial":false,"path_per_floor":["M","M","M","$","M","E","R","E","T","E","?","M","?","M","R","B"],"character_chosen":"THE_SILENT","items_purchased":["Dagger Spray"],"campfire_rested":0,"item_purchase_floors":[4],"current_hp_per_floor":[70,70,70,70,64,31,31,10,10,10,10,9,32,32,32,0,0],"gold":153,"neow_bonus":"RANDOM_COLORLESS","is_daily":false,"chose_seed":false,"campfire_upgraded":2,"win_rate":0.0,"timestamp":1613444207,"path_taken":["M","M","M","$","M","E","R","E","T","E","?","?","?","M","R","BOSS"],"items_purchased_type":["Card"],"build_version":"2020-12-22","purchased_purges":1,"victory":false,"max_hp_per_floor":[70,70,70,70,70,70,70,70,70,70,70,70,70,70,70,70,70],"card_choices":[{"not_picked":["Dramatic Entrance","Swift Strike"],"picked":"Discovery","floor":0},{"not_picked":["Bane","PiercingWail"],"picked":"Dodge and Roll","floor":1},{"not_picked":["Outmaneuver","Quick Slash"],"picked":"Flying Knee","floor":2},{"not_picked":["Deflect","Flechettes"],"picked":"Setup","floor":3},{"not_picked":["Deadly Poison","Escape Plan"],"picked":"Dagger Throw","floor":5},{"not_picked":["Cloak And Dagger","Deadly Poison"],"picked":"Backstab","floor":6},{"not_picked":["Endless Agony","Outmaneuver"],"picked":"Dodge and Roll","floor":8},{"not_picked":["Slice","PiercingWail","Well Laid Plans"],"picked":"SKIP","floor":10},{"not_picked":["Tools of the Trade","Bane"],"picked":"Outmaneuver","floor":12}],"player_experience":487499,"relics_obtained":[{"floor":6,"key":"Centennial Puzzle"},{"floor":8,"key":"PreservedInsect"},{"floor":10,"key":"Paper Crane"}],"event_choices":[{"damage_healed":0,"gold_gain":0,"player_choice":"2 cards matched","damage_taken":0,"max_hp_gain":0,"max_hp_loss":0,"event_name":"Match and Keep!","floor":11,"gold_loss":0,"cards_obtained":["Neutralize","PanicButton"]},{"damage_healed":23,"gold_gain":0,"player_choice":"Banana","damage_taken":0,"max_hp_gain":0,"max_hp_loss":0,"event_name":"Big Fish","floor":13,"gold_loss":0}],"is_beta":false,"boss_relics":[],"items_purged_floors":[4],"is_endless":false,"potions_floor_spawned":[3,5,8,14],"killed_by":"Slime Boss","ascension_level":5}}