{"host":"9rqxlbwknj581inl","time":1613448165,"event":{"mods":["BaseMod","Colored Map","Colored Powertips","Minty Spire (QoL Compilation)","Quick Restart","Random Character Mod"],"gold_per_floor":[111,111,131,145,160,160,189,200,200,200,225,241,299,299,299,395,395,409,420,430,430,430,430,47,47,47,79,5,19,31,65,65,170,170,190,190,201,213,28,58,75,91,91,3,18,44,44,0,0,0,0],"floor_reached":50,"language":"ENG","playtime":4378,"items_purged":["Perfected Strike","Strike_R"],"score":539,"play_id":"6250fbed-9ae2-4917-aa5e-9da929cdf5a3","local_time":"20210215210245","is_ascension_mode":false,"campfire_choices":[{"data":"Fire Breathing","floor":6,"key":"SMITH"},{"data":"True Grit","floor":10,"key":"SMITH"},{"floor":15,"key":"REST"},{"floor":23,"key":"REST"},{"data":"Pommel Strike","floor":25,"key":"SMITH"},{"floor":32,"key":"REST"},{"data":"Fire Breathing","floor":47,"key":"SMITH"},{"data":"Shrug It Off","floor":49,"key":"SMITH"}],"circlet_count":0,"master_deck":["Strike_R","Strike_R+1","Strike_R","Defend_R+1","Defend_R","Defend_R+1","Defend_R","Bash+1","Fire Breathing+1","Wild Strike","Wild Strike","True Grit+1","Pommel Strike+1","Warcry","Iron Wave","Flex","Immolate","Perfected Strike+1","True Grit","Wild Strike+1","Necronomicurse","Wild Strike+1","True Grit","Disarm+1","Metallicize","CurseOfTheBell","Whirlwind+1","Seeing Red+1","Shrug It Off+1","Wild Strike","Feed","Fire Breathing+1"],"relics":["Black Blood","Dream Catcher","Mummified Hand","Odd Mushroom","Shovel","Necronomicon","Membership Card","Lantern","Mercury Hourglass","Boot","Darkstone Periapt","Bag of Marbles","Bag of Preparation","Calling Bell","War Paint","Singing Bowl","CaptainsWheel","Vajra","Pen Nib","Torii","Oddly Smooth Stone","Whetstone","Red Mask"],"acts_visited":["Exordium","TheCity","TheBeyond"],"potions_floor_usage":[5,7,40,40,50,50,50],"damage_taken":[{"damage":1,"enemies":"Jaw Worm","floor":1,"turns":3},{"damage":9,"enemies":"Small Slimes","floor":3,"turns":5},{"damage":6,"enemies":"Cultist","floor":4,"turns":3},{"damage":16,"enemies":"Exordium Thugs","floor":5,"turns":4},{"damage":6,"enemies":"Gremlin Nob","floor":7,"turns":3},{"damage":8,"enemies":"Large Slime","floor":8,"turns":6},{"damage":25,"enemies":"The Mushroom Lair","floor":11,"turns":4},{"damage":10,"enemies":"Looter","floor":12,"turns":3},{"damage":20,"enemies":"Gremlin Nob","floor":13,"turns":4},{"damage":70,"enemies":"The Guardian","floor":16,"turns":11},{"damage":14,"enemies":"Spheric Guardian","floor":18,"turns":4},{"damage":26,"enemies":"Shell Parasite","floor":19,"turns":6},{"damage":32,"enemies":"Centurion and Healer","floor":20,"turns":6},{"damage":45,"enemies":"Slavers","floor":27,"turns":4},{"damage":3,"enemies":"Cultist and Chosen","floor":29,"turns":2},{"damage":12,"enemies":"3 Cultists","floor":30,"turns":3},{"damage":7,"enemies":"Book of Stabbing","floor":31,"turns":2},{"damage":41,"enemies":"Collector","floor":33,"turns":7},{"damage":0,"enemies":"Orb Walker","floor":35,"turns":1},{"damage":7,"enemies":"3 Shapes","floor":37,"turns":2},{"damage":50,"enemies":"Transient","floor":38,"turns":5},{"damage":18,"enemies":"Nemesis","floor":40,"turns":5},{"damage":8,"enemies":"Spire Growth","floor":41,"turns":2},{"damage":8,"enemies":"Writhing Mass","floor":42,"turns":2},{"damage":0,"enemies":"Jaw Worm Horde","floor":45,"turns":1},{"damage":97,"enemies":"Time Eater","floor":50,"turns":8}],"seed_played":"6913820001713196053","potions_obtained":[{"floor":1,"key":"ColorlessPotion"},{"floor":4,"key":"ColorlessPotion"},{"floor":7,"key":"FairyPotion"},{"floor":16,"key":"SkillPotion"},{"floor":27,"key":"ColorlessPotion"},{"floor":31,"key":"Energy Potion"},{"floor":33,"key":"BloodPotion"},{"floor":42,"key":"SneckoOil"},{"floor":45,"key":"SkillPotion"}],"is_trial":false,"path_per_floor":["M","?","M","M","M","R","E","M","T","R","?","M","?","?","R","B",null,"M","M","M","?","?","R","$","R","T","E","$","M","M","E","R","B",null,"M","?","M","M","$","E","M","M","T","$","M","T","R","?","R","B"],"character_chosen":"IRONCLAD","items_purchased":["Membership Card","Lantern","Mercury Hourglass","Bag of Marbles","Vajra","Pen Nib","Shrug It Off","Wild Strike","Fire Breathing"],"campfire_rested":3,"item_purchase_floors":[24,24,24,28,39,39,39,39,44],"current_hp_per_floor":[80,73,70,70,60,60,60,58,58,58,39,35,21,21,45,7,80,78,64,44,28,28,52,52,52,52,19,19,28,28,33,57,28,86,86,86,86,50,50,44,50,56,56,56,70,70,70,70,70,0,0],"gold":0,"neow_bonus":"UPGRADE_CARD","is_daily":false,"chose_seed":false,"campfire_upgraded":5,"win_rate":0.0,"timestamp":1613448165,"path_taken":["M","?","M","M","M","R","E","M","T","R","?","M","?","?","R","BOSS","M","M","M","?","?","R","$","R","T","E","$","M","M","E","R","BOSS","M","?","M","M","$","E","M","M","T","$","?","?","R","?","R","BOSS"],"items_purchased_type":["Relic","Relic","Relic","Relic","Relic","Relic","Card","Card","Card"],"build_version":"2020-12-22","purchased_purges":2,"victory":false,"max_hp_per_floor":[80,80,80,80,80,80,80,80,80,80,80,80,80,80,80,80,80,80,80,80,80,80,80,80,80,80,80,80,80,80,80,80,80,86,86,86,86,88,88,88,90,92,92,92,94,94,94,94,94,94,94],"card_choices":[{"not_picked":["Dual Wield","Evolve"],"picked":"Fire Breathing","floor":1},{"not_picked":["Headbutt","Sword Boomerang"],"picked":"Wild Strike","floor":3},{"not_picked":["Pummel","Clothesline"],"picked":"Wild Strike","floor":4},{"not_picked":["Flex","Havoc"],"picked":"Rage","floor":5},{"not_picked":["Blood for Blood","Body Slam"],"picked":"True Grit","floor":7},{"not_picked":["Body Slam","Limit Break"],"picked":"Pommel Strike","floor":8},{"not_picked":["Whirlwind","Heavy Blade"],"picked":"Warcry","floor":11},{"not_picked":["Heavy Blade","Anger"],"picked":"Iron Wave","floor":12},{"not_picked":["Dual Wield","Combust"],"picked":"Perfected Strike","floor":13},{"not_picked":["Clash","Corruption"],"picked":"Flex","floor":15},{"not_picked":["Exhume","Barricade"],"picked":"Immolate","floor":16},{"not_picked":["Entrench+1","Sword Boomerang+1"],"picked":"Perfected Strike+1","floor":18},{"not_picked":["Heavy Blade","Iron Wave+1"],"picked":"True Grit","floor":19},{"not_picked":["Spot Weakness","Thunderclap"],"picked":"Wild Strike+1","floor":20},{"not_picked":["Cleave","Infernal Blade"],"picked":"Wild Strike","floor":27},{"not_picked":["Dark Embrace","Wild Strike+1"],"picked":"True Grit","floor":29},{"not_picked":["Thunderclap+1","Perfected Strike"],"picked":"Disarm+1","floor":30},{"not_picked":["Warcry","Clash"],"picked":"Metallicize","floor":31},{"not_picked":["Pommel Strike+1","Flex+1"],"picked":"Whirlwind+1","floor":35},{"not_picked":["Dark Embrace","Rampage"],"picked":"Seeing Red+1","floor":37},{"not_picked":["Clash","Sword Boomerang+1","Feel No Pain+1"],"picked":"Singing Bowl","floor":38},{"not_picked":["Berserk","Clash+1"],"picked":"Feed","floor":40},{"not_picked":["Whirlwind+1","Wild Strike+1","Rampage"],"picked":"Singing Bowl","floor":41},{"not_picked":["Perfected Strike+1","Cleave","Iron Wave"],"picked":"Singing Bowl","floor":42},{"not_picked":["Sword Boomerang+1","Havoc","Shockwave"],"picked":"Singing Bowl","floor":45}],"player_experience":279875,"relics_obtained":[{"floor":7,"key":"Dream Catcher"},{"floor":9,"key":"Mummified Hand"},{"floor":11,"key":"Odd Mushroom"},{"floor":21,"key":"Necronomicon"},{"floor":26,"key":"Boot"},{"floor":27,"key":"Darkstone Periapt"},{"floor":31,"key":"Bag of Preparation"},{"floor":34,"key":"War Paint"},{"floor":34,"key":"Singing Bowl"},{"floor":34,"key":"CaptainsWheel"},{"floor":40,"key":"Torii"},{"floor":43,"key":"Oddly Smooth Stone"},{"floor":46,"key":"Whetstone"}],"event_choices":[{"cards_removed":["Strike_R"],"damage_healed":0,"gold_gain":0,"player_choice":"Card Removal","damage_taken":7,"max_hp_gain":0,"max_hp_loss":0,"event_name":"Golden Wing","floor":2,"gold_loss":0},{"damage_healed":0,"gold_gain":0,"player_choice":"Fought Mushrooms","damage_taken":0,"max_hp_gain":0,"max_hp_loss":0,"event_name":"Mushrooms","floor":11,"gold_loss":0},{"damage_healed":0,"gold_gain":0,"player_choice":"Searched \u00272\u0027 times","damage_taken":0,"relics_obtained":["Shovel"],"max_hp_gain":0,"max_hp_loss":0,"event_name":"Dead Adventurer","floor":13,"gold_loss":0},{"damage_healed":0,"gold_gain":0,"player_choice":"Ignored","damage_taken":0,"max_hp_gain":0,"max_hp_loss":0,"event_name":"Liars Game","floor":14,"gold_loss":0},{"damage_healed":0,"gold_gain":0,"player_choice":"Obtained Book","damage_taken":16,"max_hp_gain":0,"max_hp_loss":0,"event_name":"Cursed Tome","floor":21,"gold_loss":0},{"damage_healed":0,"gold_gain":0,"player_choice":"Ignored","damage_taken":0,"max_hp_gain":0,"max_hp_loss":0,"event_name":"Ghosts","floor":22,"gold_loss":0},{"cards_removed":["Rage"],"damage_healed":0,"gold_gain":0,"player_choice":"Purged","damage_taken":0,"max_hp_gain":0,"max_hp_loss":0,"event_name":"Purifier","floor":36,"gold_loss":0},{"damage_healed":0,"gold_gain":0,"player_choice":"Paid","damage_taken":0,"relics_obtained":["Red Mask"],"max_hp_gain":0,"max_hp_loss":0,"event_name":"Tomb of Lord Red Mask","floor":48,"gold_loss":44}],"is_beta":false,"boss_relics":[{"not_picked":["Runic Cube","Velvet Choker"],"picked":"Black Blood"},{"not_picked":["Runic Dome","Cursed Key"],"picked":"Calling Bell"}],"items_purged_floors":[24,44],"is_endless":false,"potions_floor_spawned":[1,4,7,16,27,31,33,35,42,45],"killed_by":"Time Eater","ascension_level":0}}