{"host":"Cenci","time":1613475114,"event":{"mods":["BaseMod","Downfall","Highlight Path","Minty Spire (QoL Compilation)","StSLib"],"gold_per_floor":[0,12,112,126,111,286,334,234,92,104,123,152,52,65,80,179,179,79,90,190,254,89,109,187,79,129,129,160,225,83,118,133,236,236,236,253,268,318,33,83,133,148,167,198,216,87,103,115,133,133,133,133,133,133],"floor_reached":52,"language":"ENG","playtime":2903,"items_purged":["Doubt","hexamod:Strike"],"score":998,"play_id":"0d77ab73-9977-4e7e-b1fd-4e854b0d7dd3","local_time":"20210216123154","is_ascension_mode":true,"campfire_choices":[{"data":"hexamod:ParanormalForm","floor":1.0,"key":"SMITH"},{"data":"hexamod:Float","floor":8.0,"key":"SMITH"},{"floor":13.0,"key":"RECALL"},{"data":"hexamod:GhostLash","floor":18.0,"key":"SMITH"},{"data":"hexamod:GhostShield","floor":27.0,"key":"SMITH"},{"data":"hexamod:RecurringNightmare","floor":35.0,"key":"SMITH"}],"circlet_count":0,"master_deck":["hexamod:Strike+1","hexamod:Strike+1","hexamod:Defend+1","hexamod:Sear+1","hexamod:Float+1","hexamod:ParanormalForm+1","hexamod:SuperheatedStrike+1","hexamod:GhostLash+1","hexamod:GhostShield+1","hexamod:RecurringNightmare+1","hexamod:DynamicBlow+1","hexamod:EtherealExpedition+1","hexamod:SixthSeal","hexamod:GhostLash+1","hexamod:GhostLash+1","hexamod:GhostShield+1","hexamod:GhostShield+1","hexamod:GhostLash+1","hexamod:PowerFromBeyond+1","hexamod:SuperheatedStrike+1","hexamod:SpectersWail+1","hexamod:GhostLash+1","CurseOfTheBell","CurseOfTheBell","hexamod:GhostShield+1","hexamod:GhostLash+1","hexamod:SuperheatedStrike+1","hexamod:SuperheatedStrike+1","hexamod:PowerFromBeyond","hexamod:SuperheatedStrike","hexamod:SpectersWail+1","hexamod:SuperheatedStrike","hexamod:Hexaguard+1","hexamod:SpectersWail"],"relics":["hexamod:SpiritBrand","downfall:HeartBlessingBlue","downfall:HeartBlessingGreen","hexamod:IceCube","downfall:HeartBlessingRed","downfall:CloakOfManyFaces","CultistMask","FaceOfCleric","NlothsMask","GremlinMask","SsserpentHead","Bottled Tornado","Lee\u0027s Waffle","Regal Pillow","hexamod:JarOfFuel","MealTicket","Empty Cage","downfall:ExtraCursedBell","MawBank","Letter Opener","Ginger","Mummified Hand","War Paint","hexamod:SoulConsumer"],"acts_visited":["Exordium","TheCity","TheBeyond","TheEnding"],"potions_floor_usage":[52],"damage_taken":[{"damage":6.0,"enemies":"Jaw Worm","floor":2.0,"turns":5.0},{"damage":11.0,"enemies":"2 Louse","floor":4.0,"turns":2.0},{"damage":10.0,"enemies":"downfall:FleeingMerchant","floor":5.0,"turns":4.0},{"damage":10.0,"enemies":"downfall:FleeingMerchant","floor":9.0,"turns":4.0},{"damage":0.0,"enemies":"Cultist","floor":10.0,"turns":3.0},{"damage":2.0,"enemies":"Exordium Wildlife","floor":11.0,"turns":4.0},{"damage":8.0,"enemies":"Lagavulin","floor":12.0,"turns":4.0},{"damage":5.0,"enemies":"Gremlin Gang","floor":14.0,"turns":3.0},{"damage":4.0,"enemies":"Red Slaver","floor":15.0,"turns":3.0},{"damage":22.0,"enemies":"IC_STATUS_ARCHETYPE","floor":16.0,"turns":7.0},{"damage":4.0,"enemies":"Shell Parasite","floor":19.0,"turns":4.0},{"damage":17.0,"enemies":"downfall:FaceTrader","floor":20.0,"turns":9.0},{"damage":6.0,"enemies":"Chosen","floor":21.0,"turns":3.0},{"damage":3.0,"enemies":"downfall:FleeingMerchant","floor":22.0,"turns":4.0},{"damage":23.0,"enemies":"Snake Plant","floor":23.0,"turns":4.0},{"damage":1.0,"enemies":"downfall:FleeingMerchant","floor":25.0,"turns":4.0},{"damage":30.0,"enemies":"Book of Stabbing","floor":28.0,"turns":3.0},{"damage":0.0,"enemies":"Centurion and Healer","floor":29.0,"turns":2.0},{"damage":9.0,"enemies":"Slavers","floor":31.0,"turns":3.0},{"damage":3.0,"enemies":"Cultist and Chosen","floor":32.0,"turns":3.0},{"damage":37.0,"enemies":"WA_ARCHETYPE_CALM","floor":33.0,"turns":7.0},{"damage":0.0,"enemies":"Orb Walker","floor":36.0,"turns":3.0},{"damage":0.0,"enemies":"3 Shapes","floor":37.0,"turns":3.0},{"damage":9.0,"enemies":"3 Darklings","floor":42.0,"turns":3.0},{"damage":12.0,"enemies":"4 Shapes","floor":43.0,"turns":3.0},{"damage":16.0,"enemies":"Reptomancer","floor":44.0,"turns":4.0},{"damage":0.0,"enemies":"Transient","floor":45.0,"turns":5.0},{"damage":0.0,"enemies":"3 Darklings","floor":47.0,"turns":3.0},{"damage":0.0,"enemies":"Sphere and 2 Shapes","floor":48.0,"turns":3.0},{"damage":0.0,"enemies":"Jaw Worm Horde","floor":49.0,"turns":3.0},{"damage":41.0,"enemies":"DF_ARCHETYPE_ORBS","floor":50.0,"turns":5.0},{"damage":107,"enemies":"downfall:CharBossMerchant","floor":52,"turns":6}],"seed_played":"1106867174113319573","potions_obtained":[{"floor":2.0,"key":"AttackPotion"},{"floor":4.0,"key":"LiquidMemories"},{"floor":10.0,"key":"champ:CounterPotion"},{"floor":14.0,"key":"Guardian:BlockOnCardUsePotion"},{"floor":21.0,"key":"Weak Potion"},{"floor":23.0,"key":"SpeedPotion"},{"floor":29.0,"key":"bronze:BurnAndBuffPotion"}],"is_trial":false,"path_per_floor":["R","M","?","M","$","?","T","R","$","M","M","E","R","M","M","B",null,"R","M","?","M","$","M","T","$","?","R","E","M","$","E","M","B",null,"R","M","M","?","$","?","T","M","M","E","M","$","M","M","M","B",null,"E"],"character_chosen":"THE_SPIRIT","items_purchased":["hexamod:GhostShield","hexamod:GhostShield","Bottled Tornado","hexamod:GhostShield","Lee\u0027s Waffle","hexamod:JarOfFuel","hexamod:PowerFromBeyond","Mummified Hand","hexamod:GhostShield","hexamod:PowerFromBeyond","hexamod:SuperheatedStrike","hexamod:SpectersWail"],"campfire_rested":0,"item_purchase_floors":[9,22,25,25,25,30,30,39,39,46,46,46],"current_hp_per_floor":[70,64,64,53,43,43,43,53,43,43,41,33,33,28,24,2,61,61,57,40,35,33,11,11,91,91,91,62,63,63,55,53,17,76,76,77,78,78,93,93,93,85,74,59,64,79,80,81,82,46,91,0,0,0],"gold":133,"neow_bonus":"THREE_RARE_CARDS","is_daily":false,"chose_seed":false,"campfire_upgraded":5,"win_rate":0.0,"timestamp":1613475114,"path_taken":["R","M","?","M","$","?","T","R","$","M","M","E","R","M","M","BOSS","R","M","?","?","$","M","T","$","?","R","E","?","?","E","M","BOSS","R","M","M","?","$","?","T","M","M","E","M","$","M","M","M","BOSS","E"],"items_purchased_type":["Card","Card","Relic","Card","Relic","Relic","Card","Relic","Card","Card","Card","Card"],"build_version":"2020-11-17","purchased_purges":2,"victory":false,"max_hp_per_floor":[70,70,70,70,70,70,70,80,80,80,80,80,80,80,80,80,80,80,80,80,81,82,83,83,91,91,91,92,93,93,94,95,96,96,96,97,98,98,98,98,98,99,100,101,102,102,103,104,105,106,106,106,106,106],"card_choices":[{"not_picked":["hexamod:SearingWound","hexamod:FlameSwitch"],"picked":"hexamod:ParanormalForm","floor":0.0},{"not_picked":["hexamod:FourthSeal","hexamod:BacktrackSmack"],"picked":"hexamod:SuperheatedStrike","floor":2.0},{"not_picked":["hexamod:BurningTouch","hexamod:NightmareGuise"],"picked":"hexamod:GhostLash","floor":4.0},{"not_picked":["hexamod:NightmareStrike","hexamod:FastForward","hexamod:SpectralAdrenaline"],"picked":"SKIP","floor":5.0},{"not_picked":["hexamod:ExtraCrispy","hexamod:Firestarter","hexamod:PhantomFireball"],"picked":"SKIP","floor":9.0},{"not_picked":["hexamod:HeatCrush","hexamod:NightmareGuise"],"picked":"hexamod:RecurringNightmare","floor":10.0},{"not_picked":["hexamod:ExtraCrispy","hexamod:HauntingEcho"],"picked":"hexamod:DynamicBlow","floor":11.0},{"not_picked":["hexamod:ShieldOfDarkness","hexamod:SpectralSpark","hexamod:InspiringFlames"],"picked":"SKIP","floor":12.0},{"not_picked":["hexamod:SoulSteal","hexamod:NecessarySacrifice"],"picked":"hexamod:EtherealExpedition","floor":14.0},{"not_picked":["hexamod:ShieldOfDarkness","hexamod:Again","hexamod:SwordOfDarkness"],"picked":"SKIP","floor":15.0},{"not_picked":["hexamod:ForkedFlame","hexamod:HexaLevel"],"picked":"hexamod:SixthSeal","floor":16.0},{"not_picked":["hexamod:FastForward+1","hexamod:ThirdSeal","hexamod:NightmareStrike"],"picked":"SKIP","floor":19.0},{"not_picked":["hexamod:SpectralAdrenaline","hexamod:StepThrough"],"picked":"hexamod:GhostLash+1","floor":21.0},{"not_picked":["hexamod:SwordOfDarkness","hexamod:NightmareStrike"],"picked":"hexamod:GhostLash+1","floor":22.0},{"not_picked":["hexamod:AdvancingGuard","hexamod:Incineration","hexamod:Firestarter+1"],"picked":"SKIP","floor":23.0},{"not_picked":["hexamod:SkipABeat","hexamod:ThirdSeal","hexamod:HauntingEcho+1"],"picked":"SKIP","floor":25.0},{"not_picked":["hexamod:RecurringNightmare","hexamod:HauntingEcho+1"],"picked":"hexamod:GhostLash","floor":28.0},{"not_picked":["hexamod:HeatShield","hexamod:BurningTouch","hexamod:SearingWound"],"picked":"SKIP","floor":29.0},{"not_picked":["hexamod:AdvancingGuard","hexamod:Rewind"],"picked":"hexamod:SuperheatedStrike","floor":31.0},{"not_picked":["hexamod:HauntingEcho","hexamod:ExtraCrispy"],"picked":"hexamod:SpectersWail","floor":32.0},{"not_picked":["hexamod:HeatMetal+1","hexamod:Rewind+1"],"picked":"hexamod:GhostLash+1","floor":36.0},{"not_picked":["hexamod:ThirdSeal","hexamod:DynamicBlow","hexamod:GhostOfSpireFuture"],"picked":"SKIP","floor":37.0},{"not_picked":["hexamod:EtherealExpedition+1","hexamod:GhostOfSpireFuture+1"],"picked":"hexamod:GhostLash","floor":42.0},{"not_picked":["hexamod:PhantomFireball","hexamod:GhostOfSpirePast"],"picked":"hexamod:SuperheatedStrike","floor":43.0},{"not_picked":["hexamod:ShieldOfDarkness+1","hexamod:SpectralSpark+1","hexamod:InspiringFlames+1"],"picked":"SKIP","floor":44.0},{"not_picked":["hexamod:ShieldOfDarkness+1","hexamod:SpectralSpark+1","hexamod:InspiringFlames+1"],"picked":"SKIP","floor":44.0},{"not_picked":["hexamod:RetreatToShadows+1","hexamod:UnleashSpirits"],"picked":"hexamod:SuperheatedStrike","floor":45.0},{"not_picked":["hexamod:SwordOfDarkness+1","hexamod:NightmareGuise"],"picked":"hexamod:SuperheatedStrike","floor":47.0},{"not_picked":["hexamod:Again","hexamod:PhantomFireball"],"picked":"hexamod:Hexaguard","floor":48.0},{"not_picked":["hexamod:NightmareGuise+1","hexamod:Firestarter+1"],"picked":"hexamod:SpectersWail","floor":49.0}],"player_experience":338557,"relics_obtained":[{"floor":20.0,"key":"downfall:CloakOfManyFaces"},{"floor":28.0,"key":"Regal Pillow"},{"floor":31.0,"key":"MealTicket"},{"floor":38.0,"key":"MawBank"},{"floor":38.0,"key":"Letter Opener"},{"floor":38.0,"key":"Ginger"},{"floor":41.0,"key":"War Paint"},{"floor":44.0,"key":"hexamod:SoulConsumer"}],"event_choices":[{"damage_healed":0.0,"max_hp_gain":0.0,"max_hp_loss":0.0,"gold_gain":0.0,"event_name":"Lab","player_choice":"Got Potions","floor":40.0,"gold_loss":0.0,"damage_taken":0.0}],"is_beta":true,"boss_relics":[{"not_picked":["Runic Pyramid","Tiny House"],"picked":"hexamod:IceCube"},{"not_picked":["Velvet Choker","Busted Crown"],"picked":"Empty Cage"}],"items_purged_floors":[9,22],"is_endless":false,"potions_floor_spawned":[2,4,10,11,14,21,23,29,31,32,36,43,44,45,48],"killed_by":"downfall:CharBossMerchant","ascension_level":5}}