{"host":"o6j8h35axmoodbwy","time":1613475043,"event":{"mods":["2.2 Compatiblity","Act Like it!","BaseMod","Colored Map","Colored Powertips","Faster Ascension Climbing","MarisaÅiñ∂âJÅ@ñÇóùçπÅj","Minty Spire (QoL Compilation)","Prisma Mod","Quick Restart","Shop Mod","StSLib","SuperFastMode","Td1madao Mod"],"gold_per_floor":[110,110,129,144,159,203,203,203,228,228,228,242,255,255,255,350,350,368,381,402,402,166,166,166,166],"floor_reached":24,"language":"JPN","playtime":1100,"items_purged":["Strike_R"],"score":376,"play_id":"5d4e320e-8c68-4a80-b815-24316df136b3","local_time":"20210216203043","is_ascension_mode":true,"campfire_choices":[{"floor":8,"key":"REST"},{"data":"Searing Blow","floor":11,"key":"SMITH"},{"data":"Searing Blow+1","floor":15,"key":"SMITH"},{"data":"Searing Blow+2","floor":23,"key":"SMITH"}],"circlet_count":0,"master_deck":["AscendersBane","Strike_R","Strike_R","Strike_R","Strike_R","Defend_R","Defend_R+1","Defend_R","Defend_R+1","Bash","Disarm","Injury","Sword Boomerang","Wild Strike","Searing Blow+3","Evolve","Juggernaut","Exhume","Shrug It Off","Ghostly","Ghostly","Ghostly"],"relics":["Burning Blood","Pocketwatch","Golden Idol","Bronze Scales","War Paint","Cursed Key","ClockworkSouvenir"],"acts_visited":["Exordium","TheCity"],"potions_floor_usage":[6,6,16,24],"damage_taken":[{"damage":19,"enemies":"Jaw Worm","floor":1,"turns":4},{"damage":3,"enemies":"2 Louse","floor":3,"turns":4},{"damage":2,"enemies":"Small Slimes","floor":4,"turns":4},{"damage":8,"enemies":"Blue Slaver","floor":5,"turns":5},{"damage":36,"enemies":"Lagavulin","floor":6,"turns":5},{"damage":25,"enemies":"Exordium Wildlife","floor":12,"turns":4},{"damage":9,"enemies":"2 Fungi Beasts","floor":13,"turns":4},{"damage":11,"enemies":"The Guardian","floor":16,"turns":10},{"damage":9,"enemies":"Chosen","floor":18,"turns":5},{"damage":25,"enemies":"Spheric Guardian","floor":19,"turns":4},{"damage":15,"enemies":"Snake Plant","floor":20,"turns":5},{"damage":43,"enemies":"Slavers","floor":24,"turns":3}],"seed_played":"2889489958660342187","potions_obtained":[{"floor":1,"key":"Regen Potion"},{"floor":4,"key":"LiquidMemories"},{"floor":13,"key":"EssenceOfSteel"},{"floor":16,"key":"GamblersBrew"},{"floor":18,"key":"Ancient Potion"},{"floor":20,"key":"Strength Potion"}],"is_trial":false,"path_per_floor":["M","?","M","M","M","E","?","R","T","?","R","M","M","?","R","B",null,"M","M","M","?","$","R","E"],"character_chosen":"IRONCLAD","items_purchased":["ClockworkSouvenir"],"campfire_rested":1,"item_purchase_floors":[22],"current_hp_per_floor":[37,37,40,44,42,21,21,43,43,43,43,24,21,46,46,41,67,64,45,36,36,36,36,0,0],"gold":166,"neow_bonus":"ONE_RARE_RELIC","is_daily":false,"chose_seed":false,"campfire_upgraded":3,"win_rate":0.0,"timestamp":1613475043,"path_taken":["M","?","M","M","M","E","?","R","T","?","R","M","?","?","R","BOSS","M","M","M","?","$","R","E"],"items_purchased_type":["Relic"],"build_version":"2020-12-22","purchased_purges":1,"victory":false,"max_hp_per_floor":[75,75,75,75,75,75,75,75,75,75,75,75,75,75,75,75,75,75,75,75,37,37,37,37,37],"card_choices":[{"not_picked":["Wild Strike","Clothesline"],"picked":"Disarm","floor":1},{"not_picked":["Clothesline","Body Slam"],"picked":"Sword Boomerang","floor":3},{"not_picked":["Dual Wield","Flex"],"picked":"Wild Strike","floor":4},{"not_picked":["Perfected Strike","Thunderclap"],"picked":"Searing Blow","floor":5},{"not_picked":["Bloodletting","Dual Wield"],"picked":"Evolve","floor":6},{"not_picked":["Heavy Blade","Wild Strike"],"picked":"Juggernaut","floor":12},{"not_picked":["Combust","Clothesline","Headbutt"],"picked":"SKIP","floor":13},{"not_picked":["Limit Break","Barricade"],"picked":"Exhume","floor":16},{"not_picked":["Dual Wield+1","Sever Soul","Carnage"],"picked":"SKIP","floor":18},{"not_picked":["Perfected Strike","Clash"],"picked":"Shrug It Off","floor":19},{"not_picked":["Clothesline","Rampage","Blood for Blood"],"picked":"SKIP","floor":20}],"player_experience":434734,"relics_obtained":[{"floor":6,"key":"Bronze Scales"},{"floor":9,"key":"War Paint"}],"event_choices":[{"damage_healed":0,"gold_gain":0,"player_choice":"Take Wound","damage_taken":0,"relics_obtained":["Golden Idol"],"max_hp_gain":0,"max_hp_loss":0,"event_name":"Golden Idol","floor":2,"gold_loss":0,"cards_obtained":["Injury"]},{"damage_healed":0,"gold_gain":0,"player_choice":"Ignored","damage_taken":0,"max_hp_gain":0,"max_hp_loss":0,"event_name":"Shining Light","floor":7,"gold_loss":0},{"damage_healed":0,"gold_gain":0,"player_choice":"Ignored","damage_taken":0,"max_hp_gain":0,"max_hp_loss":0,"event_name":"Liars Game","floor":10,"gold_loss":0},{"damage_healed":25,"gold_gain":0,"player_choice":"Banana","damage_taken":0,"max_hp_gain":0,"max_hp_loss":0,"event_name":"Big Fish","floor":14,"gold_loss":0},{"damage_healed":0,"gold_gain":0,"player_choice":"Became a Ghost","damage_taken":0,"max_hp_gain":0,"max_hp_loss":38,"event_name":"Ghosts","floor":21,"gold_loss":0,"cards_obtained":["Ghostly","Ghostly","Ghostly"]}],"is_beta":false,"boss_relics":[{"not_picked":["Black Blood","SlaversCollar"],"picked":"Cursed Key"}],"items_purged_floors":[22],"is_endless":false,"potions_floor_spawned":[1,4,13,16,18,20],"killed_by":"Slavers","ascension_level":18}}