{"host":"zoxaiktloqyihl9b","time":1613498018,"event":{"mods":["AchievementEnabler","BaseMod","Colored Map","Colored Powertips","Curses Come First","DeckTracker","Highlight Path","Minty Spire (QoL Compilation)","Permanent Neow","Quick Restart","Rare Cards Sparkle","Relic Sorter","Relic Stats","StSLib","SuperFastMode","Unceasing Turn Reminder","egg","everything is the same but u backflip on backflip"],"gold_per_floor":[116,133,133,133,148,148,148,148,148,148,148,167,24,38,38,162,162,180,180,193,193,216,216,251,251,251,251,27,27,70,83,83,208,208,222,222,243,22,22,22,62,75,75,119,19,40,60,104,104,104],"floor_reached":51,"language":"ENG","playtime":2031,"items_purged":["Defend_R","Doubt"],"score":1079,"play_id":"256e6a93-b83b-47ce-a68d-38f908ddba59","local_time":"20210216185338","is_ascension_mode":true,"campfire_choices":[{"data":"Bash","floor":6,"key":"SMITH"},{"data":"Pummel","floor":8,"key":"SMITH"},{"floor":15,"key":"REST"},{"data":"Offering","floor":23,"key":"SMITH"},{"data":"Seeing Red","floor":25,"key":"SMITH"},{"data":"Shockwave","floor":32,"key":"SMITH"},{"data":"Corruption","floor":40,"key":"SMITH"},{"data":"Apotheosis","floor":49,"key":"SMITH"}],"circlet_count":0,"master_deck":["Bash+1","Clash","Pummel+1","Warcry","Clash","Second Wind","Infernal Blade","Carnage","True Grit","Sever Soul","Infernal Blade","Dropkick","Seeing Red+1","Offering+1","Dark Embrace+1","Thunderclap+1","Rage+1","Feel No Pain+1","Bite","Bite","Bite","Bite","Shockwave+1","Ghostly+1","Ghostly","Ghostly","Ghostly","Ghostly","Battle Trance+1","True Grit","Demon Form+1","True Grit","Clash","Burning Pact+1","Corruption+1","Apotheosis+1","Dark Shackles","Feel No Pain+1","Body Slam","Clash","Offering","Shockwave+1","Body Slam+1","Feed"],"relics":["Runic Dome","Golden Idol","Champion Belt","Prayer Wheel","Sundial","Mercury Hourglass","Orrery","Astrolabe","Orichalcum","Gambling Chip","Eternal Feather","Enchiridion","Lee\u0027s Waffle","Strawberry","Cursed Key","StoneCalendar","Bottled Lightning","Ancient Tea Set","War Paint"],"acts_visited":["Exordium","TheCity","TheBeyond"],"potions_floor_usage":[16,24,24,33,44,50,50],"damage_taken":[{"damage":1,"enemies":"2 Louse","floor":1,"turns":3},{"damage":1,"enemies":"Jaw Worm","floor":2,"turns":2},{"damage":0,"enemies":"Cultist","floor":5,"turns":2},{"damage":13,"enemies":"Exordium Thugs","floor":12,"turns":3},{"damage":0,"enemies":"Large Slime","floor":14,"turns":2},{"damage":36,"enemies":"The Guardian","floor":16,"turns":6},{"damage":6,"enemies":"Chosen","floor":18,"turns":3},{"damage":6,"enemies":"Spheric Guardian","floor":20,"turns":3},{"damage":12,"enemies":"Slavers","floor":24,"turns":2},{"damage":8,"enemies":"Book of Stabbing","floor":30,"turns":3},{"damage":6,"enemies":"3 Cultists","floor":31,"turns":4},{"damage":42,"enemies":"Automaton","floor":33,"turns":9},{"damage":2,"enemies":"Orb Walker","floor":35,"turns":3},{"damage":1,"enemies":"3 Darklings","floor":37,"turns":4},{"damage":1,"enemies":"Giant Head","floor":41,"turns":3},{"damage":6,"enemies":"Writhing Mass","floor":42,"turns":3},{"damage":6,"enemies":"Nemesis","floor":44,"turns":3},{"damage":16,"enemies":"Maw","floor":46,"turns":6},{"damage":2,"enemies":"3 Darklings","floor":47,"turns":3},{"damage":1,"enemies":"Reptomancer","floor":48,"turns":3},{"damage":25,"enemies":"Time Eater","floor":50,"turns":6}],"seed_played":"-7224073050069064928","potions_obtained":[{"floor":14,"key":"PowerPotion"},{"floor":16,"key":"Swift Potion"},{"floor":18,"key":"BlessingOfTheForge"},{"floor":20,"key":"Weak Potion"},{"floor":30,"key":"ElixirPotion"},{"floor":41,"key":"Fire Potion"},{"floor":44,"key":"GamblersBrew"},{"floor":46,"key":"Dexterity Potion"}],"is_trial":false,"path_per_floor":["M","M","?","T","M","R","T","R","T","?","?","M","$","M","R","B",null,"M","?","M","?","T","R","E","R","T","?","$","?","E","M","R","B",null,"M","?","M","$","?","R","E","M","T","E","$","M","M","E","R","B",null],"character_chosen":"IRONCLAD","items_purchased":["Orrery","Lee\u0027s Waffle","Apotheosis","ColorlessPotion"],"campfire_rested":1,"item_purchase_floors":[13,28,38,38],"current_hp_per_floor":[79,78,58,58,58,58,58,58,58,46,46,33,33,33,57,21,80,74,56,54,45,45,45,36,36,36,20,68,34,41,41,41,10,41,40,40,41,41,41,41,41,35,35,32,32,25,26,31,41,22],"gold":104,"neow_bonus":"BOSS_RELIC","is_daily":false,"chose_seed":false,"campfire_upgraded":7,"win_rate":0.0,"timestamp":1613498018,"path_taken":["M","M","?","?","?","R","?","R","T","?","?","M","$","M","R","BOSS","M","?","M","?","?","R","E","R","T","?","$","?","E","M","R","BOSS","M","?","?","?","?","R","E","M","T","E","$","M","?","E","R","BOSS"],"items_purchased_type":["Relic","Relic","Card","Potion"],"build_version":"2020-12-22","purchased_purges":2,"victory":true,"max_hp_per_floor":[80,80,80,80,80,80,80,80,80,80,80,80,80,80,80,80,80,80,56,56,61,61,61,61,61,61,61,68,34,41,41,41,41,41,41,41,41,41,41,41,41,41,41,41,41,41,41,41,41,41],"relic_stats":{"Lee\u0027s Waffle":48,"counters":[21,76],"Golden Idol":156,"Astrolabe":["Dark Embrace","Thunderclap","Rage"],"Eternal Feather":10,"StoneCalendar":[0],"Orichalcum":[72],"War Paint":["Shockwave","Ghostly"],"Cursed Key":1,"Mercury Hourglass":[282],"Sundial":[10],"Gambling Chip":[36],"Prayer Wheel":10,"Champion Belt":[53],"obtain_stats":[{"Lee\u0027s Waffle":28,"Golden Idol":3,"Astrolabe":17,"Enchiridion":27,"Eternal Feather":26,"StoneCalendar":41,"Orichalcum":22,"War Paint":48,"Cursed Key":34,"Ancient Tea Set":44,"Burning Blood":0,"Mercury Hourglass":10,"Runic Dome":0,"Sundial":9,"Gambling Chip":24,"Strawberry":30,"Orrery":13,"Prayer Wheel":7,"Champion Belt":4,"Bottled Lightning":43},{"Lee\u0027s Waffle":9,"Golden Idol":2,"Astrolabe":6,"Enchiridion":9,"Eternal Feather":9,"StoneCalendar":15,"Orichalcum":8,"War Paint":20,"Cursed Key":12,"Ancient Tea Set":17,"Burning Blood":0,"Mercury Hourglass":3,"Runic Dome":0,"Sundial":3,"Gambling Chip":9,"Strawberry":10,"Orrery":4,"Prayer Wheel":3,"Champion Belt":2,"Bottled Lightning":16},{"Lee\u0027s Waffle":26,"Golden Idol":5,"Astrolabe":18,"Enchiridion":26,"Eternal Feather":26,"StoneCalendar":52,"Orichalcum":24,"War Paint":70,"Cursed Key":42,"Ancient Tea Set":58,"Burning Blood":0,"Mercury Hourglass":7,"Runic Dome":0,"Sundial":7,"Gambling Chip":26,"Strawberry":29,"Orrery":10,"Prayer Wheel":7,"Champion Belt":5,"Bottled Lightning":55}]},"card_choices":[{"not_picked":["Heavy Blade","Twin Strike"],"picked":"Clash","floor":1},{"not_picked":["Corruption","Fire Breathing"],"picked":"Pummel","floor":2},{"not_picked":["Disarm","Sword Boomerang"],"picked":"Warcry","floor":5},{"not_picked":["Dark Embrace","Pommel Strike"],"picked":"Clash","floor":12},{"not_picked":["Cleave","Sever Soul"],"picked":"Second Wind","floor":12},{"not_picked":["Warcry","Searing Blow"],"picked":"Infernal Blade","floor":13},{"not_picked":["Fire Breathing","Thunderclap"],"picked":"Carnage","floor":13},{"not_picked":["Bludgeon","Metallicize"],"picked":"True Grit","floor":13},{"not_picked":["Heavy Blade","Warcry"],"picked":"Sever Soul","floor":13},{"not_picked":["Flex","Anger"],"picked":"Infernal Blade","floor":13},{"not_picked":["Iron Wave","Cleave"],"picked":"Dropkick","floor":14},{"not_picked":["Rage","Perfected Strike"],"picked":"Seeing Red","floor":14},{"not_picked":["Limit Break","Berserk"],"picked":"Offering","floor":16},{"not_picked":["Heavy Blade","Clothesline"],"picked":"Feel No Pain+1","floor":18},{"not_picked":["Spot Weakness+1","Entrench","Twin Strike+1"],"picked":"SKIP","floor":18},{"not_picked":["Clash","Anger"],"picked":"Shockwave","floor":20},{"not_picked":["Armaments","Searing Blow","Rupture"],"picked":"SKIP","floor":20},{"not_picked":["Headbutt","Body Slam","Disarm"],"picked":"SKIP","floor":24},{"not_picked":["Bludgeon","Pommel Strike","Headbutt"],"picked":"SKIP","floor":30},{"not_picked":["Sword Boomerang","Pummel"],"picked":"Battle Trance+1","floor":31},{"not_picked":["Armaments","Flex"],"picked":"True Grit","floor":31},{"not_picked":["Fiend Fire","Double Tap"],"picked":"Demon Form","floor":33},{"not_picked":["Flex+1","Pommel Strike"],"picked":"True Grit","floor":35},{"not_picked":["Rupture+1","Flex"],"picked":"Clash","floor":35},{"not_picked":["Rage+1","Twin Strike"],"picked":"Burning Pact+1","floor":37},{"not_picked":["Thunderclap","Cleave"],"picked":"Corruption","floor":37},{"not_picked":["Spot Weakness","Headbutt"],"picked":"Feel No Pain+1","floor":41},{"not_picked":["Twin Strike","Clothesline+1"],"picked":"Body Slam","floor":42},{"not_picked":["Iron Wave","Flex"],"picked":"Clash","floor":42},{"not_picked":["Uppercut","Sword Boomerang"],"picked":"Offering","floor":44},{"not_picked":["Flex","Pommel Strike+1"],"picked":"Shockwave","floor":46},{"not_picked":["Thunderclap+1","Spot Weakness","Metallicize+1"],"picked":"SKIP","floor":46},{"not_picked":["Fire Breathing","Heavy Blade"],"picked":"Body Slam+1","floor":47},{"not_picked":["Flex+1","Uppercut+1","Carnage+1"],"picked":"SKIP","floor":47},{"not_picked":["Dropkick","Thunderclap"],"picked":"Feed","floor":48}],"player_experience":3935,"relics_obtained":[{"floor":4,"key":"Champion Belt"},{"floor":7,"key":"Prayer Wheel"},{"floor":9,"key":"Sundial"},{"floor":22,"key":"Orichalcum"},{"floor":24,"key":"Gambling Chip"},{"floor":26,"key":"Eternal Feather"},{"floor":27,"key":"Enchiridion"},{"floor":30,"key":"Strawberry"},{"floor":41,"key":"StoneCalendar"},{"floor":43,"key":"Bottled Lightning"},{"floor":44,"key":"Ancient Tea Set"},{"floor":48,"key":"War Paint"}],"event_choices":[{"damage_healed":0,"gold_gain":0,"player_choice":"Take Damage","damage_taken":20,"relics_obtained":["Golden Idol"],"max_hp_gain":0,"max_hp_loss":0,"event_name":"Golden Idol","floor":3,"gold_loss":0},{"damage_healed":0,"gold_gain":0,"player_choice":"Success","damage_taken":12,"relics_obtained":["Mercury Hourglass"],"max_hp_gain":0,"max_hp_loss":0,"event_name":"Scrap Ooze","floor":10,"gold_loss":0},{"damage_healed":0,"gold_gain":0,"player_choice":"Ignored","damage_taken":0,"max_hp_gain":0,"max_hp_loss":0,"event_name":"Liars Game","floor":11,"gold_loss":0},{"damage_healed":0,"gold_gain":0,"player_choice":"Became a vampire","damage_taken":0,"max_hp_gain":0,"max_hp_loss":24,"event_name":"Vampires","floor":19,"gold_loss":0,"cards_obtained":["Bite","Bite","Bite","Bite","Bite"]},{"damage_healed":0,"gold_gain":0,"player_choice":"Shed Blood","damage_taken":14,"max_hp_gain":5,"max_hp_loss":0,"event_name":"Forgotten Altar","floor":21,"gold_loss":0},{"damage_healed":0,"gold_gain":0,"player_choice":"Obtained Book","damage_taken":16,"max_hp_gain":0,"max_hp_loss":0,"event_name":"Cursed Tome","floor":27,"gold_loss":0},{"damage_healed":0,"gold_gain":0,"player_choice":"Became a Ghost","damage_taken":0,"max_hp_gain":0,"max_hp_loss":34,"event_name":"Ghosts","floor":29,"gold_loss":0,"cards_obtained":["Ghostly","Ghostly","Ghostly","Ghostly","Ghostly"]},{"damage_healed":0,"gold_gain":0,"player_choice":"Upgraded","damage_taken":0,"max_hp_gain":0,"max_hp_loss":0,"event_name":"Upgrade Shrine","floor":36,"gold_loss":0,"cards_upgraded":["Demon Form"]},{"damage_healed":0,"gold_gain":0,"cards_transformed":["Bite"],"player_choice":"Transformed","damage_taken":0,"max_hp_gain":0,"max_hp_loss":0,"event_name":"Transmorgrifier","floor":39,"gold_loss":0,"cards_obtained":["Dark Shackles"]}],"is_beta":false,"boss_relics":[{"not_picked":["Fusion Hammer","Philosopher\u0027s Stone"],"picked":"Astrolabe"},{"not_picked":["Empty Cage","Coffee Dripper"],"picked":"Cursed Key"}],"items_purged_floors":[28,45],"is_endless":false,"potions_floor_spawned":[14,16,18,20,30,41,44,46],"ascension_level":1}}