{"host":"3knbl8zxdy69ze8y","time":1613445633,"event":{"mods":["Astrologer","Bard","BaseMod","Colored Map","Hermit","Minty Spire (QoL Compilation)","Shapeshifter Mod","Smile Girya","StSLib","The Animator","The Hierophant","The Runesmith","The Widow","TheBandit"],"gold_per_floor":[110,110,126,148,24,57,57,94,94,121,121,121,131,131,131,147,147],"floor_reached":16,"language":"ENG","playtime":1323,"items_purged":["animator:Defend"],"score":110,"play_id":"227b57fa-dc0e-44eb-b68f-3b384619b05d","local_time":"20210215192033","is_ascension_mode":false,"campfire_choices":[{"data":"animator:MumenRider","floor":7,"key":"SMITH"},{"floor":12,"key":"REST"},{"floor":15,"key":"REST"}],"circlet_count":0,"master_deck":["animator:Strike_Konosuba","animator:Defend_Konosuba","animator:Strike","animator:Strike","animator:Strike","animator:Defend","animator:Defend","animator:Kazuma","animator:Aqua","animator:Jibril","animator:Genos","animator:Chris","animator:MumenRider+1","animator:Vanir","animator:MetalKnight","animator:Mitsurugi","animator:Vanir"],"relics":["animator:LivingPicture","animator:TheMissingPiece","FaceOfCleric","Unceasing Top","Toy Ornithopter","MealTicket","Orichalcum"],"acts_visited":["Exordium"],"potions_floor_usage":[8,16,16],"damage_taken":[{"damage":8,"enemies":"Jaw Worm","floor":1,"turns":7},{"damage":10,"enemies":"Cultist","floor":3,"turns":6},{"damage":0,"enemies":"2 Louse","floor":4,"turns":3},{"damage":45,"enemies":"3 Sentries","floor":6,"turns":8},{"damage":29,"enemies":"Gremlin Nob","floor":8,"turns":4},{"damage":1,"enemies":"Exordium Wildlife","floor":10,"turns":3},{"damage":1,"enemies":"Exordium Thugs","floor":13,"turns":4},{"damage":67,"enemies":"Hexaghost","floor":16,"turns":9}],"seed_played":"5238809198456326502","potions_obtained":[{"floor":1,"key":"Regen Potion"},{"floor":8,"key":"GamblersBrew"},{"floor":13,"key":"ColorlessPotion"}],"is_trial":false,"path_per_floor":["M","?","M","M","$","E","R","E","T","M","?","R","M","T","R","B"],"character_chosen":"THE_ANIMATOR","items_purchased":["animator:MumenRider"],"campfire_rested":2,"item_purchase_floors":[5],"current_hp_per_floor":[64,64,57,60,60,19,19,2,2,4,4,27,29,29,52,0,0],"gold":147,"neow_bonus":"TEN_PERCENT_HP_BONUS","is_daily":false,"chose_seed":false,"campfire_upgraded":1,"win_rate":0.0,"timestamp":1613445633,"path_taken":["M","?","M","?","$","E","R","E","T","M","?","R","M","?","R","BOSS"],"items_purchased_type":["Card"],"build_version":"2020-12-22","purchased_purges":1,"victory":false,"max_hp_per_floor":[72,72,73,74,74,76,76,77,77,78,78,78,79,79,79,79,79],"card_choices":[{"not_picked":["animator:Alexander","animator:DwarfShaman"],"picked":"animator:Jibril","floor":1},{"not_picked":["animator:Raven","animator:Jibril"],"picked":"animator:Genos","floor":3},{"not_picked":["animator:DolaCouronne","animator:Assassin"],"picked":"animator:Chris","floor":4},{"not_picked":["animator:Kazuma","animator:Chris"],"picked":"animator:Vanir","floor":6},{"not_picked":["animator:KyokoSakura","animator:Boros"],"picked":"animator:MetalKnight","floor":8},{"not_picked":["animator:ShinjiMatou","animator:SayakaMiki"],"picked":"animator:Mitsurugi","floor":10},{"not_picked":["animator:DolaSchwi","animator:MamiTomoe"],"picked":"animator:Vanir","floor":13}],"player_experience":798094,"relics_obtained":[{"floor":6,"key":"Unceasing Top"},{"floor":8,"key":"Toy Ornithopter"},{"floor":9,"key":"MealTicket"},{"floor":14,"key":"Orichalcum"}],"event_choices":[{"damage_healed":0,"gold_gain":0,"player_choice":"Trade","damage_taken":0,"relics_obtained":["FaceOfCleric"],"max_hp_gain":0,"max_hp_loss":0,"event_name":"FaceTrader","floor":2,"gold_loss":0},{"damage_healed":0,"gold_gain":0,"player_choice":"Ignored","damage_taken":0,"max_hp_gain":0,"max_hp_loss":0,"event_name":"Shining Light","floor":11,"gold_loss":0}],"is_beta":false,"boss_relics":[],"items_purged_floors":[5],"is_endless":false,"potions_floor_spawned":[1,8,13],"killed_by":"Hexaghost","ascension_level":0}}