{"host":"kvo7eymyd21g9abd","time":1613502184,"event":{"mods":["AchievementEnabler","BaseMod","Bestiary","Colored Map","Minty Spire (QoL Compilation)","StSLib"],"gold_per_floor":[116,136,156,156,231,259,259,285,285,285,304,323,374,390,390,390,390],"floor_reached":16,"language":"ENG","playtime":425,"items_purged":[],"score":140,"play_id":"cd4f1250-f664-4610-8ebe-6b50f164b25e","local_time":"20210216140304","is_ascension_mode":true,"campfire_choices":[{"floor":7,"key":"REST"},{"floor":10,"key":"REST"},{"floor":15,"key":"RECALL"}],"circlet_count":0,"master_deck":["Strike_B","Strike_B","Strike_B","Strike_B","Defend_B","Defend_B","Defend_B","Defend_B","Zap","Dualcast","Rebound","Self Repair","Rip and Tear","All For One","Go for the Eyes","BootSequence","Beam Cell","Reprogram"],"relics":["Cracked Core","Sundial","Girya","Thread and Needle"],"acts_visited":["Exordium"],"potions_floor_usage":[8,12,16,16],"damage_taken":[{"damage":6,"enemies":"Cultist","floor":1,"turns":3},{"damage":0,"enemies":"Small Slimes","floor":2,"turns":2},{"damage":0,"enemies":"2 Louse","floor":3,"turns":2},{"damage":55,"enemies":"3 Sentries","floor":6,"turns":7},{"damage":34,"enemies":"Gremlin Nob","floor":8,"turns":5},{"damage":9,"enemies":"Blue Slaver","floor":11,"turns":3},{"damage":0,"enemies":"2 Fungi Beasts","floor":12,"turns":3},{"damage":0,"enemies":"Lots of Slimes","floor":14,"turns":3},{"damage":67,"enemies":"Slime Boss","floor":16,"turns":7}],"seed_played":"1818149537091309763","potions_obtained":[{"floor":1,"key":"Weak Potion"},{"floor":2,"key":"SmokeBomb"},{"floor":11,"key":"Block Potion"},{"floor":12,"key":"BlessingOfTheForge"},{"floor":14,"key":"Dexterity Potion"}],"is_trial":false,"path_per_floor":["M","M","M","?","?","E","R","E","T","R","M","M","?","M","R","B"],"character_chosen":"DEFECT","items_purchased":[],"campfire_rested":2,"item_purchase_floors":[],"current_hp_per_floor":[76,76,82,82,71,23,47,20,20,44,42,49,49,56,56,0,0],"gold":390,"neow_bonus":"TEN_PERCENT_HP_BONUS","is_daily":false,"chose_seed":false,"campfire_upgraded":0,"win_rate":0.0,"timestamp":1613502184,"path_taken":["M","M","M","?","?","E","R","E","T","R","M","M","?","M","R","BOSS"],"items_purchased_type":[],"build_version":"2020-12-22","purchased_purges":0,"victory":false,"max_hp_per_floor":[82,82,82,82,82,82,82,82,82,82,82,82,82,82,82,82,82],"card_choices":[{"not_picked":["Steam","Beam Cell"],"picked":"Rebound","floor":1},{"not_picked":["Rebound","Defragment"],"picked":"Self Repair","floor":2},{"not_picked":["Turbo","Scrape"],"picked":"Rip and Tear","floor":3},{"not_picked":["Stack","Glacier"],"picked":"All For One","floor":6},{"not_picked":["FTL","Consume"],"picked":"Go for the Eyes","floor":8},{"not_picked":["Undo","Defragment"],"picked":"BootSequence","floor":11},{"not_picked":["Hello World","Conserve Battery"],"picked":"Beam Cell","floor":12},{"not_picked":["Recycle","Doom and Gloom"],"picked":"Reprogram","floor":14}],"player_experience":464082,"relics_obtained":[{"floor":6,"key":"Sundial"},{"floor":8,"key":"Girya"},{"floor":9,"key":"Thread and Needle"}],"event_choices":[{"damage_healed":0,"gold_gain":0,"player_choice":"Leave","damage_taken":0,"max_hp_gain":0,"max_hp_loss":0,"event_name":"The Cleric","floor":4,"gold_loss":0},{"damage_healed":0,"gold_gain":75,"player_choice":"Gather Gold","damage_taken":11,"max_hp_gain":0,"max_hp_loss":0,"event_name":"World of Goop","floor":5,"gold_loss":0},{"damage_healed":0,"gold_gain":51,"player_choice":"Gained Gold","damage_taken":0,"max_hp_gain":0,"max_hp_loss":0,"event_name":"Golden Wing","floor":13,"gold_loss":0}],"is_beta":false,"boss_relics":[],"items_purged_floors":[],"is_endless":false,"potions_floor_spawned":[1,2,11,12,14],"killed_by":"Slime Boss","ascension_level":5}}