{"host":"idjwbq71yrpkph1r","time":1613439646,"event":{"mods":["AchievementEnabler","Alarm Clock","BaseMod","Block Reminder","Colored Map","Curses Come First","Displayed Cursed Tome","Hermit","Highlight Path","Minty Spire (QoL Compilation)","Rare Cards Sparkle","Relic Stats","StSLib","everything is the same but u backflip on backflip","slay the spire mod where everything is the same but ironclad has a cowboy hat"],"gold_per_floor":[112,37,54,54,54,84,84,97,97,109,121,133,145,191,203,310,322,349,286,298,67,81,100,100,111,111,123,123,134,134,149,149,253,253,268,287,287,298,313,313,223,98,178,192,192,42,62,76,76,76],"floor_reached":51,"language":"ENG","playtime":1274,"items_purged":["Fiend Fire","Twin Strike","Flex+1","Searing Blow+1"],"score":759,"play_id":"7b7561d0-fc37-4cd2-98eb-ac8fa40f4be3","local_time":"20210216024046","is_ascension_mode":false,"campfire_choices":[{"floor":10.0,"key":"REST"},{"data":"Anger","floor":13.0,"key":"SMITH"},{"floor":15.0,"key":"REST"},{"floor":28,"key":"REST"},{"floor":32,"key":"REST"},{"floor":40,"key":"REST"},{"floor":45,"key":"REST"},{"floor":49,"key":"REST"}],"circlet_count":0,"master_deck":["Immolate+1","Iron Wave","Double Tap","Anger+1","Rampage","Necronomicurse"],"relics":["Pandora\u0027s Box","Question Card","Gremlin Horn","MawBank","Sundial","Mummified Hand","Bag of Marbles","Runic Pyramid","Necronomicon","Bronze Scales","Shuriken","SlaversCollar","Bottled Lightning"],"acts_visited":["Exordium","TheCity","TheBeyond"],"potions_floor_usage":[31,50,50],"damage_taken":[{"damage":7.0,"enemies":"Small Slimes","floor":1.0,"turns":3.0},{"damage":0.0,"enemies":"2 Louse","floor":3.0,"turns":2.0},{"damage":4.0,"enemies":"3 Sentries","floor":6.0,"turns":5.0},{"damage":1.0,"enemies":"Jaw Worm","floor":8.0,"turns":2.0},{"damage":9.0,"enemies":"Gremlin Nob","floor":14.0,"turns":3.0},{"damage":45,"enemies":"The Guardian","floor":16,"turns":7},{"damage":10,"enemies":"2 Thieves","floor":18,"turns":3},{"damage":10,"enemies":"Spheric Guardian","floor":22,"turns":2},{"damage":0,"enemies":"Centurion and Healer","floor":23,"turns":1},{"damage":4,"enemies":"Shelled Parasite and Fungi","floor":25,"turns":1},{"damage":0,"enemies":"Chosen and Byrds","floor":27,"turns":2},{"damage":0,"enemies":"Snecko","floor":29,"turns":2},{"damage":0,"enemies":"Cultist and Chosen","floor":31,"turns":1},{"damage":27,"enemies":"Champ","floor":33,"turns":5},{"damage":12,"enemies":"3 Shapes","floor":35,"turns":1},{"damage":0,"enemies":"Orb Walker","floor":36,"turns":2},{"damage":11,"enemies":"Sphere and 2 Shapes","floor":38,"turns":2},{"damage":16,"enemies":"Spire Growth","floor":39,"turns":2},{"damage":24,"enemies":"Maw","floor":44,"turns":5},{"damage":0,"enemies":"Jaw Worm Horde","floor":47,"turns":1},{"damage":17,"enemies":"Spire Growth","floor":48,"turns":3},{"damage":61,"enemies":"Donu and Deca","floor":50,"turns":4}],"seed_played":"6939394821289529850","potions_obtained":[{"floor":1.0,"key":"LiquidMemories"},{"floor":3.0,"key":"SteroidPotion"},{"floor":14.0,"key":"SneckoOil"},{"floor":23,"key":"EntropicBrew"},{"floor":29,"key":"BloodPotion"},{"floor":31,"key":"LiquidBronze"},{"floor":39,"key":"DistilledChaos"}],"is_trial":false,"path_per_floor":["M","$","M","?","?","E","$","M","T","R","?","T","R","E","R","B",null,"M","?","?","$","M","M","?","M","T","M","R","M","?","M","R","B",null,"M","M","?","M","M","R","?","$","T","M","R","$","M","M","R","B",null],"character_chosen":"IRONCLAD","items_purchased":["Bronze Scales"],"campfire_rested":7,"item_purchase_floors":[21],"current_hp_per_floor":[73,73,73,57,32,28,28,27,27,51,51,51,51,42,66,21,80,70,70,54,54,44,44,44,40,40,40,64,64,49,49,74,47,85,73,73,73,62,46,71,71,71,71,47,72,72,72,55,80,36],"gold":76,"neow_bonus":"BOSS_RELIC","is_daily":false,"chose_seed":false,"campfire_upgraded":1,"win_rate":0.0,"timestamp":1613439646,"path_taken":["M","$","M","?","?","E","$","M","T","R","?","?","R","E","R","BOSS","M","?","?","$","M","M","?","M","T","M","R","?","?","M","R","BOSS","M","M","?","M","M","R","?","$","T","M","R","$","M","?","R","BOSS"],"items_purchased_type":["Relic"],"build_version":"2020-12-22","purchased_purges":4,"victory":true,"max_hp_per_floor":[80,80,80,80,80,80,80,80,80,80,80,80,80,80,80,80,80,80,80,80,80,80,80,80,80,80,80,80,80,85,85,85,85,85,85,85,85,85,85,85,85,85,85,85,85,85,85,85,85,85],"relic_stats":{"Gremlin Horn":[8,8],"counters":[22,59],"Sundial":[14],"Mummified Hand":[0],"Shuriken":[27],"Bronze Scales":[53],"Pandora\u0027s Box":["Fiend Fire","Immolate","Twin Strike","Impervious","Headbutt","Iron Wave","Searing Blow","Double Tap","Limit Break"],"Necronomicon":[26],"Question Card":19,"MawBank":144,"obtain_stats":[{"Gremlin Horn":6,"Question Card":5,"MawBank":9,"Burning Blood":0,"SlaversCollar":34,"Sundial":11,"Mummified Hand":12,"Shuriken":26,"Bronze Scales":21,"Pandora\u0027s Box":0,"Bag of Marbles":14,"Necronomicon":20,"Bottled Lightning":43,"Runic Pyramid":17},{"Gremlin Horn":3,"Question Card":2,"MawBank":4,"Burning Blood":0,"SlaversCollar":14,"Sundial":4,"Mummified Hand":4,"Shuriken":10,"Bronze Scales":7,"Pandora\u0027s Box":0,"Bag of Marbles":5,"Necronomicon":7,"Bottled Lightning":18,"Runic Pyramid":6},{"Gremlin Horn":10,"Question Card":5,"MawBank":12,"Burning Blood":0,"SlaversCollar":39,"Sundial":12,"Mummified Hand":12,"Shuriken":29,"Bronze Scales":25,"Pandora\u0027s Box":0,"Bag of Marbles":15,"Necronomicon":25,"Bottled Lightning":46,"Runic Pyramid":22}]},"card_choices":[{"not_picked":["Pummel","Inflame","Body Slam"],"picked":"SKIP","floor":1.0},{"not_picked":["Body Slam","Headbutt","Pummel"],"picked":"SKIP","floor":3.0},{"not_picked":["Inflame","Warcry","Headbutt","Clothesline"],"picked":"SKIP","floor":6.0},{"not_picked":["Impervious","Headbutt","Carnage"],"picked":"Anger","floor":8.0},{"not_picked":["Headbutt","Berserk","Shrug It Off"],"picked":"Rampage","floor":14.0},{"not_picked":["Headbutt","Havoc","Perfected Strike+1","Pommel Strike"],"picked":"SKIP","floor":18},{"not_picked":["Warcry","Blood for Blood+1","Thunderclap"],"picked":"Flex+1","floor":22},{"not_picked":["Bludgeon","Cleave+1","Clothesline","Havoc"],"picked":"SKIP","floor":23},{"not_picked":["True Grit","Cleave","Inflame","Perfected Strike"],"picked":"SKIP","floor":25},{"not_picked":["Wild Strike","Shrug It Off","Warcry+1","Armaments"],"picked":"SKIP","floor":27},{"not_picked":["Double Tap","Spot Weakness","Wild Strike","Evolve"],"picked":"SKIP","floor":29},{"not_picked":["True Grit","Rampage","Searing Blow","Seeing Red"],"picked":"SKIP","floor":31},{"not_picked":["Warcry","Heavy Blade","Second Wind","Headbutt"],"picked":"SKIP","floor":35},{"not_picked":["Twin Strike+1","Clothesline","Armaments","Havoc"],"picked":"SKIP","floor":36},{"not_picked":["Twin Strike","Anger+1","Perfected Strike","Intimidate"],"picked":"SKIP","floor":38},{"not_picked":["Feel No Pain+1","Barricade","Anger+1","Carnage"],"picked":"SKIP","floor":39},{"not_picked":["True Grit+1","Infernal Blade+1","Disarm+1","Clash+1"],"picked":"SKIP","floor":44},{"not_picked":["Armaments+1","Whirlwind","Combust+1","Pommel Strike"],"picked":"SKIP","floor":47},{"not_picked":["Dark Embrace","Perfected Strike","Body Slam+1","Twin Strike"],"picked":"SKIP","floor":48}],"player_experience":369398,"relics_obtained":[{"floor":6.0,"key":"Gremlin Horn"},{"floor":9.0,"key":"MawBank"},{"floor":12.0,"key":"Mummified Hand"},{"floor":14.0,"key":"Bag of Marbles"},{"floor":26,"key":"Shuriken"},{"floor":43,"key":"Bottled Lightning"}],"event_choices":[{"damage_healed":0.0,"max_hp_gain":0.0,"max_hp_loss":0.0,"gold_gain":0.0,"event_name":"Shining Light","player_choice":"Entered Light","floor":4.0,"gold_loss":0.0,"damage_taken":16.0,"cards_upgraded":["Searing Blow","Bash"]},{"damage_healed":0.0,"max_hp_gain":0.0,"max_hp_loss":0.0,"gold_gain":0.0,"event_name":"Scrap Ooze","player_choice":"Success","floor":5.0,"gold_loss":0.0,"damage_taken":25.0,"relics_obtained":["Question Card"]},{"damage_healed":0.0,"max_hp_gain":0.0,"max_hp_loss":0.0,"gold_gain":0.0,"event_name":"Dead Adventurer","player_choice":"Searched \u00271\u0027 times","floor":11.0,"gold_loss":0.0,"damage_taken":0.0,"relics_obtained":["Sundial"]},{"cards_removed":["Limit Break"],"damage_healed":0,"gold_gain":0,"player_choice":"Gave Gold","damage_taken":0,"max_hp_gain":0,"max_hp_loss":0,"event_name":"Beggar","floor":19,"gold_loss":75},{"damage_healed":0,"gold_gain":0,"player_choice":"Obtained Book","damage_taken":16,"max_hp_gain":0,"max_hp_loss":0,"event_name":"Cursed Tome","floor":20,"gold_loss":0},{"cards_removed":["Headbutt"],"damage_healed":0,"gold_gain":0,"player_choice":"Purged","damage_taken":0,"max_hp_gain":0,"max_hp_loss":0,"event_name":"Purifier","floor":24,"gold_loss":0},{"damage_healed":0,"gold_gain":0,"player_choice":"Shed Blood","damage_taken":20,"max_hp_gain":5,"max_hp_loss":0,"event_name":"Forgotten Altar","floor":30,"gold_loss":0},{"cards_removed":["Impervious"],"damage_healed":0,"gold_gain":0,"player_choice":"Removed Skill","damage_taken":0,"max_hp_gain":0,"max_hp_loss":0,"event_name":"Falling","floor":37,"gold_loss":0},{"cards_removed":["Bash"],"damage_healed":0,"gold_gain":0,"player_choice":"Upgrade and Remove","damage_taken":0,"max_hp_gain":0,"max_hp_loss":0,"event_name":"Designer","floor":41,"gold_loss":90,"cards_upgraded":["Immolate"]}],"is_beta":false,"boss_relics":[{"not_picked":["Cursed Key","Velvet Choker"],"picked":"Runic Pyramid"},{"not_picked":["Fusion Hammer","Runic Cube"],"picked":"SlaversCollar"}],"items_purged_floors":[2,21,42,46],"is_endless":false,"potions_floor_spawned":[1,3,14,23,29,31,33,35,39,48],"ascension_level":0}}