{"host":"2yqfi47fogfu1ic4","time":1613468009,"event":{"mods":["AchievementEnabler","BaseMod","Colored Map","Colored Powertips","Highlight Path","Minty Spire (QoL Compilation)","Permanent Neow","Relic Stats","StSLib"],"gold_per_floor":[115,132,142,159,174,174,199,211,211,191,202,33,68,81,81,155,155,166,128,128,139,154,154,171,371,396,410,423,160,160,178,178,255,255,266,266,284,137,137,137,150,150,150,54,74,74,47,81,81,81,81],"floor_reached":50,"language":"DEU","playtime":4551,"items_purged":["Backstab","Shame","Strike_G","Grand Finale"],"score":1001,"play_id":"2d2b7a84-6fb2-440e-be42-b66a215a90b7","local_time":"20210216103328","is_ascension_mode":true,"campfire_choices":[{"data":"Dash","floor":6.0,"key":"SMITH"},{"data":"Footwork","floor":15.0,"key":"SMITH"},{"floor":23.0,"key":"REST"},{"data":"Well Laid Plans","floor":32.0,"key":"SMITH"},{"data":"Footwork","floor":40.0,"key":"SMITH"},{"floor":42.0,"key":"REST"},{"floor":46,"key":"REST"},{"floor":49,"key":"RECALL"}],"circlet_count":0,"master_deck":["AscendersBane","Strike_G","Strike_G","Strike_G","Strike_G","Defend_G","Defend_G","Defend_G","Defend_G","Defend_G","Survivor","Neutralize","Dash+1","Well Laid Plans+1","Predator","Blade Dance","Dash","Dagger Throw","Deflect","Die Die Die","Dash","Acrobatics+1","Footwork+1","Footwork","Footwork","Backflip","Phantasmal Killer","Leg Sweep","Phantasmal Killer","Calculated Gamble","Backflip","Eviscerate","Predator","Sucker Punch+1","Bullet Time","PiercingWail","Eviscerate","Predator","Acrobatics","Underhanded Strike"],"relics":["Cursed Key","StrikeDummy","Membership Card","Ginger","Snecko Eye","Orrery","Vajra","Philosopher\u0027s Stone","Frozen Egg 2"],"acts_visited":["Exordium","TheCity","TheBeyond"],"potions_floor_usage":[50],"damage_taken":[{"damage":2.0,"enemies":"Cultist","floor":1.0,"turns":5.0},{"damage":0.0,"enemies":"Jaw Worm","floor":2.0,"turns":4.0},{"damage":0.0,"enemies":"2 Louse","floor":3.0,"turns":2.0},{"damage":3.0,"enemies":"Lots of Slimes","floor":4.0,"turns":5.0},{"damage":13.0,"enemies":"Exordium Thugs","floor":5.0,"turns":6.0},{"damage":8.0,"enemies":"3 Sentries","floor":7.0,"turns":10.0},{"damage":10.0,"enemies":"Red Slaver","floor":8.0,"turns":2.0},{"damage":0.0,"enemies":"Exordium Wildlife","floor":11.0,"turns":2.0},{"damage":1.0,"enemies":"Lagavulin","floor":13.0,"turns":8.0},{"damage":8.0,"enemies":"Large Slime","floor":14.0,"turns":3.0},{"damage":4.0,"enemies":"The Guardian","floor":16.0,"turns":14.0},{"damage":0.0,"enemies":"Chosen","floor":18.0,"turns":4.0},{"damage":21.0,"enemies":"Shell Parasite","floor":21.0,"turns":5.0},{"damage":22.0,"enemies":"Snake Plant","floor":22.0,"turns":4.0},{"damage":0.0,"enemies":"Centurion and Healer","floor":24.0,"turns":5.0},{"damage":3.0,"enemies":"Chosen and Byrds","floor":27.0,"turns":6.0},{"damage":0.0,"enemies":"Cultist and Chosen","floor":28.0,"turns":6.0},{"damage":0.0,"enemies":"Snake Plant","floor":31.0,"turns":3.0},{"damage":1.0,"enemies":"Champ","floor":33.0,"turns":15.0},{"damage":37.0,"enemies":"3 Darklings","floor":35.0,"turns":6.0},{"damage":0.0,"enemies":"Orb Walker","floor":37.0,"turns":3.0},{"damage":5.0,"enemies":"Maw","floor":41.0,"turns":5.0},{"damage":0,"enemies":"Transient","floor":45,"turns":6},{"damage":4,"enemies":"Giant Head","floor":48,"turns":8},{"damage":80,"enemies":"Time Eater","floor":50,"turns":10}],"seed_played":"853018007767643068","potions_obtained":[{"floor":1.0,"key":"Poison Potion"},{"floor":3.0,"key":"EssenceOfSteel"},{"floor":4.0,"key":"BlessingOfTheForge"},{"floor":7.0,"key":"LiquidMemories"},{"floor":8.0,"key":"ColorlessPotion"},{"floor":21.0,"key":"EssenceOfSteel"},{"floor":24.0,"key":"Weak Potion"},{"floor":31.0,"key":"DuplicationPotion"},{"floor":37.0,"key":"Dexterity Potion"},{"floor":45,"key":"Swift Potion"}],"is_trial":false,"path_per_floor":["M","M","M","M","M","R","E","M","T","?","M","$","E","M","R","B",null,"M","$","?","M","M","R","M","?","T","M","M","$","?","M","R","B",null,"M","T","M","$","?","R","M","R","T","$","M","R","$","E","R","B"],"character_chosen":"THE_SILENT","items_purchased":["Membership Card","Orrery","Vajra","Backflip","Eviscerate","Bullet Time","Eviscerate","Acrobatics"],"campfire_rested":3,"item_purchase_floors":[12,29,29,29,29,38,44,47],"current_hp_per_floor":[57,57,57,54,41,41,33,23,23,23,23,23,22,14,14,10,52,52,52,52,31,9,28,28,28,28,25,25,25,25,25,25,24,56,19,19,19,19,19,19,14,33,33,33,33,52,52,48,48,0,0],"gold":81,"neow_bonus":"BOSS_RELIC","is_daily":false,"chose_seed":false,"campfire_upgraded":4,"win_rate":0.0,"timestamp":1613468008,"path_taken":["M","M","M","?","?","R","E","M","T","?","?","$","E","M","R","BOSS","M","$","?","M","M","R","M","?","T","M","?","$","?","M","R","BOSS","M","?","M","$","?","R","M","R","T","$","M","R","?","E","R","BOSS"],"items_purchased_type":["Relic","Relic","Relic","Card","Card","Card","Card","Card"],"build_version":"2020-12-22","purchased_purges":4,"victory":false,"max_hp_per_floor":[66,66,66,66,66,66,66,66,66,66,66,66,66,66,66,66,66,66,66,66,66,66,66,66,66,66,66,66,66,66,66,66,66,66,66,66,66,66,66,66,66,66,66,66,66,66,66,66,66,66,66],"relic_stats":{"counters":[25,147],"Snecko Eye":[192,167,179,179],"Ginger":[24],"Cursed Key":1,"obtain_stats":[{"Snecko Eye":17,"Orrery":29,"Vajra":29,"Philosopher\u0027s Stone":34,"Membership Card":12,"Ginger":13,"Frozen Egg 2":48,"Cursed Key":0,"StrikeDummy":7,"Ring of the Snake":0},{"Snecko Eye":11,"Orrery":17,"Vajra":17,"Philosopher\u0027s Stone":19,"Membership Card":8,"Ginger":9,"Frozen Egg 2":24,"Cursed Key":0,"StrikeDummy":6,"Ring of the Snake":0},{"Snecko Eye":61,"Orrery":91,"Vajra":91,"Philosopher\u0027s Stone":109,"Membership Card":36,"Ginger":44,"Frozen Egg 2":137,"Cursed Key":0,"StrikeDummy":32,"Ring of the Snake":0}]},"card_choices":[{"not_picked":["Noxious Fumes","Dagger Throw"],"picked":"Dash","floor":1.0},{"not_picked":["Deflect","Choke"],"picked":"Backstab","floor":2.0},{"not_picked":["Outmaneuver","Infinite Blades"],"picked":"Well Laid Plans","floor":3.0},{"not_picked":["PiercingWail","Bane"],"picked":"Footwork","floor":4.0},{"not_picked":["Flechettes","Escape Plan"],"picked":"Grand Finale","floor":5.0},{"not_picked":["Cloak And Dagger","PiercingWail"],"picked":"Predator","floor":7.0},{"not_picked":["Poisoned Stab","Bane"],"picked":"Blade Dance","floor":8.0},{"not_picked":["Flying Knee","Well Laid Plans"],"picked":"Dash","floor":11.0},{"not_picked":["Tactician","Finisher"],"picked":"Dagger Throw","floor":13.0},{"not_picked":["Flying Knee","Outmaneuver"],"picked":"Deflect","floor":14.0},{"not_picked":["Unload","A Thousand Cuts"],"picked":"Die Die Die","floor":16.0},{"not_picked":["Cloak And Dagger","Slice","Poisoned Stab"],"picked":"SKIP","floor":18.0},{"not_picked":["Escape Plan","Sucker Punch"],"picked":"Dash","floor":21.0},{"not_picked":["Predator","Riddle With Holes"],"picked":"Acrobatics+1","floor":22.0},{"not_picked":["Caltrops+1","Flying Knee"],"picked":"Footwork","floor":24.0},{"not_picked":["Riddle With Holes","Underhanded Strike"],"picked":"Footwork","floor":27.0},{"not_picked":["Poisoned Stab","Outmaneuver"],"picked":"Footwork","floor":28.0},{"not_picked":["Accuracy","PiercingWail"],"picked":"Backflip","floor":29.0},{"not_picked":["Dagger Spray","Deadly Poison"],"picked":"Phantasmal Killer","floor":29.0},{"not_picked":["Cloak And Dagger","Slice"],"picked":"Leg Sweep","floor":29.0},{"not_picked":["Dagger Throw","Masterful Stab"],"picked":"Phantasmal Killer","floor":29.0},{"not_picked":["Bane","Prepared"],"picked":"Calculated Gamble","floor":29.0},{"not_picked":["Finisher","Poisoned Stab","Slice+1"],"picked":"SKIP","floor":31.0},{"not_picked":["Flechettes+1","Dodge and Roll"],"picked":"Predator","floor":35.0},{"not_picked":["Slice+1","Prepared"],"picked":"Sucker Punch+1","floor":37.0},{"not_picked":["Deflect+1","Choke"],"picked":"PiercingWail","floor":41.0},{"not_picked":["Quick Slash","Acrobatics"],"picked":"Predator","floor":45},{"not_picked":["Grand Finale","Concentrate"],"picked":"Underhanded Strike","floor":48}],"player_experience":1860354,"relics_obtained":[{"floor":7.0,"key":"StrikeDummy"},{"floor":13.0,"key":"Ginger"},{"floor":48,"key":"Frozen Egg 2"}],"event_choices":[{"damage_healed":0.0,"max_hp_gain":0.0,"max_hp_loss":0.0,"gold_gain":0.0,"event_name":"The Woman in Blue","player_choice":"Bought 1 Potion","floor":10.0,"gold_loss":0.0,"damage_taken":0.0},{"damage_healed":0.0,"max_hp_gain":0.0,"max_hp_loss":0.0,"gold_gain":0.0,"event_name":"Beggar","player_choice":"Ignored","floor":20.0,"gold_loss":0.0,"damage_taken":0.0},{"damage_healed":0.0,"max_hp_gain":0.0,"max_hp_loss":0.0,"gold_gain":200.0,"event_name":"Wheel of Change","player_choice":"Gold","floor":25.0,"gold_loss":0.0,"damage_taken":0.0},{"damage_healed":0.0,"max_hp_gain":0.0,"max_hp_loss":0.0,"gold_gain":0.0,"event_name":"N\u0027loth","player_choice":"Ignored","floor":30.0,"gold_loss":0.0,"damage_taken":0.0},{"cards_removed":["Footwork"],"damage_healed":0.0,"max_hp_gain":0.0,"max_hp_loss":0.0,"gold_gain":0.0,"event_name":"Falling","player_choice":"Removed Power","floor":39.0,"gold_loss":0.0,"damage_taken":0.0}],"is_beta":false,"boss_relics":[{"not_picked":["Calling Bell","Velvet Choker"],"picked":"Snecko Eye"},{"not_picked":["SacredBark","Tiny House"],"picked":"Philosopher\u0027s Stone"}],"items_purged_floors":[19,29,38,44],"is_endless":false,"potions_floor_spawned":[1,3,4,7,8,21,24,31,37,45],"killed_by":"Time Eater","ascension_level":20}}