{"host":"q57ekfojy3i00x9o","time":1613489070,"event":{"mods":["Act Like it!","Arknights","Aspiration","BaseMod","Colored Map","Energized Spire","Hermit","Minty Spire (QoL Compilation)","Quick Restart","Spicy Shops","Spikes Relics","StSLib","slay the spire mod where everything is the same but ironclad has a cowboy hat"],"gold_per_floor":[116,90,165,183,43,70,104,104,104,104,104,104,152,31,31,150,150,184,209,209,237,94,94,94],"floor_reached":23,"language":"RUS","playtime":455,"items_purged":["ats:Strike C"],"score":342,"play_id":"c1b2cef0-9c97-492f-ba6f-a3ff02179025","local_time":"20210216202430","is_ascension_mode":true,"campfire_choices":[{"data":"ats:Nebulous Foxfire","floor":8,"key":"SMITH"},{"data":"ats:Armor Crushing Shot","floor":11,"key":"SMITH"},{"data":"ats:Closed Bolt Burst Fire","floor":15,"key":"SMITH"}],"circlet_count":0,"master_deck":["AscendersBane","ats:Strike G+1","ats:Strike S","ats:Strike V","ats:Armor Crushing Shot+1","ats:Defend","ats:Defend","ats:Defend+1","ats:Defend","ats:Emotion Absorption","ats:Consecutive Shot Auto+1","ats:Consecutive Shot Auto","ats:Guard Mode","ats:Nebulous Foxfire+1","ats:Closed Bolt Burst Fire+1","ats:Charging Defense","ats:Cat Scratch","ats:Explosion Area Strengthen","ats:Revitalization+1","ats:Flexible Camouflage","ats:Explosion Area Strengthen+1","ats:Thermite Blade","ats:Powerful Strike+1","ats:Powerful Strike","ats:Consecutive Shot Auto","ats:Guard Mode"],"relics":["ats:Sanity","NeowsBlessing","ats:Originium","ats:Gyao","Kunai","aspiration:PoetsPen_weak","Lantern","Orrery"],"acts_visited":["Exordium","TheCity"],"potions_floor_usage":[13,16,18,23],"damage_taken":[{"damage":0,"enemies":"Jaw Worm","floor":1,"turns":1},{"damage":0,"enemies":"2 Louse","floor":4,"turns":1},{"damage":0,"enemies":"Lagavulin","floor":6,"turns":1},{"damage":4,"enemies":"Cultist","floor":7,"turns":3},{"damage":8,"enemies":"Exordium Thugs","floor":13,"turns":3},{"damage":13,"enemies":"Slime Boss","floor":16,"turns":8},{"damage":22,"enemies":"Spheric Guardian","floor":18,"turns":4},{"damage":0,"enemies":"3 Byrds","floor":19,"turns":4},{"damage":27,"enemies":"Cultist and Chosen","floor":21,"turns":6},{"damage":63,"enemies":"Book of Stabbing","floor":23,"turns":5}],"seed_played":"5193299457805121508","potions_obtained":[{"floor":6,"key":"Explosive Potion"},{"floor":7,"key":"ats:Flame Arts Potion"},{"floor":13,"key":"CultistPotion"},{"floor":21,"key":"SkillPotion"}],"is_trial":false,"path_per_floor":["M","$","?","M","$","E","M","R","T","?","R","?","M","$","R","B",null,"M","M","T","M","$","E"],"character_chosen":"DOCTOR_CLASS","items_purchased":["ats:Consecutive Shot Auto","ats:Nebulous Foxfire","ats:Explosion Area Strengthen","Orrery"],"campfire_rested":0,"item_purchase_floors":[2,5,14,22],"current_hp_per_floor":[65,65,54,54,54,54,55,55,55,41,41,41,40,40,40,44,65,43,58,58,44,44,0,0],"gold":94,"neow_bonus":"THREE_ENEMY_KILL","is_daily":false,"chose_seed":false,"campfire_upgraded":3,"win_rate":0.0,"timestamp":1613489070,"path_taken":["M","$","?","M","$","E","M","R","T","?","R","?","M","$","R","BOSS","M","M","?","M","$","E"],"items_purchased_type":["Card","Card","Card","Relic"],"build_version":"2020-12-22","purchased_purges":1,"victory":false,"max_hp_per_floor":[72,72,72,72,72,72,72,72,72,72,72,72,72,72,72,72,72,72,72,72,72,72,72,72],"card_choices":[{"not_picked":["ats:Blood Oath","ats:Apocalypse"],"picked":"ats:Consecutive Shot Auto","floor":1},{"not_picked":["ats:Cat Scratch","ats:Rapid Magazine"],"picked":"ats:Guard Mode","floor":4},{"not_picked":["ats:Apocalypse","ats:Ignite"],"picked":"ats:Closed Bolt Burst Fire","floor":6},{"not_picked":["ats:Sunburst","ats:Collapsing Strike"],"picked":"ats:Charging Defense","floor":7},{"not_picked":["ats:Support Order","ats:Ignite"],"picked":"ats:Cat Scratch","floor":13},{"not_picked":["ats:Shell Defense","ats:Automatic Cover"],"picked":"ats:Revitalization+1","floor":18},{"not_picked":["ats:Thermite Blade","ats:Composite Medical Shells"],"picked":"ats:Flexible Camouflage","floor":19},{"not_picked":["ats:Absolute Focus","ats:Guardian Obelisk"],"picked":"ats:Explosion Area Strengthen+1","floor":21},{"not_picked":["ats:Assault Order","ats:Curse Doll"],"picked":"ats:Thermite Blade","floor":22},{"not_picked":["ats:Automatic Cover","ats:Consecutive Shot Auto"],"picked":"ats:Powerful Strike+1","floor":22},{"not_picked":["ats:Roar Of Ursus","ats:Guard Mode"],"picked":"ats:Powerful Strike","floor":22},{"not_picked":["ats:Blood Oath","ats:Charging Defense+1"],"picked":"ats:Consecutive Shot Auto","floor":22},{"not_picked":["ats:Counter Healing Mode","ats:Ignite"],"picked":"ats:Guard Mode","floor":22}],"player_experience":772715,"relics_obtained":[{"floor":6,"key":"ats:Originium"},{"floor":6,"key":"ats:Gyao"},{"floor":9,"key":"Kunai"},{"floor":20,"key":"Lantern"}],"event_choices":[{"damage_healed":0,"gold_gain":75,"player_choice":"Gather Gold","damage_taken":11,"max_hp_gain":0,"max_hp_loss":0,"event_name":"World of Goop","floor":3,"gold_loss":0},{"damage_healed":0,"gold_gain":0,"player_choice":"Entered Light","damage_taken":14,"max_hp_gain":0,"max_hp_loss":0,"event_name":"Shining Light","floor":10,"gold_loss":0,"cards_upgraded":["ats:Strike G","ats:Defend"]},{"damage_healed":0,"gold_gain":0,"player_choice":"Upgraded","damage_taken":0,"max_hp_gain":0,"max_hp_loss":0,"event_name":"Upgrade Shrine","floor":12,"gold_loss":0,"cards_upgraded":["ats:Consecutive Shot Auto"]}],"is_beta":false,"boss_relics":[{"not_picked":["Runic Dome","Ectoplasm"],"picked":"aspiration:PoetsPen_weak"}],"items_purged_floors":[14],"is_endless":false,"potions_floor_spawned":[6,7,13,21],"killed_by":"Book of Stabbing","ascension_level":12}}