{"host":"5hsgormuu0lj4iiq","time":1613434412,"event":{"mods":["AchievementEnabler","BaseMod","Colored Map","Colored Powertips","Minty Spire (QoL Compilation)","Quick Restart","Relic Stats","SuperFastMode","everything is the same but u backflip on backflip","slay the spire mod where everything is the same but ironclad has a cowboy hat"],"gold_per_floor":[114,114,132,132,207,207,251,251,278,322,394,408,408,20,20,151,151,169,169,69,85,85,85],"floor_reached":22,"language":"ENG","playtime":269,"items_purged":["Strike_B","Strike_B"],"score":344,"play_id":"c112546d-4eb4-4f7e-9b5a-62c678bcf38b","local_time":"20210215191332","is_ascension_mode":true,"campfire_choices":[{"data":"Darkness","floor":6,"key":"SMITH"},{"floor":15,"key":"REST"}],"circlet_count":0,"master_deck":["AscendersBane","Strike_B","Defend_B","Defend_B","Defend_B","Defend_B","Zap","Dualcast","Darkness+1","Ball Lightning","Electrodynamics","Defragment+1","White Noise","Seek"],"relics":["Cracked Core","NeowsBlessing","Golden Idol","Vajra","Potion Belt","Symbiotic Virus","Matryoshka","Du-Vu Doll","Runic Capacitor","Inserter"],"acts_visited":["Exordium","TheCity"],"potions_floor_usage":[18,18,18],"damage_taken":[{"damage":0,"enemies":"Jaw Worm","floor":1,"turns":1},{"damage":0,"enemies":"Small Slimes","floor":3,"turns":1},{"damage":0,"enemies":"3 Sentries","floor":7,"turns":1},{"damage":25,"enemies":"Lagavulin","floor":10,"turns":5},{"damage":0,"enemies":"2 Louse","floor":12,"turns":2},{"damage":30,"enemies":"Hexaghost","floor":16,"turns":6},{"damage":14,"enemies":"Chosen","floor":18,"turns":5},{"damage":11,"enemies":"Spheric Guardian","floor":21,"turns":3},{"damage":36,"enemies":"Shelled Parasite and Fungi","floor":22,"turns":2}],"seed_played":"1945781260589263559","potions_obtained":[{"floor":1,"key":"Block Potion"},{"floor":3,"key":"Weak Potion"},{"floor":10,"key":"EssenceOfSteel"},{"floor":21,"key":"EssenceOfDarkness"}],"is_trial":false,"path_per_floor":["M","?","M","?","?","R","E","?","T","E","T","M","?","$","R","B",null,"M","?","$","M","M"],"character_chosen":"DEFECT","items_purchased":["Defragment","Runic Capacitor","White Noise"],"campfire_rested":1,"item_purchase_floors":[14,14,14],"current_hp_per_floor":[68,68,68,73,62,62,62,55,55,30,30,30,18,18,40,10,58,44,44,44,33,0,0],"gold":85,"neow_bonus":"THREE_ENEMY_KILL","is_daily":false,"chose_seed":false,"campfire_upgraded":1,"win_rate":0.0,"timestamp":1613434412,"path_taken":["M","?","M","?","?","R","E","?","T","E","?","M","?","$","R","BOSS","M","?","$","?","M"],"items_purchased_type":["Card","Relic","Card"],"build_version":"2020-12-22","purchased_purges":2,"victory":false,"max_hp_per_floor":[75,69,69,74,74,74,74,74,74,74,74,74,74,74,74,74,74,74,74,74,74,74,74],"relic_stats":{"Inserter":[5],"counters":[9,26],"Golden Idol":58,"obtain_stats":[{"Potion Belt":9,"Du-Vu Doll":13,"Matryoshka":11,"Inserter":17,"NeowsBlessing":0,"Golden Idol":2,"Vajra":7,"Runic Capacitor":14,"Cracked Core":0,"Symbiotic Virus":10},{"Potion Belt":3,"Du-Vu Doll":5,"Matryoshka":4,"Inserter":6,"NeowsBlessing":0,"Golden Idol":1,"Vajra":3,"Runic Capacitor":5,"Cracked Core":0,"Symbiotic Virus":4},{"Potion Belt":3,"Du-Vu Doll":10,"Matryoshka":8,"Inserter":16,"NeowsBlessing":0,"Golden Idol":1,"Vajra":3,"Runic Capacitor":10,"Cracked Core":0,"Symbiotic Virus":8}]},"card_choices":[{"not_picked":["Stack","Chaos"],"picked":"Darkness","floor":1},{"not_picked":["Sweeping Beam","Rebound","Creative AI"],"picked":"SKIP","floor":3},{"not_picked":["Capacitor","Compile Driver"],"picked":"Ball Lightning","floor":7},{"not_picked":["Gash","Go for the Eyes","Chaos"],"picked":"SKIP","floor":10},{"not_picked":["Beam Cell","Melter"],"picked":"Electrodynamics","floor":12},{"not_picked":["Rainbow","Thunder Strike"],"picked":"Seek","floor":16},{"not_picked":["Streamline+1","Barrage","Blizzard"],"picked":"SKIP","floor":18},{"not_picked":["Redo","Steam Power","Fusion"],"picked":"SKIP","floor":21}],"player_experience":735812,"relics_obtained":[{"floor":7,"key":"Vajra"},{"floor":9,"key":"Potion Belt"},{"floor":10,"key":"Symbiotic Virus"},{"floor":11,"key":"Matryoshka"}],"event_choices":[{"damage_healed":0,"gold_gain":0,"player_choice":"Lose Max HP","damage_taken":0,"relics_obtained":["Golden Idol"],"max_hp_gain":0,"max_hp_loss":6,"event_name":"Golden Idol","floor":2,"gold_loss":0},{"damage_healed":0,"gold_gain":0,"player_choice":"Donut","damage_taken":0,"max_hp_gain":5,"max_hp_loss":0,"event_name":"Big Fish","floor":4,"gold_loss":0},{"damage_healed":0,"gold_gain":75,"player_choice":"Gather Gold","damage_taken":11,"max_hp_gain":0,"max_hp_loss":0,"event_name":"World of Goop","floor":5,"gold_loss":0},{"cards_removed":["Strike_B"],"damage_healed":0,"gold_gain":0,"player_choice":"Card Removal","damage_taken":7,"max_hp_gain":0,"max_hp_loss":0,"event_name":"Golden Wing","floor":8,"gold_loss":0},{"damage_healed":0,"gold_gain":0,"player_choice":"Success","damage_taken":12,"relics_obtained":["Du-Vu Doll"],"max_hp_gain":0,"max_hp_loss":0,"event_name":"Scrap Ooze","floor":13,"gold_loss":0},{"damage_healed":0,"gold_gain":0,"player_choice":"Upgraded","damage_taken":0,"max_hp_gain":0,"max_hp_loss":0,"event_name":"Upgrade Shrine","floor":19,"gold_loss":0,"cards_upgraded":["Defragment"]}],"is_beta":false,"boss_relics":[{"not_picked":["Tiny House","Velvet Choker"],"picked":"Inserter"}],"items_purged_floors":[14,20],"is_endless":false,"potions_floor_spawned":[1,3,10,21],"killed_by":"Shelled Parasite and Fungi","ascension_level":12}}