{"host":"gnfs9pc52tj5b2xa","time":1613474683,"event":{"mods":["BaseMod","Minty Spire (QoL Compilation)","Relic Sorter","Relic Stats","Slay the Relics Exporter","ojb\u0027s Better Paths Mod","ojb\u0027s Info Mod"],"gold_per_floor":[114,114,189,189,189,224,224,260,283,327,350,398,421,457,457,556,556,575,584,169,194,219,219,219,219],"floor_reached":24,"language":"ENG","playtime":925,"items_purged":["Strike_R"],"score":544,"play_id":"f7b0f53f-2e1b-4777-a616-3d960318ca28","local_time":"20210216032443","is_ascension_mode":true,"campfire_choices":[{"data":"Armaments","floor":7.0,"key":"SMITH"},{"data":"Armaments","floor":15.0,"key":"SMITH"}],"circlet_count":0,"master_deck":["AscendersBane","Strike_R+1","Strike_R+1","Defend_R+1","Defend_R+1","Defend_R+1","Defend_R+1","Bash","Armaments+1","Perfected Strike","Disarm","Headbutt","Spot Weakness","Armaments+1","Corruption","Anger","Rage"],"relics":["Burning Blood","NeowsBlessing","Golden Idol","Letter Opener","Juzu Bracelet","CeramicFish","Odd Mushroom","Art of War","Bottled Lightning","Runic Pyramid","Omamori","Regal Pillow"],"acts_visited":["Exordium","TheCity"],"potions_floor_usage":[16,22,22],"damage_taken":[{"damage":0.0,"enemies":"Small Slimes","floor":1.0,"turns":1.0},{"damage":0.0,"enemies":"Gremlin Nob","floor":6.0,"turns":1.0},{"damage":0.0,"enemies":"3 Sentries","floor":8.0,"turns":2.0},{"damage":10.0,"enemies":"The Mushroom Lair","floor":10.0,"turns":6.0},{"damage":0.0,"enemies":"2 Louse","floor":11.0,"turns":3.0},{"damage":28.0,"enemies":"Gremlin Nob","floor":12.0,"turns":4.0},{"damage":0.0,"enemies":"Jaw Worm","floor":13.0,"turns":3.0},{"damage":18.0,"enemies":"Lagavulin","floor":14.0,"turns":7.0},{"damage":14,"enemies":"Hexaghost","floor":16,"turns":11},{"damage":10,"enemies":"Spheric Guardian","floor":18,"turns":6},{"damage":4,"enemies":"Chosen","floor":21,"turns":6},{"damage":22,"enemies":"Shelled Parasite and Fungi","floor":22,"turns":4},{"damage":41,"enemies":"Slavers","floor":24,"turns":3}],"seed_played":"7812451863740542422","potions_obtained":[{"floor":1.0,"key":"Dexterity Potion"},{"floor":12.0,"key":"SteroidPotion"},{"floor":16,"key":"Weak Potion"},{"floor":18,"key":"Strength Potion"}],"is_trial":false,"path_per_floor":["M","$","?","?","?","E","R","E","T","?","M","E","M","E","R","B",null,"M","?","$","M","M","?","E"],"character_chosen":"IRONCLAD","items_purchased":["Omamori","Regal Pillow"],"campfire_rested":0,"item_purchase_floors":[20,20],"current_hp_per_floor":[74,74,63,56,30,36,36,42,42,38,44,22,28,16,16,8,58,54,54,54,56,40,40,0,0],"gold":219,"neow_bonus":"THREE_ENEMY_KILL","is_daily":false,"chose_seed":false,"campfire_upgraded":2,"win_rate":0.0,"timestamp":1613474683,"path_taken":["M","$","?","?","?","E","R","E","T","?","M","E","M","E","R","BOSS","M","?","$","M","M","?","E"],"items_purchased_type":["Relic","Relic"],"build_version":"2020-12-22","purchased_purges":1,"victory":false,"max_hp_per_floor":[75,75,75,75,75,75,75,75,75,75,75,75,75,75,75,75,75,75,75,75,75,75,75,75,75],"relic_stats":{"Regal Pillow":0,"counters":[13,57],"Golden Idol":74,"CeramicFish":54,"Juzu Bracelet":2,"Art of War":[13],"Letter Opener":[85],"obtain_stats":[{"Regal Pillow":20,"NeowsBlessing":0,"Golden Idol":5,"CeramicFish":9,"Juzu Bracelet":8,"Art of War":12,"Omamori":20,"Letter Opener":6,"Bottled Lightning":14,"Odd Mushroom":10,"Burning Blood":0,"Runic Pyramid":17},{"Regal Pillow":10,"NeowsBlessing":0,"Golden Idol":1,"CeramicFish":3,"Juzu Bracelet":3,"Art of War":6,"Omamori":10,"Letter Opener":2,"Bottled Lightning":8,"Odd Mushroom":4,"Burning Blood":0,"Runic Pyramid":9},{"Regal Pillow":44,"NeowsBlessing":0,"Golden Idol":1,"CeramicFish":4,"Juzu Bracelet":4,"Art of War":17,"Omamori":44,"Letter Opener":2,"Bottled Lightning":27,"Odd Mushroom":10,"Burning Blood":0,"Runic Pyramid":38}],"Burning Blood":72},"card_choices":[{"not_picked":["Intimidate","Headbutt"],"picked":"Armaments","floor":1.0},{"not_picked":["Exhume","Double Tap"],"picked":"Perfected Strike","floor":6.0},{"not_picked":["Havoc","Demon Form"],"picked":"Disarm","floor":8.0},{"not_picked":["Rage","Heavy Blade"],"picked":"Headbutt","floor":10.0},{"not_picked":["Clash","Dropkick","Shrug It Off"],"picked":"SKIP","floor":11.0},{"not_picked":["Dual Wield","Pommel Strike"],"picked":"Spot Weakness","floor":12.0},{"not_picked":["Spot Weakness","Combust"],"picked":"Armaments","floor":13.0},{"not_picked":["Cleave","True Grit","Rage"],"picked":"SKIP","floor":14.0},{"not_picked":["Bludgeon","Brutality"],"picked":"Corruption","floor":16},{"not_picked":["Blood for Blood","Warcry","Clash"],"picked":"SKIP","floor":18},{"not_picked":["Reckless Charge+1","Heavy Blade","Thunderclap"],"picked":"SKIP","floor":21},{"not_picked":["Armaments","Headbutt"],"picked":"Rage","floor":22}],"player_experience":1318532,"relics_obtained":[{"floor":6.0,"key":"Letter Opener"},{"floor":8.0,"key":"Juzu Bracelet"},{"floor":9.0,"key":"CeramicFish"},{"floor":10.0,"key":"Odd Mushroom"},{"floor":12.0,"key":"Art of War"},{"floor":14.0,"key":"Bottled Lightning"}],"event_choices":[{"damage_healed":0.0,"max_hp_gain":0.0,"max_hp_loss":0.0,"gold_gain":75.0,"event_name":"World of Goop","player_choice":"Gather Gold","floor":3.0,"gold_loss":0.0,"damage_taken":11.0},{"cards_removed":["Strike_R"],"damage_healed":0.0,"max_hp_gain":0.0,"max_hp_loss":0.0,"gold_gain":0.0,"event_name":"Golden Wing","player_choice":"Card Removal","floor":4.0,"gold_loss":0.0,"damage_taken":7.0},{"damage_healed":0.0,"max_hp_gain":0.0,"max_hp_loss":0.0,"gold_gain":0.0,"event_name":"Golden Idol","player_choice":"Take Damage","floor":5.0,"gold_loss":0.0,"damage_taken":26.0,"relics_obtained":["Golden Idol"]},{"damage_healed":0.0,"max_hp_gain":0.0,"max_hp_loss":0.0,"gold_gain":0.0,"event_name":"Mushrooms","player_choice":"Fought Mushrooms","floor":10.0,"gold_loss":0.0,"damage_taken":0.0},{"damage_healed":0,"gold_gain":0,"cards_transformed":["Strike_R"],"player_choice":"Transformed","damage_taken":0,"max_hp_gain":0,"max_hp_loss":0,"event_name":"Transmorgrifier","floor":19,"gold_loss":0,"cards_obtained":["Anger"]},{"damage_healed":0,"gold_gain":0,"player_choice":"Simplicity","damage_taken":0,"max_hp_gain":0,"max_hp_loss":0,"event_name":"Back to Basics","floor":23,"gold_loss":0,"cards_upgraded":["Strike_R","Strike_R","Defend_R","Defend_R","Defend_R","Defend_R"]}],"is_beta":false,"boss_relics":[{"not_picked":["Astrolabe","SacredBark"],"picked":"Runic Pyramid"}],"items_purged_floors":[20],"is_endless":false,"potions_floor_spawned":[1,12,16,18],"killed_by":"Slavers","ascension_level":20}}