{"host":"z4nt7tdd4gjrinn7","time":1613516331,"event":{"mods":["100% Spire Juice","BaseMod","Minty Spire (QoL Compilation)","StS++","StSLib","The Hierophant"],"gold_per_floor":[213,224,242,38,113,139,139,139,211,211,223,223,145,175,175,277,277,297,312,227,227,243,243,243,28,28,28,28,43,43,54,54,54,54],"floor_reached":33,"language":"ENG","playtime":1622,"items_purged":[],"score":243,"play_id":"70a2d209-82ad-48a4-9cd0-a87736d61672","local_time":"20210216175851","is_ascension_mode":false,"campfire_choices":[{"floor":7,"key":"REST"},{"floor":10,"key":"REST"},{"data":"Electrodynamics","floor":15,"key":"SMITH"},{"floor":23,"key":"REST"},{"data":"Self Repair","floor":27,"key":"SMITH"},{"data":"Doom and Gloom","floor":32,"key":"SMITH"}],"circlet_count":0,"master_deck":["Strike_B","Strike_B","Strike_B","Strike_B","Defend_B","Defend_B","Defend_B","Defend_B","Zap","Dualcast","Redo","Conserve Battery","BootSequence","Sweeping Beam","Rebound","Doom and Gloom+1","Electrodynamics+1","Sweeping Beam","Seek","Go for the Eyes+1","Beam Cell","Gash","Self Repair+1","Coolheaded","Cold Snap"],"relics":["Cracked Core","MealTicket","Potion Belt","Pantograph","Odd Mushroom","Snecko Eye","WingedGreaves","TheAbacus","Incense Burner","MutagenicStrength"],"acts_visited":["Exordium","TheCity"],"potions_floor_usage":[6,16,33],"damage_taken":[{"damage":0,"enemies":"Small Slimes","floor":1,"turns":2},{"damage":6,"enemies":"Jaw Worm","floor":2,"turns":3},{"damage":2,"enemies":"2 Louse","floor":3,"turns":2},{"damage":28,"enemies":"Gremlin Nob","floor":6,"turns":4},{"damage":12,"enemies":"Blue Slaver","floor":11,"turns":3},{"damage":0,"enemies":"The Mushroom Lair","floor":14,"turns":2},{"damage":31,"enemies":"Slime Boss","floor":16,"turns":8},{"damage":5,"enemies":"3 Byrds","floor":18,"turns":2},{"damage":0,"enemies":"Chosen","floor":19,"turns":4},{"damage":8,"enemies":"Snecko","floor":22,"turns":5},{"damage":10,"enemies":"Cultist and Chosen","floor":29,"turns":5},{"damage":1,"enemies":"Snake Plant","floor":31,"turns":3},{"damage":88,"enemies":"Champ","floor":33,"turns":14}],"seed_played":"7353071550307743011","potions_obtained":[{"floor":2,"key":"ColorlessPotion"},{"floor":11,"key":"PowerPotion"},{"floor":19,"key":"Fire Potion"}],"is_trial":false,"path_per_floor":["M","M","M","$","?","E","R","?","T","R","M","?","$","?","R","B",null,"M","M","?","?","M","R","$","$","T","R","?","M","?","M","R","B"],"character_chosen":"DEFECT","items_purchased":["MealTicket","Sweeping Beam","Electrodynamics","TheAbacus","Self Repair"],"campfire_rested":3,"item_purchase_floors":[4,4,13,25,25],"current_hp_per_floor":[75,69,67,67,56,28,50,50,50,72,60,60,75,75,75,44,75,70,70,70,70,62,75,75,75,75,75,75,75,75,75,75,0,0],"gold":54,"neow_bonus":"HUNDRED_GOLD","is_daily":false,"chose_seed":false,"campfire_upgraded":3,"win_rate":0.0,"timestamp":1613516331,"path_taken":["M","M","M","$","?","E","R","?","T","R","M","?","$","?","R","BOSS","M","M","?","?","M","R","?","$","T","R","?","?","?","M","R","BOSS"],"items_purchased_type":["Relic","Card","Card","Relic","Card"],"build_version":"2020-12-22","purchased_purges":0,"victory":false,"max_hp_per_floor":[75,75,75,75,75,75,75,75,75,75,75,75,75,75,75,75,75,75,75,75,75,75,75,75,75,75,75,75,75,75,75,75,75,75],"card_choices":[{"not_picked":["Reinforced Body","Go for the Eyes"],"picked":"Redo","floor":1},{"not_picked":["Leap","Hologram"],"picked":"Conserve Battery","floor":2},{"not_picked":["Steam Power","Hologram"],"picked":"BootSequence","floor":3},{"not_picked":["Streamline","Beam Cell"],"picked":"Rebound","floor":6},{"not_picked":["Go for the Eyes","FTL"],"picked":"Doom and Gloom","floor":11},{"not_picked":["Stack","Electrodynamics"],"picked":"Sweeping Beam","floor":14},{"not_picked":["Creative AI","Electrodynamics"],"picked":"Seek","floor":16},{"not_picked":["BootSequence","Fusion"],"picked":"Go for the Eyes+1","floor":18},{"not_picked":["Scrape","Barrage"],"picked":"Beam Cell","floor":19},{"not_picked":["Sweeping Beam","Heatsinks+1"],"picked":"Gash","floor":22},{"not_picked":["Turbo","Hyperbeam"],"picked":"Coolheaded","floor":29},{"not_picked":["Turbo","White Noise"],"picked":"Cold Snap","floor":31}],"player_experience":202801,"relics_obtained":[{"floor":6,"key":"Potion Belt"},{"floor":9,"key":"Pantograph"},{"floor":14,"key":"Odd Mushroom"},{"floor":26,"key":"Incense Burner"}],"event_choices":[{"damage_healed":0,"gold_gain":75,"player_choice":"Gather Gold","damage_taken":11,"max_hp_gain":0,"max_hp_loss":0,"event_name":"World of Goop","floor":5,"gold_loss":0},{"damage_healed":0,"gold_gain":0,"player_choice":"Fled","damage_taken":0,"max_hp_gain":0,"max_hp_loss":0,"event_name":"Scrap Ooze","floor":8,"gold_loss":0},{"damage_healed":0,"gold_gain":0,"player_choice":"Searched \u00271\u0027 times","damage_taken":0,"max_hp_gain":0,"max_hp_loss":0,"event_name":"Dead Adventurer","floor":12,"gold_loss":0},{"damage_healed":0,"gold_gain":0,"player_choice":"Fought Mushrooms","damage_taken":0,"max_hp_gain":0,"max_hp_loss":0,"event_name":"Mushrooms","floor":14,"gold_loss":0},{"damage_healed":0,"gold_gain":0,"player_choice":"Obtained Relic","damage_taken":0,"relics_obtained":["WingedGreaves"],"max_hp_gain":0,"max_hp_loss":0,"event_name":"Addict","floor":20,"gold_loss":85},{"damage_healed":0,"gold_gain":0,"player_choice":"Ignored","damage_taken":0,"max_hp_gain":0,"max_hp_loss":0,"event_name":"Cursed Tome","floor":21,"gold_loss":0},{"damage_healed":0,"gold_gain":0,"player_choice":"Inject Mutagens","damage_taken":0,"relics_obtained":["MutagenicStrength"],"max_hp_gain":0,"max_hp_loss":0,"event_name":"Drug Dealer","floor":28,"gold_loss":0},{"damage_healed":0,"gold_gain":0,"player_choice":"Ignored","damage_taken":0,"max_hp_gain":0,"max_hp_loss":0,"event_name":"Vampires","floor":30,"gold_loss":0}],"is_beta":false,"boss_relics":[{"not_picked":["Pandora\u0027s Box","StSpp:FireArrow"],"picked":"Snecko Eye"}],"items_purged_floors":[],"is_endless":false,"potions_floor_spawned":[2,11,19],"killed_by":"Champ","ascension_level":0}}