{"host":"bpdbi03e31cbjklx","time":1613444846,"event":{"mods":["BaseMod","Colored Map","Colored Powertips","Downfall","Highlight Path","Minty Spire (QoL Compilation)","StSLib","The Senshi"],"gold_per_floor":[113,124,49,68,143,143,143,143,143,161,161,193,39,70,70,165,165,178,189,27,47,47,47,47],"floor_reached":23,"language":"ENG","playtime":3177,"items_purged":["Regret"],"score":249,"play_id":"209663bd-4e58-4c8c-86af-6fe48f4a56c3","local_time":"20210215210726","is_ascension_mode":true,"campfire_choices":[{"data":"Dualcast","floor":6,"key":"SMITH"},{"data":"Multi-Cast","floor":8,"key":"SMITH"},{"data":"Redo","floor":11,"key":"SMITH"},{"data":"Fission","floor":15,"key":"SMITH"}],"circlet_count":0,"master_deck":["Strike_B","Strike_B","Strike_B","Strike_B","Defend_B","Defend_B","Defend_B","Defend_B","Zap","Dualcast+1","Redo+1","FTL","Self Repair","Cold Snap","CurseOfTheBell","CurseOfTheBell","Multi-Cast+1","Coolheaded","Cold Snap","Fission+1","Defragment","Genetic Algorithm","Conserve Battery","Defragment","Buffer","White Noise+1","Glacier","Turbo+1","Lockon","Flash of Steel","Storm+1","Chill","Decay"],"relics":["Cracked Core","NeowsBlessing","downfall:ExtraCursedBell","Boot","StrikeDummy","Prayer Wheel","Shuriken","White Beast Statue","Meat on the Bone","Cursed Key"],"acts_visited":["Exordium","TheCity"],"potions_floor_usage":[12,16,18,21,21],"damage_taken":[{"damage":0,"enemies":"Small Slimes","floor":1,"turns":1},{"damage":0,"enemies":"Jaw Worm","floor":2,"turns":1},{"damage":0,"enemies":"2 Louse","floor":4,"turns":1},{"damage":9,"enemies":"Looter","floor":10,"turns":3},{"damage":14,"enemies":"3 Sentries","floor":12,"turns":7},{"damage":25,"enemies":"Lagavulin","floor":14,"turns":6},{"damage":45,"enemies":"Hexaghost","floor":16,"turns":15},{"damage":27,"enemies":"Chosen","floor":18,"turns":7},{"damage":9,"enemies":"Shell Parasite","floor":19,"turns":8},{"damage":37,"enemies":"Cultist and Chosen","floor":21,"turns":9},{"damage":41,"enemies":"Book of Stabbing","floor":23,"turns":4}],"seed_played":"8008959557988972268","potions_obtained":[{"floor":1,"key":"FairyPotion"},{"floor":10,"key":"Fire Potion"},{"floor":14,"key":"Fire Potion"},{"floor":16,"key":"Fruit Juice"},{"floor":18,"key":"Guardian:BlockOnCardUsePotion"},{"floor":19,"key":"Weak Potion"},{"floor":21,"key":"BlessingOfTheForge"}],"is_trial":false,"path_per_floor":["M","M","$","M","?","R","?","R","T","M","R","E","$","E","R","B",null,"M","M","$","M","?","E"],"character_chosen":"DEFECT","items_purchased":["Self Repair","Defragment","Genetic Algorithm","Conserve Battery","Flash of Steel"],"campfire_rested":0,"item_purchase_floors":[3,13,13,13,20],"current_hp_per_floor":[75,75,75,75,64,64,64,64,64,62,62,55,55,37,37,41,67,52,50,50,39,39,0,0],"gold":47,"neow_bonus":"THREE_ENEMY_KILL","is_daily":false,"chose_seed":false,"campfire_upgraded":4,"win_rate":0.0,"timestamp":1613444846,"path_taken":["M","M","$","M","?","R","?","R","T","M","R","E","?","E","R","BOSS","M","M","$","M","?","E"],"items_purchased_type":["Card","Card","Card","Card","Card"],"build_version":"2020-12-22","purchased_purges":1,"victory":false,"max_hp_per_floor":[75,75,75,75,75,75,75,75,75,75,75,75,75,75,75,75,75,80,80,80,80,80,80,80],"card_choices":[{"not_picked":["Double Energy","Streamline"],"picked":"Redo","floor":1},{"not_picked":["Compile Driver","Rebound"],"picked":"FTL","floor":2},{"not_picked":["Turbo","Steam"],"picked":"Cold Snap","floor":4},{"not_picked":["Gash","Streamline"],"picked":"Coolheaded","floor":10},{"not_picked":["Reinforced Body","Auto Shields"],"picked":"Cold Snap","floor":10},{"not_picked":["Defragment","Blizzard"],"picked":"Fission","floor":12},{"not_picked":["Go for the Eyes","Melter"],"picked":"Defragment","floor":14},{"not_picked":["Creative AI","Reboot"],"picked":"Buffer","floor":16},{"not_picked":["Beam Cell","Leap"],"picked":"White Noise+1","floor":18},{"not_picked":["Compile Driver","Barrage"],"picked":"Glacier","floor":18},{"not_picked":["Gash","Double Energy"],"picked":"Turbo+1","floor":19},{"not_picked":["Turbo","Beam Cell"],"picked":"Lockon","floor":19},{"not_picked":["Leap","Recycle+1"],"picked":"Storm+1","floor":21},{"not_picked":["Rebound+1","Sweeping Beam"],"picked":"Chill","floor":21}],"player_experience":406431,"relics_obtained":[{"floor":7,"key":"Boot"},{"floor":7,"key":"StrikeDummy"},{"floor":7,"key":"Prayer Wheel"},{"floor":9,"key":"Shuriken"},{"floor":12,"key":"White Beast Statue"},{"floor":14,"key":"Meat on the Bone"}],"event_choices":[{"damage_healed":0,"gold_gain":75,"player_choice":"Gather Gold","damage_taken":11,"max_hp_gain":0,"max_hp_loss":0,"event_name":"World of Goop","floor":5,"gold_loss":0},{"damage_healed":0,"gold_gain":0,"player_choice":"Smashed Altar","damage_taken":0,"max_hp_gain":0,"max_hp_loss":0,"event_name":"Forgotten Altar","floor":22,"gold_loss":0,"cards_obtained":["Decay"]}],"is_beta":false,"boss_relics":[{"not_picked":["Ectoplasm","Runic Pyramid"],"picked":"Cursed Key"}],"items_purged_floors":[20],"is_endless":false,"potions_floor_spawned":[1,10,14,16,18,19,21],"killed_by":"Book of Stabbing","ascension_level":5}}