{"host":"by8i6f8xc0ywpsd5","time":1613492983,"event":{"mods":["BaseMod","Colored Map","Downfall","Minty Spire (QoL Compilation)","Relic Stats","StSLib"],"gold_per_floor":[99,113,126,226,10,110,110,140,150,215,234,234,248,273,286,286,286,286],"floor_reached":16,"language":"ENG","playtime":1102,"items_purged":["Guardian:Strike_Guardian"],"score":139,"play_id":"b03c1297-9664-48ae-aecf-d31b03226a3b","local_time":"20210216182943","is_ascension_mode":false,"campfire_choices":[{"data":"Guardian:TwinSlam","floor":1.0,"key":"SMITH"},{"data":"Guardian:WalkerClaw","floor":12,"key":"SMITH"}],"circlet_count":0,"master_deck":["Guardian:Strike_Guardian","Guardian:Strike_Guardian","Guardian:Strike_Guardian","Guardian:Defend_Guardian","Guardian:Defend_Guardian","Guardian:Defend_Guardian","Guardian:Defend_Guardian","Guardian:CurlUp","Guardian:TwinSlam+1","Guardian:ShieldCharger","Guardian:PrimingBeam","downfall:Haunted","downfall:Haunted","downfall:Bewildered","Guardian:WalkerClaw+1","Guardian:Incinerate","Guardian:TimeCapacitor","Guardian:Reroute","Guardian:ShieldSpikes","Guardian:Reroute","Guardian:Suspension","Guardian:Gem_Orange","Guardian:Gem_Blue","Guardian:Clone"],"relics":["Guardian:ModeShifter","Du-Vu Doll","downfall:CloakOfManyFaces","CultistMask","FaceOfCleric","NlothsMask","GremlinMask","SsserpentHead","The Courier","Shuriken"],"acts_visited":["Exordium"],"potions_floor_usage":[14,15,15,16],"damage_taken":[{"damage":0.0,"enemies":"Small Slimes","floor":2.0,"turns":3.0},{"damage":1,"enemies":"2 Louse","floor":3,"turns":4},{"damage":5,"enemies":"downfall:FleeingMerchant","floor":5,"turns":4},{"damage":26,"enemies":"downfall:FaceTrader","floor":6,"turns":12},{"damage":20,"enemies":"Lagavulin","floor":8,"turns":7},{"damage":1,"enemies":"Cultist","floor":9,"turns":3},{"damage":10,"enemies":"downfall:LooterAlt","floor":10,"turns":2},{"damage":2,"enemies":"3 Louse","floor":11,"turns":3},{"damage":1,"enemies":"2 Fungi Beasts","floor":13,"turns":2},{"damage":17,"enemies":"Gremlin Nob","floor":14,"turns":5},{"damage":2,"enemies":"Blue Slaver","floor":15,"turns":2},{"damage":19,"enemies":"DF_ARCHETYPE_STREAMLINE","floor":16,"turns":3}],"seed_played":"-8202371757960594459","potions_obtained":[{"floor":8,"key":"GamblersBrew"},{"floor":9,"key":"sneckomod:MuddlingPotion"},{"floor":10,"key":"BlessingOfTheForge"},{"floor":11,"key":"FearPotion"},{"floor":14,"key":"CultistPotion"}],"is_trial":false,"path_per_floor":["R","M","M","?","$","?","T","E","M","M","M","R","M","E","M","B"],"character_chosen":"GUARDIAN","items_purchased":["Guardian:Incinerate","Guardian:TimeCapacitor"],"campfire_rested":0,"item_purchase_floors":[5,5],"current_hp_per_floor":[88,88,87,87,82,56,56,37,37,28,27,27,27,11,10,0,0,0],"gold":286,"neow_bonus":"TEN_PERCENT_HP_BONUS","is_daily":false,"chose_seed":false,"campfire_upgraded":2,"win_rate":0.0,"timestamp":1613492983,"path_taken":["R","M","M","?","$","?","T","E","M","?","M","R","M","E","M","BOSS"],"items_purchased_type":["Card","Card"],"build_version":"2020-12-22","purchased_purges":1,"victory":false,"max_hp_per_floor":[88,88,88,88,88,88,88,89,90,91,92,92,93,94,95,95,95,95],"relic_stats":{"SsserpentHead":50,"FaceOfCleric":7,"counters":[12,50],"Shuriken":[1],"obtain_stats":[{"Du-Vu Doll":4,"SsserpentHead":6,"FaceOfCleric":6,"Shuriken":14,"Guardian:ModeShifter":0,"GremlinMask":6,"CultistMask":6,"The Courier":8,"downfall:CloakOfManyFaces":6,"NlothsMask":6},{"Du-Vu Doll":2,"SsserpentHead":4,"FaceOfCleric":4,"Shuriken":10,"Guardian:ModeShifter":0,"GremlinMask":4,"CultistMask":4,"The Courier":5,"downfall:CloakOfManyFaces":4,"NlothsMask":4},{"Du-Vu Doll":7,"SsserpentHead":23,"FaceOfCleric":23,"Shuriken":45,"Guardian:ModeShifter":0,"GremlinMask":23,"CultistMask":23,"The Courier":30,"downfall:CloakOfManyFaces":23,"NlothsMask":23}]},"card_choices":[{"not_picked":["Guardian:Planning","Guardian:Gem_Blue"],"picked":"Guardian:ShieldCharger","floor":2},{"not_picked":["Guardian:Gem_Green","Guardian:TemporalShield"],"picked":"Guardian:PrimingBeam","floor":3},{"not_picked":["Guardian:Gem_Synthetic","Guardian:Recover"],"picked":"Guardian:WalkerClaw","floor":5},{"not_picked":["Guardian:ShieldSpikes","Guardian:DonusPower"],"picked":"Guardian:Reroute","floor":6},{"not_picked":["Guardian:PolyBeam","Guardian:GuardianWhirl"],"picked":"Guardian:ShieldSpikes","floor":8},{"not_picked":["Guardian:Repulse","Guardian:WalkerClaw"],"picked":"Guardian:Reroute","floor":9},{"not_picked":["Guardian:DecasProtection","Guardian:PrimingBeam","Guardian:Gem_Lightblue"],"picked":"SKIP","floor":10},{"not_picked":["Guardian:ShieldCharger","Guardian:PrismaticBarrier"],"picked":"Guardian:Suspension","floor":11},{"not_picked":["Guardian:TimeCapacitor","Guardian:Preprogram"],"picked":"Guardian:Gem_Orange","floor":13},{"not_picked":["Guardian:TimeCapacitor","Guardian:Recover"],"picked":"Guardian:Gem_Blue","floor":14},{"not_picked":["Guardian:Planning","Guardian:Incinerate"],"picked":"Guardian:Clone","floor":15}],"player_experience":1786577,"relics_obtained":[{"floor":6,"key":"downfall:CloakOfManyFaces"},{"floor":8,"key":"The Courier"},{"floor":14,"key":"Shuriken"}],"event_choices":[],"is_beta":false,"boss_relics":[],"items_purged_floors":[5],"is_endless":false,"potions_floor_spawned":[8,9,10,11,14],"killed_by":"DF_ARCHETYPE_STREAMLINE","ascension_level":0}}