{"host":"kg61lsvem4dxoat8","time":1613485213,"event":{"mods":["AchievementEnabler","BaseMod","Better Altar","Better Match","Better Sensory Stone","Better Skull","Block Reminder","Highlight Path","Minty Spire (QoL Compilation)","Quick Restart","Rare Cards Sparkle","Relic Sorter","Relic Stats","StSLib","Synergy Search","slay the spire mod where everything is the same but ironclad has a cowboy hat"],"gold_per_floor":[114,33,208,133,153,153,103,116,139,139,68,84,84,98,98,98,98],"floor_reached":16,"language":"ENG","playtime":243,"items_purged":["Doubt"],"score":135,"play_id":"b26d3890-17c0-424d-b93d-cf286d3a93f2","local_time":"20210216222013","is_ascension_mode":true,"campfire_choices":[{"data":"Bash","floor":6,"key":"SMITH"},{"data":"Dropkick","floor":10,"key":"SMITH"},{"data":"Inflame","floor":15,"key":"SMITH"}],"circlet_count":0,"master_deck":["AscendersBane","Strike_R","Strike_R","Defend_R","Defend_R","Defend_R","Defend_R","Bash+1","Dramatic Entrance","Dropkick+1","Inflame+1","Thunderclap"],"relics":["Burning Blood","Oddly Smooth Stone","Golden Idol"],"acts_visited":["Exordium"],"potions_floor_usage":[14,16],"damage_taken":[{"damage":12,"enemies":"Jaw Worm","floor":1,"turns":4},{"damage":0,"enemies":"Small Slimes","floor":5,"turns":3},{"damage":0,"enemies":"2 Louse","floor":8,"turns":3},{"damage":6,"enemies":"Lots of Slimes","floor":12,"turns":2},{"damage":4,"enemies":"Gremlin Gang","floor":14,"turns":3},{"damage":60,"enemies":"The Guardian","floor":16,"turns":6}],"seed_played":"4974851791966529837","potions_obtained":[{"floor":8,"key":"SteroidPotion"},{"floor":14,"key":"Weak Potion"}],"is_trial":false,"path_per_floor":["M","$","?","$","M","R","?","M","T","R","$","M","?","M","R","B"],"character_chosen":"IRONCLAD","items_purchased":["Dramatic Entrance","Inflame"],"campfire_rested":0,"item_purchase_floors":[2,11],"current_hp_per_floor":[45,45,45,45,51,51,51,57,57,57,57,57,57,59,59,0,0],"gold":98,"neow_bonus":"REMOVE_TWO","is_daily":false,"chose_seed":false,"campfire_upgraded":3,"win_rate":0.0,"timestamp":1613485213,"path_taken":["M","$","?","$","M","R","?","M","T","R","$","M","?","M","R","BOSS"],"items_purchased_type":["Card","Card"],"build_version":"2020-12-22","purchased_purges":1,"victory":false,"max_hp_per_floor":[80,80,80,80,80,80,80,80,80,80,80,80,74,74,74,74,74],"relic_stats":{"counters":[6,21],"Golden Idol":3,"obtain_stats":[{"Golden Idol":13,"Oddly Smooth Stone":9,"Burning Blood":0},{"Golden Idol":4,"Oddly Smooth Stone":3,"Burning Blood":0},{"Golden Idol":12,"Oddly Smooth Stone":10,"Burning Blood":0}],"Burning Blood":30},"card_choices":[{"not_picked":["Headbutt","Armaments","Blood for Blood"],"picked":"SKIP","floor":1},{"not_picked":["Armaments","Fire Breathing"],"picked":"Dropkick","floor":5},{"not_picked":["Anger","Wild Strike","Whirlwind"],"picked":"SKIP","floor":8},{"not_picked":["Disarm","Blood for Blood"],"picked":"Thunderclap","floor":12},{"not_picked":["Warcry","Anger","Body Slam"],"picked":"SKIP","floor":14}],"player_experience":1547442,"relics_obtained":[{"floor":9,"key":"Oddly Smooth Stone"}],"event_choices":[{"damage_healed":0,"gold_gain":175,"player_choice":"AGREE","damage_taken":0,"max_hp_gain":0,"max_hp_loss":0,"event_name":"Liars Game","floor":3,"gold_loss":0,"cards_obtained":["Doubt"]},{"cards_removed":["Strike_R"],"damage_healed":0,"gold_gain":0,"player_choice":"Card Removal","damage_taken":0,"max_hp_gain":0,"max_hp_loss":0,"event_name":"The Cleric","floor":7,"gold_loss":50},{"damage_healed":0,"gold_gain":0,"player_choice":"Lose Max HP","damage_taken":0,"relics_obtained":["Golden Idol"],"max_hp_gain":0,"max_hp_loss":6,"event_name":"Golden Idol","floor":13,"gold_loss":0}],"is_beta":false,"boss_relics":[],"items_purged_floors":[4],"is_endless":false,"potions_floor_spawned":[8,14],"killed_by":"The Guardian","ascension_level":10}}