{"host":"n08mv44ohivl39d9","time":1613447627,"event":{"mods":["BaseMod","Bestiary","Highlight Path","Minty Spire (QoL Compilation)","Relic Stats","Slay the Relics Exporter"],"gold_per_floor":[366,379,392,403,17,17,43,54,54,68,100,25,57,125,125,201,251,269,284,284,12,12,12,38,38,38,63,83,118,132,149,149,227,227,244,244,71,96,96,96,96],"floor_reached":40,"language":"ENG","playtime":2219,"items_purged":["Zap","Strike_B"],"score":1128,"play_id":"86d8b553-549f-40f8-84e8-4219b15caec3","local_time":"20210215215347","is_ascension_mode":true,"campfire_choices":[{"data":"Hyperbeam","floor":6,"key":"SMITH"},{"data":"Beam Cell","floor":15,"key":"SMITH"},{"data":"Hyperbeam","floor":23,"key":"SMITH"},{"floor":32,"key":"REST"}],"circlet_count":0,"master_deck":["AscendersBane","Strike_B","Strike_B","Defend_B","Defend_B","Defend_B","Defend_B","Dualcast","Ball Lightning+1","Cold Snap","Hyperbeam+1","Hyperbeam+1","Steam Power","Steam","Conserve Battery","Beam Cell+1","Turbo","Rebound+1","Beam Cell+1","Hyperbeam","Conserve Battery","Aggregate","Hologram","Seek+1","Leap+1","Electrodynamics+1"],"relics":["Cracked Core","DollysMirror","Ornamental Fan","Du-Vu Doll","Frozen Egg 2","Dead Branch","Meat on the Bone","Tiny House","Pen Nib","Enchiridion","Vajra","Gremlin Horn","Blue Candle","White Beast Statue","Nuclear Battery","Anchor","Thread and Needle"],"acts_visited":["Exordium","TheCity","TheBeyond"],"potions_floor_usage":[7,7,18,19,33,35,40,40],"damage_taken":[{"damage":1,"enemies":"Cultist","floor":1,"turns":4},{"damage":2,"enemies":"Jaw Worm","floor":2,"turns":3},{"damage":7,"enemies":"2 Louse","floor":3,"turns":3},{"damage":9,"enemies":"Blue Slaver","floor":4,"turns":4},{"damage":8,"enemies":"Gremlin Nob","floor":7,"turns":3},{"damage":0,"enemies":"Exordium Thugs","floor":8,"turns":2},{"damage":0,"enemies":"Large Slime","floor":10,"turns":4},{"damage":29,"enemies":"Lagavulin","floor":11,"turns":6},{"damage":5,"enemies":"3 Sentries","floor":13,"turns":2},{"damage":22,"enemies":"Hexaghost","floor":16,"turns":9},{"damage":6,"enemies":"2 Thieves","floor":18,"turns":3},{"damage":0,"enemies":"Spheric Guardian","floor":19,"turns":2},{"damage":0,"enemies":"Gremlin Leader","floor":24,"turns":2},{"damage":11,"enemies":"Book of Stabbing","floor":27,"turns":3},{"damage":12,"enemies":"Centurion and Healer","floor":28,"turns":4},{"damage":16,"enemies":"Gremlin Leader","floor":29,"turns":3},{"damage":15,"enemies":"Shelled Parasite and Fungi","floor":30,"turns":2},{"damage":20,"enemies":"Snake Plant","floor":31,"turns":2},{"damage":0,"enemies":"Automaton","floor":33,"turns":6},{"damage":0,"enemies":"Orb Walker","floor":35,"turns":2},{"damage":10,"enemies":"Mind Bloom Boss Battle","floor":38,"turns":5},{"damage":63,"enemies":"Giant Head","floor":40,"turns":5}],"seed_played":"-2534815485571044205","potions_obtained":[{"floor":1,"key":"SneckoOil"},{"floor":3,"key":"SteroidPotion"},{"floor":7,"key":"FairyPotion"},{"floor":10,"key":"FocusPotion"},{"floor":13,"key":"SteroidPotion"},{"floor":17,"key":"ColorlessPotion"},{"floor":18,"key":"ColorlessPotion"},{"floor":24,"key":"FocusPotion"},{"floor":30,"key":"PowerPotion"},{"floor":33,"key":"SkillPotion"},{"floor":35,"key":"GamblersBrew"}],"is_trial":false,"path_per_floor":["M","M","M","M","$","R","E","M","T","M","E","?","E","T","R","B",null,"M","M","?","$","?","R","E","$","T","E","M","E","M","M","R","B",null,"M","?","$","?","?","E"],"character_chosen":"DEFECT","items_purchased":["Hyperbeam","DollysMirror","Pen Nib","Anchor"],"campfire_rested":1,"item_purchase_floors":[5,5,21,37],"current_hp_per_floor":[63,61,54,45,45,45,37,37,37,37,8,8,3,3,3,17,57,51,51,51,51,30,30,42,42,42,43,43,39,36,28,48,48,64,64,64,64,54,54,0,0],"gold":96,"neow_bonus":"TWO_FIFTY_GOLD","is_daily":false,"chose_seed":false,"campfire_upgraded":3,"win_rate":0.0,"timestamp":1613447627,"path_taken":["M","M","M","M","$","R","E","?","T","M","E","?","E","?","R","BOSS","M","M","?","$","?","R","E","$","T","E","M","E","M","M","R","BOSS","M","?","?","?","?","E"],"items_purchased_type":["Card","Relic","Relic","Relic"],"build_version":"2020-12-22","purchased_purges":2,"victory":false,"max_hp_per_floor":[64,64,64,64,64,64,64,64,64,64,64,64,64,64,64,64,69,69,69,69,69,69,69,69,69,69,69,69,69,69,69,69,69,69,69,69,69,69,69,69,69],"relic_stats":{"Gremlin Horn":[5,5],"counters":[22,79],"Ornamental Fan":[88],"Dead Branch":[20],"Blue Candle":[0],"Pen Nib":[8],"obtain_stats":[{"Tiny House":17,"Gremlin Horn":26,"Dead Branch":13,"Blue Candle":27,"Enchiridion":22,"Vajra":24,"Thread and Needle":38,"Pen Nib":21,"Frozen Egg 2":11,"White Beast Statue":29,"Nuclear Battery":34,"Du-Vu Doll":9,"Anchor":37,"DollysMirror":5,"Ornamental Fan":7,"Cracked Core":0,"Meat on the Bone":14},{"Tiny House":10,"Gremlin Horn":13,"Dead Branch":9,"Blue Candle":14,"Enchiridion":12,"Vajra":13,"Thread and Needle":21,"Pen Nib":12,"Frozen Egg 2":8,"White Beast Statue":16,"Nuclear Battery":19,"Du-Vu Doll":6,"Anchor":20,"DollysMirror":4,"Ornamental Fan":5,"Cracked Core":0,"Meat on the Bone":9},{"Tiny House":40,"Gremlin Horn":47,"Dead Branch":31,"Blue Candle":50,"Enchiridion":45,"Vajra":47,"Thread and Needle":74,"Pen Nib":45,"Frozen Egg 2":29,"White Beast Statue":57,"Nuclear Battery":67,"Du-Vu Doll":19,"Anchor":69,"DollysMirror":14,"Ornamental Fan":17,"Cracked Core":0,"Meat on the Bone":31}],"Meat on the Bone":84},"card_choices":[{"not_picked":["Turbo","Sweeping Beam"],"picked":"Ball Lightning","floor":1},{"not_picked":["Leap","Conserve Battery"],"picked":"Cold Snap","floor":2},{"not_picked":["Gash","Turbo","BootSequence"],"picked":"SKIP","floor":3},{"not_picked":["Turbo","Stack","Coolheaded"],"picked":"SKIP","floor":4},{"not_picked":["Glacier","Redo"],"picked":"Steam Power","floor":7},{"not_picked":["Skim","Leap"],"picked":"Steam","floor":8},{"not_picked":["Auto Shields","Thunder Strike"],"picked":"Conserve Battery","floor":10},{"not_picked":["Stack","Storm+1","Compile Driver"],"picked":"SKIP","floor":11},{"not_picked":["Rip and Tear","Leap"],"picked":"Beam Cell","floor":13},{"not_picked":["Skim","Storm+1"],"picked":"Turbo","floor":17},{"not_picked":["Stack","Sweeping Beam"],"picked":"Rebound+1","floor":18},{"not_picked":["Gash","Go for the Eyes"],"picked":"Beam Cell+1","floor":19},{"not_picked":["Sunder","Melter"],"picked":"Hyperbeam","floor":24},{"not_picked":["Compile Driver+1","Coolheaded"],"picked":"Conserve Battery","floor":27},{"not_picked":["Rebound","Tempest"],"picked":"Aggregate","floor":28},{"not_picked":["Redo","Cold Snap","White Noise"],"picked":"SKIP","floor":29},{"not_picked":["Steam","Coolheaded"],"picked":"Hologram","floor":30},{"not_picked":["Steam Power","Sweeping Beam","Reboot"],"picked":"SKIP","floor":31},{"not_picked":["Machine Learning+1","Thunder Strike"],"picked":"Seek","floor":33},{"not_picked":["Melter","Conserve Battery"],"picked":"Leap+1","floor":35}],"player_experience":1450232,"relics_obtained":[{"floor":7,"key":"Ornamental Fan"},{"floor":9,"key":"Du-Vu Doll"},{"floor":11,"key":"Frozen Egg 2"},{"floor":13,"key":"Dead Branch"},{"floor":14,"key":"Meat on the Bone"},{"floor":22,"key":"Enchiridion"},{"floor":24,"key":"Vajra"},{"floor":26,"key":"Gremlin Horn"},{"floor":27,"key":"Blue Candle"},{"floor":29,"key":"White Beast Statue"},{"floor":38,"key":"Thread and Needle"}],"event_choices":[{"cards_removed":["Strike_B"],"damage_healed":0,"gold_gain":0,"player_choice":"Card Removal","damage_taken":0,"max_hp_gain":0,"max_hp_loss":0,"event_name":"The Cleric","floor":12,"gold_loss":75},{"damage_healed":0,"gold_gain":0,"player_choice":"Ignored","damage_taken":0,"max_hp_gain":0,"max_hp_loss":0,"event_name":"Vampires","floor":20,"gold_loss":0},{"damage_healed":0,"gold_gain":0,"player_choice":"Obtained Book","damage_taken":21,"max_hp_gain":0,"max_hp_loss":0,"event_name":"Cursed Tome","floor":22,"gold_loss":0},{"damage_healed":0,"gold_gain":0,"player_choice":"1 cards matched","damage_taken":0,"max_hp_gain":0,"max_hp_loss":0,"event_name":"Match and Keep!","floor":36,"gold_loss":0,"cards_obtained":["Electrodynamics"]},{"damage_healed":0,"gold_gain":0,"player_choice":"Fight","damage_taken":0,"max_hp_gain":0,"max_hp_loss":0,"event_name":"MindBloom","floor":38,"gold_loss":0},{"damage_healed":0,"gold_gain":0,"player_choice":"Forge","damage_taken":0,"max_hp_gain":0,"max_hp_loss":0,"event_name":"Accursed Blacksmith","floor":39,"gold_loss":0,"cards_upgraded":["Seek"]}],"is_beta":false,"boss_relics":[{"not_picked":["Ectoplasm","SacredBark"],"picked":"Tiny House"},{"not_picked":["Busted Crown","Runic Dome"],"picked":"Nuclear Battery"}],"items_purged_floors":[5,21],"is_endless":false,"potions_floor_spawned":[1,3,7,10,13,18,24,30,31,33,35,38],"killed_by":"Giant Head","ascension_level":20}}