{"host":"d52brwsy6af8zvaq","time":1613451707,"event":{"mods":["AchievementEnabler","BaseMod","Bestiary","Highlight Path","Minty Spire (QoL Compilation)","Quick Restart","Relic Stats","ojb\u0027s Better Paths Mod"],"gold_per_floor":[116,128,128,142,142,169,169,184,236,257,257,257],"floor_reached":11,"language":"ENG","playtime":318,"items_purged":[],"score":146,"play_id":"f7bb9f82-d888-4668-aa11-bdd143247fad","local_time":"20210215220147","is_ascension_mode":true,"campfire_choices":[{"floor":7,"key":"REST"}],"circlet_count":0,"master_deck":["AscendersBane","Strike_B","Strike_B","Strike_B","Strike_B","Defend_B","Defend_B","Defend_B","Defend_B","Zap","Dualcast","Blind","Doom and Gloom","Streamline","Coolheaded","Glacier","Ball Lightning","Coolheaded"],"relics":["Cracked Core","Frozen Egg 2","Strawberry","Happy Flower","Odd Mushroom"],"acts_visited":[],"potions_floor_usage":[6,10],"damage_taken":[{"damage":4,"enemies":"Small Slimes","floor":1,"turns":5},{"damage":2,"enemies":"Jaw Worm","floor":2,"turns":3},{"damage":0,"enemies":"2 Louse","floor":4,"turns":1},{"damage":43,"enemies":"3 Sentries","floor":6,"turns":6},{"damage":0,"enemies":"Looter","floor":8,"turns":4},{"damage":11,"enemies":"The Mushroom Lair","floor":10,"turns":3},{"damage":30,"enemies":"Gremlin Nob","floor":11,"turns":4}],"seed_played":"-5749371776909343226","potions_obtained":[{"floor":2,"key":"SkillPotion"},{"floor":8,"key":"Energy Potion"}],"is_trial":false,"path_per_floor":["M","M","?","M","?","E","R","M","T","?","E"],"character_chosen":"DEFECT","items_purchased":[],"campfire_rested":1,"item_purchase_floors":[],"current_hp_per_floor":[60,58,47,47,52,16,40,40,40,29,0,0],"gold":257,"neow_bonus":"RANDOM_COLORLESS","is_daily":false,"chose_seed":false,"campfire_upgraded":0,"win_rate":0.0,"timestamp":1613451707,"path_taken":["M","M","?","M","?","E","R","M","T","?","E"],"items_purchased_type":[],"build_version":"2020-12-22","purchased_purges":0,"victory":false,"max_hp_per_floor":[71,71,71,71,76,83,83,83,83,83,83,83],"relic_stats":{"Happy Flower":[2],"counters":[7,26],"obtain_stats":[{"Happy Flower":9,"Strawberry":6,"Frozen Egg 2":3,"Odd Mushroom":10,"Cracked Core":0},{"Happy Flower":5,"Strawberry":4,"Frozen Egg 2":2,"Odd Mushroom":6,"Cracked Core":0},{"Happy Flower":19,"Strawberry":15,"Frozen Egg 2":8,"Odd Mushroom":22,"Cracked Core":0}]},"card_choices":[{"not_picked":["PanicButton","Flash of Steel"],"picked":"Blind","floor":0},{"not_picked":["Cold Snap","Sweeping Beam"],"picked":"Doom and Gloom","floor":1},{"not_picked":["Stack","Gash"],"picked":"Streamline","floor":2},{"not_picked":["Hologram","Redo"],"picked":"Coolheaded","floor":4},{"not_picked":["Capacitor+1","Static Discharge+1"],"picked":"Glacier","floor":6},{"not_picked":["Barrage","Conserve Battery"],"picked":"Ball Lightning","floor":8},{"not_picked":["Sweeping Beam","Turbo"],"picked":"Coolheaded","floor":10}],"player_experience":2284105,"relics_obtained":[{"floor":6,"key":"Strawberry"},{"floor":9,"key":"Happy Flower"},{"floor":10,"key":"Odd Mushroom"}],"event_choices":[{"damage_healed":0,"gold_gain":0,"player_choice":"Success","damage_taken":11,"relics_obtained":["Frozen Egg 2"],"max_hp_gain":0,"max_hp_loss":0,"event_name":"Scrap Ooze","floor":3,"gold_loss":0},{"damage_healed":0,"gold_gain":0,"player_choice":"Donut","damage_taken":0,"max_hp_gain":5,"max_hp_loss":0,"event_name":"Big Fish","floor":5,"gold_loss":0},{"damage_healed":0,"gold_gain":0,"player_choice":"Fought Mushrooms","damage_taken":0,"max_hp_gain":0,"max_hp_loss":0,"event_name":"Mushrooms","floor":10,"gold_loss":0}],"is_beta":false,"boss_relics":[],"items_purged_floors":[],"is_endless":false,"potions_floor_spawned":[2,8],"killed_by":"Gremlin Nob","ascension_level":20}}