{"host":"r5mr2vnv825vb4hc","time":1613463206,"event":{"mods":["100% Spire Juice","Act Like it!","Arknights","Art Attack!","BaseMod","Best Route Mod","CapriCore","KOR Keyword Fix","Minty Spire (QoL Compilation)","Potion Indicator Mod","Quick Restart","Rare Cards Sparkle","Replay The Spire","StSLib","Td1madao Mod"],"gold_per_floor":[118,98,115,115,115,115,115,126,177,205,214,237,246,257,257,366,366,394,413,413,422,347,377,377,259,259,268,268,138,138,179,179,292,292,303,303,303,303,303],"floor_reached":38,"language":"KOR","playtime":2045,"items_purged":["ats:Defend+1","ats:Defend+1"],"score":404,"play_id":"3e2d6187-43a1-4e4b-855a-33a6cc6ed5d5","local_time":"20210216171326","daily_mods":["Colorless Cards","Heirloom","Time Dilation","Flight","DeadlyEvents"],"is_ascension_mode":false,"campfire_choices":[{"data":"ats:Closed Bolt Burst Fire","floor":6,"key":"SMITH"},{"data":"ats:Powerful Strike","floor":7,"key":"SMITH"},{"floor":11,"key":"REST"},{"data":"Survey Options","floor":13,"key":"SMITH"},{"data":"ats:Emotion Absorption","floor":15,"key":"SMITH"},{"floor":24,"key":"REST"},{"data":"ats:Sword Rain","floor":27,"key":"SMITH"},{"data":"ats:Armor Crushing Shot","floor":28,"key":"SMITH"},{"data":"ats:Overload","floor":30,"key":"SMITH"}],"circlet_count":0,"master_deck":["ArtAttackMod:ArtAttack","ats:Strike S","ats:Armor Crushing Shot+1","ats:Defend+1","ats:Defend+1","ats:Emotion Absorption+1","ats:Closed Bolt Burst Fire+1","ats:Powerful Strike+1","Survey Options+1","ats:Overload+1","ats:Roar Of Ursus","ats:Hammer On+1","ats:Charging Defense","ats:Shell Defense","Finesse","ats:Shell Defense+1","ats:Hammer On+1","ats:Sword Rain+1","ats:Poison Spread+1","ats:Fractured Body","ats:Fractured Body"],"relics":["ats:Sanity","replay:Trail_Library","ats:Emergency Defibrillator","CeramicFish","ats:Originium","War Paint","Omamori","Empty Cage","Orichalcum","Orrery","BranchBurnRelic","Replay:Wax Seal"],"acts_visited":["Exordium","TheCity","TheBeyond"],"potions_floor_usage":[10,16,19,33,33],"damage_taken":[{"damage":1,"enemies":"Jaw Worm","floor":1,"turns":3},{"damage":1,"enemies":"Cultist","floor":3,"turns":4},{"damage":0,"enemies":"Small Slimes","floor":8,"turns":2},{"damage":10,"enemies":"3 Sentries","floor":10,"turns":7},{"damage":0,"enemies":"2 Fungi Beasts","floor":14,"turns":2},{"damage":24,"enemies":"Slime Boss","floor":16,"turns":9},{"damage":22,"enemies":"Spheric Guardian","floor":18,"turns":5},{"damage":0,"enemies":"Chosen","floor":19,"turns":4},{"damage":46,"enemies":"Slavers","floor":23,"turns":9},{"damage":52,"enemies":"Book of Stabbing","floor":31,"turns":6},{"damage":72,"enemies":"Champ","floor":33,"turns":10},{"damage":12,"enemies":"3 Darklings","floor":35,"turns":8},{"damage":83,"enemies":"Nemesis","floor":38,"turns":9}],"seed_played":"2793715410516703880","potions_obtained":[{"floor":2,"key":"Fire Potion"},{"floor":10,"key":"ats:Emergency Sanity Potion"},{"floor":14,"key":"Weak Potion"},{"floor":16,"key":"EssenceOfSteel"},{"floor":23,"key":"Death Potion"},{"floor":31,"key":"Adrenaline Potion"}],"is_trial":true,"path_per_floor":["M","?","M","?","?","R","R","M","T","E","R","T","R","M","R","B",null,"M","M","?","?","$","E","R","$","T","R","R","$","R","E","R","B",null,"M","?","?","E"],"character_chosen":"DOCTOR_CLASS","items_purchased":["Orrery","ats:Poison Spread+1"],"campfire_rested":2,"item_purchase_floors":[25,29],"current_hp_per_floor":[71,71,70,56,56,56,56,56,56,46,67,67,67,67,67,43,72,50,50,50,50,50,45,66,66,66,66,66,66,66,34,55,1,72,70,70,70,0,0],"gold":303,"neow_bonus":"","is_daily":false,"chose_seed":false,"campfire_upgraded":7,"win_rate":0.0,"timestamp":1613463206,"path_taken":["M","?","?","?","?","R","R","?","T","?","R","?","R","M","R","BOSS","M","M","?","?","?","E","R","$","T","R","R","$","R","?","R","BOSS","M","?","?","?"],"items_purchased_type":["Relic","Card"],"build_version":"2020-12-22","purchased_purges":2,"victory":false,"max_hp_per_floor":[72,72,72,72,72,72,72,72,72,72,72,72,72,72,72,72,72,72,72,72,72,72,72,72,72,72,72,72,72,72,72,72,72,72,72,72,72,72,72],"card_choices":[{"not_picked":["ats:Absolute Focus","ats:Beaten Up"],"picked":"ats:Closed Bolt Burst Fire","floor":1},{"not_picked":["ats:Encircling Forest","ats:Demon Strength"],"picked":"ats:Powerful Strike","floor":3},{"not_picked":["ats:Closed Bolt Burst Fire","Replay:Parry","ats:Cat Scratch"],"picked":"SKIP","floor":8},{"not_picked":["ats:Flexible Camouflage","ats:Song Of Battle","ats:Ignite"],"picked":"SKIP","floor":10},{"not_picked":["ats:Flexible Camouflage","ReplayTheSpireMod:Trickstab","ats:Powerful Strike"],"picked":"SKIP","floor":14},{"not_picked":["Crow Ritual","ats:Shadow Assault"],"picked":"ats:Roar Of Ursus","floor":16},{"not_picked":["ats:Spore Proliferation+1","Trip"],"picked":"ats:Hammer On","floor":18},{"not_picked":["ats:Shell Defense","ats:Curse Doll"],"picked":"ats:Charging Defense","floor":19},{"not_picked":["ats:Healing Strengthening","Forethought","ats:Rat Pack"],"picked":"SKIP","floor":23},{"not_picked":["ats:Guard Mode","PanicButton"],"picked":"Finesse","floor":25},{"not_picked":["ats:Composite Medical Shells","ats:Absolute Focus"],"picked":"ats:Shell Defense+1","floor":25},{"not_picked":["Deep Breath","ats:Assault Order"],"picked":"ats:Hammer On+1","floor":25},{"not_picked":["ats:Ignite","ats:Support Order"],"picked":"ats:Fractured Body","floor":31},{"not_picked":["ats:Shadow Assault","Master of Strategy"],"picked":"ats:Fractured Body","floor":33},{"not_picked":["ats:Apocalypse","ats:Leaping Hammer","ats:Hook Shot"],"picked":"SKIP","floor":35}],"player_experience":16814,"relics_obtained":[{"floor":9,"key":"CeramicFish"},{"floor":10,"key":"ats:Originium"},{"floor":10,"key":"War Paint"},{"floor":12,"key":"Omamori"},{"floor":23,"key":"ats:Originium"},{"floor":23,"key":"Orichalcum"},{"floor":31,"key":"ats:Originium"},{"floor":31,"key":"Replay:Wax Seal"}],"event_choices":[{"damage_healed":0,"gold_gain":0,"player_choice":"Bought 1 Potion","damage_taken":0,"max_hp_gain":0,"max_hp_loss":0,"event_name":"The Woman in Blue","floor":2,"gold_loss":0},{"damage_healed":0,"gold_gain":0,"player_choice":"Entered Light","damage_taken":14,"max_hp_gain":0,"max_hp_loss":0,"event_name":"Shining Light","floor":4,"gold_loss":0,"cards_upgraded":["ats:Defend","ats:Defend"]},{"damage_healed":0,"gold_gain":0,"player_choice":"Read","damage_taken":0,"max_hp_gain":0,"max_hp_loss":0,"event_name":"The Library","floor":21,"gold_loss":0,"cards_obtained":["ats:Shell Defense"]},{"damage_healed":0,"gold_gain":0,"player_choice":"Ignored","damage_taken":0,"max_hp_gain":0,"max_hp_loss":0,"event_name":"Mysterious Sphere","floor":36,"gold_loss":0},{"cards_removed":["ats:Strike V"],"damage_healed":0,"gold_gain":0,"player_choice":"Offered Basic","damage_taken":0,"max_hp_gain":0,"max_hp_loss":0,"event_name":"Bonfire Elementals","floor":37,"gold_loss":0}],"is_beta":false,"boss_relics":[{"not_picked":["Replay:Bronze Core","Philosopher\u0027s Stone"],"picked":"Empty Cage"},{"not_picked":["Coffee Dripper","Runic Pyramid","Kintsugi"]}],"items_purged_floors":[22,29],"is_endless":false,"potions_floor_spawned":[10,14,16,23,31],"killed_by":"Nemesis","ascension_level":0}}