{"host":"06x7ibqulglyn97c","time":1613477677,"event":{"mods":["AchievementEnabler","BaseMod","Downfall","Minty Spire (QoL Compilation)","Rare Cards Sparkle","Relic Sorter","Relic Stats","StSLib","The Awakened One except there are too many feathers"],"gold_per_floor":[19,29,29,42,19,19,19,19,46,46,66,66,66,82,82,201,201,221,246,9,29,29,29,47,87,113,113,113,133,133,83,83,204,267,281,299,299,299],"floor_reached":37,"language":"ENG","playtime":1911,"items_purged":["Defragment"],"score":550,"play_id":"6f240da9-bac1-4223-8390-839255410377","local_time":"20210216121437","is_ascension_mode":true,"campfire_choices":[{"data":"Metamorphosis","floor":6.0,"key":"SMITH"},{"data":"1","floor":10.0,"key":"LIFT"},{"floor":15.0,"key":"REST"},{"floor":23,"key":"REST"},{"floor":28,"key":"REST"},{"data":"2","floor":30,"key":"LIFT"},{"floor":32,"key":"REST"}],"circlet_count":0,"master_deck":["Strike_B+1","Strike_B+1","Strike_B+1","Strike_B+1","Defend_B+1","Defend_B+1","Defend_B+1","Zap","Dualcast","Metamorphosis+1","Leap","Conserve Battery+1","Go for the Eyes","Gash","Secret Technique","All For One","Beam Cell","Steam Power","Reboot","Beam Cell"],"relics":["Cracked Core","Girya","Regal Pillow","Golden Idol","Black Star","Omamori","DataDisk","Bag of Marbles","Tiny House"],"acts_visited":["Exordium","TheCity","TheBeyond"],"potions_floor_usage":[24,33,33,33,35,37],"damage_taken":[{"damage":14.0,"enemies":"Small Slimes","floor":1.0,"turns":4.0},{"damage":1.0,"enemies":"Cultist","floor":2.0,"turns":4.0},{"damage":0.0,"enemies":"Jaw Worm","floor":4.0,"turns":4.0},{"damage":3.0,"enemies":"Exordium Wildlife","floor":11.0,"turns":4.0},{"damage":0.0,"enemies":"2 Fungi Beasts","floor":14.0,"turns":2.0},{"damage":41.0,"enemies":"The Guardian","floor":16.0,"turns":11.0},{"damage":8.0,"enemies":"Chosen","floor":18.0,"turns":4.0},{"damage":7.0,"enemies":"3 Byrds","floor":19.0,"turns":4.0},{"damage":37,"enemies":"Shelled Parasite and Fungi","floor":21,"turns":4},{"damage":11,"enemies":"Snake Plant","floor":24,"turns":4},{"damage":31,"enemies":"Gremlin Leader","floor":25,"turns":7},{"damage":0,"enemies":"3 Cultists","floor":29,"turns":3},{"damage":55,"enemies":"Champ","floor":33,"turns":8},{"damage":32,"enemies":"3 Darklings","floor":35,"turns":5},{"damage":3,"enemies":"Orb Walker","floor":36,"turns":3},{"damage":14,"enemies":"Writhing Mass","floor":37,"turns":6}],"seed_played":"3035659660916411532","potions_obtained":[{"floor":1.0,"key":"FearPotion"},{"floor":4.0,"key":"champ:CounterPotion"},{"floor":16.0,"key":"Explosive Potion"},{"floor":19.0,"key":"CultistPotion"},{"floor":21,"key":"Strength Potion"},{"floor":24,"key":"Dexterity Potion"},{"floor":33,"key":"LiquidMemories"},{"floor":34,"key":"Fire Potion"},{"floor":35,"key":"Swift Potion"},{"floor":36,"key":"Explosive Potion"}],"is_trial":false,"path_per_floor":["M","M","?","M","$","R","$","?","T","R","M","?","$","M","R","B",null,"M","M","$","M","?","R","M","E","T","$","R","M","R","?","R","B",null,"M","M","M"],"character_chosen":"DEFECT","items_purchased":["Gash","Secret Technique"],"campfire_rested":4,"item_purchase_floors":[5,20],"current_hp_per_floor":[54,53,53,53,53,53,53,50,50,50,47,29,29,29,66,25,63,55,48,48,11,11,48,37,6,6,6,43,43,43,43,75,20,66,34,31,17,17],"gold":299,"neow_bonus":"RANDOM_COLORLESS_2","is_daily":false,"chose_seed":false,"campfire_upgraded":1,"win_rate":0.0,"timestamp":1613477677,"path_taken":["M","M","?","M","$","R","?","?","T","R","?","?","$","M","R","BOSS","M","M","$","M","?","R","M","E","T","$","R","M","R","?","R","BOSS","M","M","M"],"items_purchased_type":["Card","Card"],"build_version":"2020-12-22","purchased_purges":1,"victory":false,"max_hp_per_floor":[75,75,75,75,75,75,75,75,75,75,75,75,75,75,75,75,75,75,75,75,75,75,75,75,75,75,75,75,75,75,75,75,75,80,80,80,80,80],"relic_stats":{"Regal Pillow":55,"counters":[16,77],"Golden Idol":100,"Black Star":1,"obtain_stats":[{"Girya":8,"Regal Pillow":9,"DataDisk":25,"Tiny House":34,"Golden Idol":12,"Black Star":17,"Omamori":25,"Bag of Marbles":26,"Cracked Core":0},{"Girya":3,"Regal Pillow":3,"DataDisk":11,"Tiny House":13,"Golden Idol":4,"Black Star":6,"Omamori":11,"Bag of Marbles":11,"Cracked Core":0},{"Girya":12,"Regal Pillow":12,"DataDisk":52,"Tiny House":63,"Golden Idol":16,"Black Star":29,"Omamori":52,"Bag of Marbles":52,"Cracked Core":0}]},"card_choices":[{"not_picked":["Chrysalis","Master of Strategy"],"picked":"Metamorphosis","floor":0.0},{"not_picked":["Hello World","Streamline"],"picked":"Leap","floor":1.0},{"not_picked":["Storm","Melter"],"picked":"Conserve Battery","floor":2.0},{"not_picked":["Hologram","FTL"],"picked":"Go for the Eyes","floor":4.0},{"not_picked":["Stack","Sweeping Beam"],"picked":"Defragment","floor":11.0},{"not_picked":["Doom and Gloom","Double Energy","Redo"],"picked":"SKIP","floor":14.0},{"not_picked":["Sweeping Beam","Go for the Eyes","Steam"],"picked":"SKIP","floor":18.0},{"not_picked":["Barrage","Ball Lightning","Sweeping Beam"],"picked":"SKIP","floor":19.0},{"not_picked":["Lockon","Compile Driver+1"],"picked":"All For One","floor":21},{"not_picked":["Rebound","Reprogram+1"],"picked":"Beam Cell","floor":24},{"not_picked":["Rebound","Ball Lightning"],"picked":"Steam Power","floor":25},{"not_picked":["Redo","Cold Snap","Hologram"],"picked":"SKIP","floor":29},{"not_picked":["Amplify","Machine Learning"],"picked":"Reboot","floor":33},{"not_picked":["Go for the Eyes","Turbo"],"picked":"Beam Cell","floor":34},{"not_picked":["Compile Driver","Turbo+1","Redo"],"picked":"SKIP","floor":35},{"not_picked":["Glacier","Cold Snap","Barrage"],"picked":"SKIP","floor":36}],"player_experience":697229,"relics_obtained":[{"floor":9.0,"key":"Regal Pillow"},{"floor":25,"key":"Omamori"},{"floor":25,"key":"DataDisk"},{"floor":26,"key":"Bag of Marbles"}],"event_choices":[{"cards_removed":["Defend_B"],"damage_healed":0.0,"max_hp_gain":0.0,"max_hp_loss":0.0,"gold_gain":0.0,"event_name":"Purifier","player_choice":"Purged","floor":3.0,"gold_loss":0.0,"damage_taken":0.0},{"damage_healed":0.0,"max_hp_gain":0.0,"max_hp_loss":0.0,"gold_gain":0.0,"event_name":"Scrap Ooze","player_choice":"Success","floor":8.0,"gold_loss":0.0,"damage_taken":3.0,"relics_obtained":["Girya"]},{"damage_healed":0.0,"max_hp_gain":0.0,"max_hp_loss":0.0,"gold_gain":0.0,"event_name":"Golden Idol","player_choice":"Take Damage","floor":12.0,"gold_loss":0.0,"damage_taken":18.0,"relics_obtained":["Golden Idol"]},{"damage_healed":0,"gold_gain":0,"player_choice":"Simplicity","damage_taken":0,"max_hp_gain":0,"max_hp_loss":0,"event_name":"Back to Basics","floor":22,"gold_loss":0,"cards_upgraded":["Strike_B","Strike_B","Strike_B","Strike_B","Defend_B","Defend_B","Defend_B"]},{"damage_healed":0,"gold_gain":0,"player_choice":"Bet on Murderer","damage_taken":0,"max_hp_gain":0,"max_hp_loss":0,"event_name":"The Joust","floor":31,"gold_loss":50}],"is_beta":false,"boss_relics":[{"not_picked":["Coffee Dripper","Runic Dome"],"picked":"Black Star"},{"not_picked":["Cursed Key","Inserter"],"picked":"Tiny House"}],"items_purged_floors":[20],"is_endless":false,"potions_floor_spawned":[1,4,16,19,21,24,25,33,35,36],"killed_by":"Writhing Mass","ascension_level":9}}