{"host":"j0tja808rg8hkg8v","time":1613446490,"event":{"mods":["Aspiration","BaseMod","Colored Powertips","Downfall","Energized Spire","Hermit","Infinite Spire","Ironclad Rager","Magitek Elite","Minty Spire (QoL Compilation)","Relic Stats","Replay The Spire","StSLib","The Bladedancer","The Cursed","The Disciple","The Runesmith"],"gold_per_floor":[194,206,217,209,229,229,229,229,246,246,270,311,311,338,375,498,498,549,578,173,206,241,241,241,293,317,368,368,405,405,446,484,520,520,520],"floor_reached":33,"language":"ENG","playtime":4225,"items_purged":["hexamod:Defend"],"score":291,"play_id":"da0ffd76-f7b9-42a7-8fde-625669b4c15d","local_time":"20210216033450","is_ascension_mode":false,"campfire_choices":[{"data":"hexamod:EmpoweredFlame","floor":8,"key":"SMITH"},{"data":"hexamod:EtherealExpedition","floor":10,"key":"SMITH"},{"floor":13,"key":"REST"},{"floor":28,"key":"REST"},{"data":"hexamod:HexaLevel","floor":30,"key":"SMITH"}],"circlet_count":0,"master_deck":["hexamod:Strike","hexamod:Strike","hexamod:Strike","hexamod:Strike+1","hexamod:Defend+1","hexamod:Defend","hexamod:Defend","hexamod:Sear+1","hexamod:Float","hexamod:NightmareGuise","hexamod:HeatCrush","hexamod:FirstSeal","hexamod:SecondSeal","hexamod:EmpoweredFlame+1","hexamod:EtherealExpedition+1","hexamod:RecurringNightmare","hexamod:AdvancingGuard","hexamod:InspiringFlames","hexamod:HexaLevel+1","hexamod:Firestarter+1","hexamod:HeatShield+1","hexamod:SixthSeal","hexamod:SkipABeat+1","hexamod:HauntingEcho","expansioncontent:AwakenDeath","hexamod:RainOfEmbers","hexamod:FastForward+1","infinitespire:Collect","hexamod:CatchUp","hexamod:BurningTouch+1","hexamod:RadiantFlame","hexamod:FastForward","hexamod:GhostOfSpireFuture+1"],"relics":["m_DevilBlood","infinitespire:Midas Blood","Replay:Bandana","Mythril_Glove","energizedSpire:OgreHead","PreservedInsect","BargainBundle","Nunchaku","hexamod:MatchstickCase","Centennial Puzzle"],"acts_visited":["Exordium","TheCity"],"potions_floor_usage":[9,11,16,19,25,25,26,31,31,33],"damage_taken":[{"damage":5,"enemies":"Small Slimes","floor":2,"turns":4},{"damage":0,"enemies":"Jaw Worm","floor":3,"turns":4},{"damage":1,"enemies":"Cultist","floor":5,"turns":4},{"damage":20,"enemies":"3 Louse","floor":9,"turns":6},{"damage":20,"enemies":"Exordium Wildlife","floor":11,"turns":4},{"damage":33,"enemies":"Gremlin Nob","floor":12,"turns":5},{"damage":7,"enemies":"Exordium Thugs","floor":15,"turns":3},{"damage":48,"enemies":"DF_ARCHETYPE_STREAMLINE","floor":16,"turns":11},{"damage":32,"enemies":"downfall:LooterAlt2","floor":19,"turns":8},{"damage":10,"enemies":"downfall:FleeingMerchant","floor":20,"turns":4},{"damage":20,"enemies":"Spheric Guardian","floor":21,"turns":5},{"damage":31,"enemies":"Snake Plant","floor":22,"turns":4},{"damage":12,"enemies":"Slavers","floor":25,"turns":6},{"damage":18,"enemies":"Centurion and Healer","floor":26,"turns":6},{"damage":19,"enemies":"Book of Stabbing","floor":27,"turns":4},{"damage":12,"enemies":"Snecko","floor":29,"turns":6},{"damage":36,"enemies":"3 Cultists","floor":31,"turns":6},{"damage":36,"enemies":"Centurion and Healer","floor":32,"turns":7},{"damage":73,"enemies":"SI_MIRROR_ARCHETYPE","floor":33,"turns":12}],"seed_played":"-8760905219968908977","potions_obtained":[{"floor":5,"key":"EssenceOfSteel"},{"floor":9,"key":"Toxic Potion"},{"floor":12,"key":"champ:CounterPotion"},{"floor":15,"key":"champ:CounterPotion"},{"floor":16,"key":"LifebloodPotion"},{"floor":25,"key":"SkillPotion"},{"floor":27,"key":"Energy Potion"},{"floor":31,"key":"Regen Potion"},{"floor":32,"key":"bronze:BurnAndBuffPotion"}],"is_trial":false,"path_per_floor":["R","M","M","?","M","?","T","R","M","R","M","E","R","T","M","B",null,"R","M","$","M","M","AVR","T","E","M","E","R","M","R","M","M","B"],"character_chosen":"THE_SPIRIT","items_purchased":["hexamod:SixthSeal","PreservedInsect","BargainBundle","DuplicationPotion","hexamod:EctoCoolerPotion","hexamod:SkipABeat","hexamod:HauntingEcho","expansioncontent:AwakenDeath"],"campfire_rested":2,"item_purchase_floors":[20,20,20,20,20,20,20,20],"current_hp_per_floor":[77,72,72,65,64,64,64,64,57,57,48,28,51,51,52,16,77,77,62,65,60,40,40,40,47,48,39,62,67,67,50,33,0,0,0],"gold":520,"neow_bonus":"TEN_PERCENT_HP_BONUS","is_daily":false,"chose_seed":false,"campfire_upgraded":3,"win_rate":0.0,"timestamp":1613446490,"path_taken":["R","M","M","?","M","?","T","R","M","R","M","E","R","?","M","BOSS","R","M","$","M","M","AVR","T","E","M","E","R","M","R","M","M","BOSS"],"items_purchased_type":["Card","Relic","Relic","Potion","Potion","Card","Card","Card"],"build_version":"2020-12-22","purchased_purges":1,"victory":false,"max_hp_per_floor":[77,77,77,77,77,77,77,77,77,77,77,77,77,77,77,77,77,77,77,77,77,77,77,77,77,77,77,77,77,77,77,77,77,77,77],"relic_stats":{"Nunchaku":[5],"Centennial Puzzle":[12],"counters":[19,109],"PreservedInsect":90,"obtain_stats":[{"Replay:Bandana":12,"BargainBundle":20,"Nunchaku":24,"Centennial Puzzle":27,"m_DevilBlood":6,"PreservedInsect":20,"energizedSpire:OgreHead":17,"Mythril_Glove":14,"hexamod:SpiritBrand":0,"infinitespire:Midas Blood":7,"hexamod:MatchstickCase":25},{"Replay:Bandana":6,"BargainBundle":10,"Nunchaku":12,"Centennial Puzzle":15,"m_DevilBlood":3,"PreservedInsect":10,"energizedSpire:OgreHead":8,"Mythril_Glove":6,"hexamod:SpiritBrand":0,"infinitespire:Midas Blood":3,"hexamod:MatchstickCase":13},{"Replay:Bandana":27,"BargainBundle":53,"Nunchaku":62,"Centennial Puzzle":78,"m_DevilBlood":12,"PreservedInsect":53,"energizedSpire:OgreHead":41,"Mythril_Glove":27,"hexamod:SpiritBrand":0,"infinitespire:Midas Blood":12,"hexamod:MatchstickCase":68}]},"card_choices":[{"not_picked":["hexamod:AdvancingGuard","hexamod:SpectersWail"],"picked":"hexamod:NightmareGuise","floor":2},{"not_picked":["hexamod:Incineration","hexamod:Firestarter"],"picked":"hexamod:HeatCrush","floor":3},{"not_picked":["hexamod:GhostShield","hexamod:NightmareGuise"],"picked":"hexamod:EmpoweredFlame","floor":5},{"not_picked":["hexamod:Hexaguard","hexamod:ShieldOfDarkness"],"picked":"hexamod:EtherealExpedition","floor":9},{"not_picked":["hexamod:HauntingEcho","hexamod:GhostOfSpirePast"],"picked":"hexamod:RecurringNightmare","floor":11},{"not_picked":["Warcry","hexamod:ForkedFlame"],"picked":"hexamod:AdvancingGuard","floor":12},{"not_picked":["hexamod:SwordOfDarkness","hexamod:Firestarter"],"picked":"hexamod:InspiringFlames","floor":15},{"not_picked":["hexamod:TurnItUp","Fiend Fire"],"picked":"hexamod:HexaLevel","floor":16},{"not_picked":["hexamod:ShieldOfDarkness","hexamod:PhantomFireball"],"picked":"hexamod:Firestarter+1","floor":19},{"not_picked":["hexamod:BacktrackSmack+1","hexamod:SpectersWail"],"picked":"hexamod:HeatShield","floor":20},{"not_picked":["hexamod:Haunt","hexamod:Rewind+1"],"picked":"hexamod:RainOfEmbers","floor":21},{"not_picked":["hexamod:RainOfEmbers","hexamod:BacktrackSmack"],"picked":"hexamod:FastForward+1","floor":22},{"not_picked":["hexamod:SwordOfDarkness","hexamod:PhantomFireball"],"picked":"hexamod:CatchUp","floor":25},{"not_picked":["hexamod:HeatMetal","hexamod:FastForward"],"picked":"hexamod:BurningTouch+1","floor":26},{"not_picked":["hexamod:GhostLash","hexamod:ShieldOfDarkness","hexamod:BurningTouch"],"picked":"SKIP","floor":27},{"not_picked":["hexamod:StepThrough","hexamod:AdvancingGuard"],"picked":"hexamod:RadiantFlame","floor":29},{"not_picked":["hexamod:GhostShield+1","hexamod:Hexaguard"],"picked":"hexamod:FastForward","floor":31},{"not_picked":["hexamod:GhostOfSpirePresent","hexamod:ShieldOfDarkness"],"picked":"hexamod:GhostOfSpireFuture+1","floor":32}],"player_experience":74617,"relics_obtained":[{"floor":7,"key":"infinitespire:Midas Blood"},{"floor":12,"key":"Replay:Bandana"},{"floor":14,"key":"Mythril_Glove"},{"floor":24,"key":"Nunchaku"},{"floor":25,"key":"hexamod:MatchstickCase"},{"floor":27,"key":"Centennial Puzzle"}],"event_choices":[],"is_beta":false,"boss_relics":[{"not_picked":["Runesmith:UraniumAnvil","Runic Pyramid"],"picked":"energizedSpire:OgreHead"}],"items_purged_floors":[20],"is_endless":false,"potions_floor_spawned":[5,9,12,15,16,21,25,27,31,32],"killed_by":"SI_MIRROR_ARCHETYPE","ascension_level":0}}