{"host":"d2gh6suihlstufn7","time":1613498521,"event":{"mods":["AchievementEnabler","BaseMod","Colored Map","Colored Powertips","Minty Spire (QoL Compilation)","Permanent Neow","Quick Restart"],"gold_per_floor":[116,131,147,161,36,36,49,49,49,49,69,69,69,82,82,181,481,495,495,495,513,204,204,204,204],"floor_reached":24,"language":"KOR","playtime":834,"items_purged":["Clash+1"],"score":213,"play_id":"474440ba-50a4-45a9-bd4d-d19849e4a714","local_time":"20210217030201","is_ascension_mode":false,"campfire_choices":[{"floor":6,"key":"RECALL"},{"data":"Flame Barrier","floor":8,"key":"SMITH"},{"data":"Bash","floor":10,"key":"SMITH"},{"data":"Fire Breathing","floor":12,"key":"SMITH"},{"data":"Headbutt","floor":15,"key":"SMITH"},{"data":"Fiend Fire","floor":23,"key":"SMITH"}],"circlet_count":0,"master_deck":["Defend_R","Defend_R","Defend_R","Bash+1","Barricade+1","Power Through+1","Headbutt+1","Flame Barrier+1","Fire Breathing+1","Fiend Fire+1","CurseOfTheBell","Bite","Bite","Bite","Bite","Bite","Pain","Feel No Pain","Entrench"],"relics":["Astrolabe","Calling Bell","Nunchaku","Pantograph","Old Coin","WarpedTongs","Bottled Tornado"],"acts_visited":["Exordium","TheCity"],"potions_floor_usage":[11,14,16,24],"damage_taken":[{"damage":7,"enemies":"Cultist","floor":1,"turns":6},{"damage":0,"enemies":"2 Louse","floor":2,"turns":2},{"damage":0,"enemies":"Jaw Worm","floor":3,"turns":8},{"damage":7,"enemies":"Looter","floor":4,"turns":5},{"damage":14,"enemies":"Lots of Slimes","floor":7,"turns":5},{"damage":1,"enemies":"Large Slime","floor":11,"turns":7},{"damage":0,"enemies":"Blue Slaver","floor":14,"turns":4},{"damage":13,"enemies":"The Guardian","floor":16,"turns":13},{"damage":8,"enemies":"3 Byrds","floor":18,"turns":2},{"damage":28,"enemies":"Shell Parasite","floor":21,"turns":5},{"damage":36,"enemies":"Slavers","floor":24,"turns":4}],"seed_played":"-7316999060578184306","potions_obtained":[{"floor":1,"key":"SpeedPotion"},{"floor":14,"key":"Fruit Juice"},{"floor":16,"key":"CultistPotion"},{"floor":21,"key":"BlessingOfTheForge"}],"is_trial":false,"path_per_floor":["M","M","M","M","$","R","M","R","T","R","M","R","?","M","R","B",null,"M","?","?","M","$","R","E"],"character_chosen":"IRONCLAD","items_purchased":["BloodPotion","Entrench","Bottled Tornado"],"campfire_rested":0,"item_purchase_floors":[5,22,22],"current_hp_per_floor":[73,73,73,66,66,66,52,52,52,52,67,67,72,77,77,64,90,82,62,62,41,41,41,14,14],"gold":204,"neow_bonus":"BOSS_RELIC","is_daily":false,"chose_seed":false,"campfire_upgraded":5,"win_rate":0.0,"timestamp":1613498521,"path_taken":["M","?","M","M","?","R","?","R","T","R","M","R","?","M","R","BOSS","M","?","?","?","$","R","E"],"items_purchased_type":["Potion","Card","Relic"],"build_version":"2020-12-22","purchased_purges":1,"victory":false,"max_hp_per_floor":[80,80,80,80,80,80,80,80,80,80,80,80,85,90,90,90,90,90,62,62,62,62,62,62,62],"card_choices":[{"not_picked":["Searing Blow","Heavy Blade"],"picked":"Headbutt","floor":1},{"not_picked":["Rampage","Havoc"],"picked":"Flame Barrier","floor":2},{"not_picked":["Anger","Perfected Strike","Thunderclap"],"picked":"SKIP","floor":3},{"not_picked":["Cleave","Blood for Blood","Thunderclap"],"picked":"SKIP","floor":4},{"not_picked":["Perfected Strike","Second Wind","Thunderclap"],"picked":"SKIP","floor":7},{"not_picked":["Clothesline","Anger"],"picked":"Fire Breathing","floor":11},{"not_picked":["Heavy Blade","Armaments","Corruption"],"picked":"SKIP","floor":14},{"not_picked":["Brutality","Double Tap"],"picked":"Fiend Fire","floor":16},{"not_picked":["Carnage+1","Seeing Red+1","Shrug It Off+1"],"picked":"SKIP","floor":18},{"not_picked":["Anger","Heavy Blade"],"picked":"Feel No Pain","floor":21}],"player_experience":217320,"relics_obtained":[{"floor":17,"key":"Nunchaku"},{"floor":17,"key":"Pantograph"},{"floor":17,"key":"Old Coin"}],"event_choices":[{"damage_healed":0,"gold_gain":0,"player_choice":"Donut","damage_taken":0,"max_hp_gain":5,"max_hp_loss":0,"event_name":"Big Fish","floor":13,"gold_loss":0},{"damage_healed":0,"gold_gain":0,"player_choice":"Became a vampire","damage_taken":0,"max_hp_gain":0,"max_hp_loss":28,"event_name":"Vampires","floor":19,"gold_loss":0,"cards_obtained":["Bite","Bite","Bite","Bite","Bite"]},{"damage_healed":0,"gold_gain":0,"player_choice":"Rummage","damage_taken":0,"relics_obtained":["WarpedTongs"],"max_hp_gain":0,"max_hp_loss":0,"event_name":"Accursed Blacksmith","floor":20,"gold_loss":0,"cards_obtained":["Pain"]}],"is_beta":false,"boss_relics":[{"not_picked":["Tiny House","Velvet Choker"],"picked":"Calling Bell"}],"items_purged_floors":[5],"is_endless":false,"potions_floor_spawned":[1,14,16,21],"killed_by":"Slavers","ascension_level":0}}