{"host":"5on5jp4vj4dvuydb","time":1613506582,"event":{"mods":["2.2 Compatiblity","BaseMod","Colored Powertips","Dio Mod","Highlight Path","Minty Spire (QoL Compilation)","Relic Stats","StSLib","everything is the same but u backflip on backflip"],"gold_per_floor":[111,111,111,129,8,43,43,56,56,56,83,95,108,108,108,204,204,220,220,0,0,16,28,28,3,3,31,42,42,62,75,75,75,75],"floor_reached":33,"language":"ENG","playtime":3671,"items_purged":[],"score":277,"play_id":"4bf00aaf-4a71-47f7-b7e7-60f573ef0122","local_time":"20210216151622","is_ascension_mode":false,"campfire_choices":[{"floor":7,"key":"REST"},{"data":"dioMod:Muda","floor":10,"key":"SMITH"},{"data":"dioMod:Muda","floor":15,"key":"SMITH"},{"data":"dioMod:SecretPlan","floor":24,"key":"SMITH"},{"data":"dioMod:DaggerToss","floor":29,"key":"SMITH"},{"data":"dioMod:DaggerToss","floor":32,"key":"SMITH"}],"circlet_count":0,"master_deck":["dioMod:Strike","dioMod:Strike","dioMod:Strike","dioMod:Strike","Bite","dioMod:Defend","dioMod:Defend","dioMod:Defend","dioMod:Muda+1","dioMod:SevenPageMuda","dioMod:Muda+1","dioMod:BloodShield","dioMod:BloodTransfusion","dioMod:KonoDioDa","dioMod:CoffinBath","dioMod:SlashThroughTime","dioMod:ComboFever","dioMod:DaggerToss+1","dioMod:Regeneration","dioMod:StreetSign+1","dioMod:VengefulMuda","dioMod:SecretPlan+1","dioMod:BloodSplash","dioMod:DaggerToss+1","dioMod:BlendIn","dioMod:BloodSplash","dioMod:Roundabout","Phantasmal Killer"],"relics":["dioMod:VampireBlood","Matryoshka","Centennial Puzzle","Bottled Tornado","Lantern","SlaversCollar","PrismaticShard","Potion Belt","Incense Burner","Pen Nib","PreservedInsect"],"acts_visited":["Exordium","TheCity"],"potions_floor_usage":[12],"damage_taken":[{"damage":10,"enemies":"Jaw Worm","floor":1,"turns":4},{"damage":7,"enemies":"2 Louse","floor":4,"turns":2},{"damage":55,"enemies":"Lagavulin","floor":6,"turns":11},{"damage":3,"enemies":"Cultist","floor":8,"turns":3},{"damage":28,"enemies":"3 Sentries","floor":11,"turns":8},{"damage":3,"enemies":"2 Fungi Beasts","floor":12,"turns":2},{"damage":6,"enemies":"Exordium Thugs","floor":13,"turns":3},{"damage":73,"enemies":"Slime Boss","floor":16,"turns":15},{"damage":8,"enemies":"3 Byrds","floor":18,"turns":3},{"damage":26,"enemies":"Shell Parasite","floor":22,"turns":4},{"damage":11,"enemies":"Snecko","floor":23,"turns":4},{"damage":25,"enemies":"Slavers","floor":27,"turns":7},{"damage":11,"enemies":"Centurion and Healer","floor":28,"turns":8},{"damage":28,"enemies":"3 Cultists","floor":30,"turns":6},{"damage":30,"enemies":"Sentry and Sphere","floor":31,"turns":5},{"damage":115,"enemies":"Automaton","floor":33,"turns":12}],"seed_played":"7663281009335208621","potions_obtained":[{"floor":6,"key":"EssenceOfSteel"},{"floor":11,"key":"dioMod:HumanBlood"},{"floor":12,"key":"dioMod:HumanBlood"},{"floor":13,"key":"Weak Potion"},{"floor":22,"key":"SkillPotion"},{"floor":30,"key":"CultistPotion"}],"is_trial":false,"path_per_floor":["M","?","?","M","$","E","R","M","T","R","E","M","M","?","R","B",null,"M","?","$","T","M","M","R","$","T","E","M","R","M","M","R","B"],"character_chosen":"THE_DEFAULT","items_purchased":["dioMod:BloodTransfusion","dioMod:HumanBlood","dioMod:VengefulMuda","PrismaticShard","dioMod:SecretPlan","dioMod:BlendIn"],"campfire_rested":1,"item_purchase_floors":[5,5,20,20,20,25],"current_hp_per_floor":[76,76,76,77,77,41,65,77,77,77,76,82,82,82,82,35,82,82,82,82,82,74,81,81,81,81,79,82,82,78,73,73,0,0],"gold":75,"neow_bonus":"TEN_PERCENT_HP_BONUS","is_daily":false,"chose_seed":false,"campfire_upgraded":5,"win_rate":0.0,"timestamp":1613506582,"path_taken":["M","?","?","M","$","E","R","M","T","R","E","?","M","?","R","BOSS","M","?","$","?","M","M","R","$","T","E","?","R","M","M","R","BOSS"],"items_purchased_type":["Card","Potion","Card","Relic","Card","Card"],"build_version":"2020-12-22","purchased_purges":0,"victory":false,"max_hp_per_floor":[82,82,82,82,82,82,82,82,82,82,82,82,82,82,82,82,82,82,82,82,82,82,82,82,82,82,82,82,82,82,82,82,82,82],"relic_stats":{"Centennial Puzzle":[36],"counters":[16,97],"Pen Nib":[10],"PreservedInsect":0,"obtain_stats":[{"Potion Belt":21,"SlaversCollar":17,"Centennial Puzzle":9,"Lantern":11,"Matryoshka":6,"dioMod:VampireBlood":0,"Pen Nib":26,"PreservedInsect":27,"Incense Burner":21,"Bottled Tornado":9,"PrismaticShard":20},{"Potion Belt":9,"SlaversCollar":8,"Centennial Puzzle":4,"Lantern":5,"Matryoshka":3,"dioMod:VampireBlood":0,"Pen Nib":11,"PreservedInsect":12,"Incense Burner":9,"Bottled Tornado":4,"PrismaticShard":9},{"Potion Belt":51,"SlaversCollar":48,"Centennial Puzzle":20,"Lantern":28,"Matryoshka":17,"dioMod:VampireBlood":0,"Pen Nib":59,"PreservedInsect":66,"Incense Burner":51,"Bottled Tornado":20,"PrismaticShard":51}]},"card_choices":[{"not_picked":["dioMod:WRYYY","dioMod:LaserVision"],"picked":"dioMod:Muda","floor":1},{"not_picked":["dioMod:CautiousMuda","dioMod:Donut"],"picked":"dioMod:BloodShield","floor":4},{"not_picked":["dioMod:Minions","dioMod:Donut"],"picked":"dioMod:KonoDioDa","floor":6},{"not_picked":["dioMod:BlendIn","dioMod:BloodSplash"],"picked":"dioMod:CoffinBath","floor":8},{"not_picked":["dioMod:Donut","dioMod:BloodTransfusion"],"picked":"dioMod:SlashThroughTime","floor":11},{"not_picked":["dioMod:BloodShield","dioMod:FlyAway"],"picked":"dioMod:ComboFever","floor":12},{"not_picked":["dioMod:Roundabout","dioMod:BloodShield"],"picked":"dioMod:DaggerToss","floor":13},{"not_picked":["dioMod:GoldVial","dioMod:Despair"],"picked":"dioMod:Regeneration","floor":16},{"not_picked":["dioMod:BloodTransfusion","dioMod:FlyAway+1"],"picked":"dioMod:StreetSign+1","floor":18},{"not_picked":["dioMod:WRYYY","dioMod:StreetSign+1"],"picked":"dioMod:BloodSplash","floor":22},{"not_picked":["Warcry","Protect"],"picked":"dioMod:DaggerToss","floor":23},{"not_picked":["dioMod:StreetSign","Slice"],"picked":"dioMod:BloodSplash","floor":27},{"not_picked":["Perfected Strike","PathToVictory"],"picked":"dioMod:Roundabout","floor":28},{"not_picked":["dioMod:SecretPlan","Poisoned Stab"],"picked":"Phantasmal Killer","floor":30},{"not_picked":["Skim+1","Crippling Poison","Consume+1"],"picked":"SKIP","floor":31}],"player_experience":8999,"relics_obtained":[{"floor":6,"key":"Matryoshka"},{"floor":9,"key":"Centennial Puzzle"},{"floor":9,"key":"Bottled Tornado"},{"floor":11,"key":"Lantern"},{"floor":21,"key":"Potion Belt"},{"floor":21,"key":"Incense Burner"},{"floor":26,"key":"Pen Nib"},{"floor":27,"key":"PreservedInsect"}],"event_choices":[{"damage_healed":0,"gold_gain":0,"player_choice":"Ignored","damage_taken":0,"max_hp_gain":0,"max_hp_loss":0,"event_name":"Golden Wing","floor":2,"gold_loss":0},{"damage_healed":0,"gold_gain":0,"player_choice":"2 cards matched","damage_taken":0,"max_hp_gain":0,"max_hp_loss":0,"event_name":"Match and Keep!","floor":3,"gold_loss":0,"cards_obtained":["dioMod:SevenPageMuda","dioMod:Muda"]},{"damage_healed":0,"gold_gain":0,"player_choice":"Bought 0 Potions","damage_taken":0,"max_hp_gain":0,"max_hp_loss":0,"event_name":"The Woman in Blue","floor":14,"gold_loss":0},{"cards_removed":["dioMod:Defend"],"damage_healed":0,"gold_gain":0,"player_choice":"Offered Basic","damage_taken":0,"max_hp_gain":0,"max_hp_loss":0,"event_name":"Bonfire Elementals","floor":19,"gold_loss":0}],"is_beta":false,"boss_relics":[{"not_picked":["Runic Pyramid","Cursed Key"],"picked":"SlaversCollar"}],"items_purged_floors":[],"is_endless":false,"potions_floor_spawned":[6,11,12,13,16,22,30],"killed_by":"Automaton","ascension_level":0}}