{"host":"dm3der2z84gf27js","time":1613464931,"event":{"mods":["AchievementEnabler","BaseMod","Bestiary","Better Note","Better Third Choice","Colored Map","Colored Powertips","Downfall","Marisa????????","Minty Spire (QoL Compilation)","Onozuka Komachi Mod","StSLib","The Marked","The Servant 0.9.4"],"gold_per_floor":[210,210,228,243,270,311,311,358,381,406,448,480,480,497,497,630,630,570,570,570,570,570,570,570,570],"floor_reached":24,"language":"ENG","playtime":1532,"items_purged":[],"score":233,"play_id":"dff3750b-bf45-4112-80d5-f7b0297266be","local_time":"20210216034211","is_ascension_mode":true,"campfire_choices":[{"floor":7,"key":"REST"},{"floor":13,"key":"REST"},{"floor":15,"key":"REST"},{"floor":23,"key":"REST"}],"circlet_count":0,"master_deck":["Strike_MRS","Strike_MRS","Strike_MRS","Strike_MRS","Defend_MRS","Defend_MRS","Defend_MRS","Defend_MRS","MasterSpark","UpSweep","MagicAbsorber","GravityBeat","Robbery","MillisecondPulsars","NonDirectionalLaser","PropBag","EnergyFlow","EventHorizon","StarBarrage","OpenUniverse","JA","DeepEcoloBomb+1","CollectingQuirk","DeepEcoloBomb+1","MagicAbsorber+1","ShootingEcho+1"],"relics":["MiniHakkero","Pocketwatch","Strawberry","Boot","Ectoplasm","Letter Opener"],"acts_visited":["Exordium","TheCity"],"potions_floor_usage":[3,6,10,10,12,14,21,21,24],"damage_taken":[{"damage":1,"enemies":"Jaw Worm","floor":1,"turns":3},{"damage":0,"enemies":"Cultist","floor":3,"turns":2},{"damage":0,"enemies":"Small Slimes","floor":4,"turns":3},{"damage":5,"enemies":"Red Slaver","floor":5,"turns":4},{"damage":28,"enemies":"Gremlin Nob","floor":6,"turns":4},{"damage":18,"enemies":"Lagavulin","floor":8,"turns":6},{"damage":12,"enemies":"Exordium Thugs","floor":10,"turns":3},{"damage":23,"enemies":"3 Sentries","floor":11,"turns":6},{"damage":14,"enemies":"Exordium Wildlife","floor":12,"turns":3},{"damage":10,"enemies":"Gremlin Gang","floor":14,"turns":3},{"damage":2,"enemies":"Hexaghost","floor":16,"turns":9},{"damage":34,"enemies":"2 Thieves","floor":18,"turns":4},{"damage":2,"enemies":"Chosen","floor":20,"turns":4},{"damage":7,"enemies":"Snake Plant","floor":21,"turns":3},{"damage":2,"enemies":"Snecko","floor":22,"turns":4},{"damage":62,"enemies":"Gremlin Leader","floor":24,"turns":7}],"seed_played":"402653519131151817","potions_obtained":[{"floor":1,"key":"AttackPotion"},{"floor":2,"key":"Explosive Potion"},{"floor":2,"key":"Weak Potion"},{"floor":3,"key":"SteroidPotion"},{"floor":6,"key":"Weak Potion"},{"floor":12,"key":"SteroidPotion"},{"floor":16,"key":"StarNLove"},{"floor":18,"key":"EssenceOfSteel"},{"floor":20,"key":"SteroidPotion"}],"is_trial":false,"path_per_floor":["M","?","M","M","M","E","R","E","T","M","E","M","R","M","R","B",null,"M","?","M","M","M","R","E"],"character_chosen":"MARISA","items_purchased":[],"campfire_rested":4,"item_purchase_floors":[],"current_hp_per_floor":[74,74,74,74,69,41,63,52,52,40,17,3,27,17,41,39,82,48,48,46,39,37,61,0,0],"gold":570,"neow_bonus":"HUNDRED_GOLD","is_daily":false,"chose_seed":false,"campfire_upgraded":0,"win_rate":0.0,"timestamp":1613464931,"path_taken":["M","?","M","M","M","E","R","E","T","?","E","M","R","M","R","BOSS","M","?","?","M","M","R","E"],"items_purchased_type":[],"build_version":"2020-12-22","purchased_purges":0,"victory":false,"max_hp_per_floor":[75,75,75,75,75,75,75,82,82,82,82,82,82,82,82,82,82,82,82,82,82,82,82,82,82],"card_choices":[{"not_picked":["AlicesGift","PowerUp"],"picked":"MagicAbsorber","floor":1},{"not_picked":["PulseMagic","OortCloud"],"picked":"GravityBeat","floor":3},{"not_picked":["NonDirectionalLaser","SporeBomb"],"picked":"Robbery","floor":4},{"not_picked":["UnstableBomb","SporeBomb"],"picked":"MillisecondPulsars","floor":5},{"not_picked":["WitchOfGreed","WitchLeyline"],"picked":"NonDirectionalLaser","floor":6},{"not_picked":["Occultation","GalacticHalo"],"picked":"PropBag","floor":8},{"not_picked":["DC","WitchLeyline"],"picked":"EnergyFlow","floor":10},{"not_picked":["EnergyFlow","GravityBeat"],"picked":"EventHorizon","floor":11},{"not_picked":["UnstableBomb","IllusionStar"],"picked":"StarBarrage","floor":12},{"not_picked":["SporeBomb","PulseMagic"],"picked":"OpenUniverse","floor":14},{"not_picked":["BinaryStars","BlazingStar"],"picked":"JA","floor":16},{"not_picked":["EventHorizon+1","PropBag+1"],"picked":"DeepEcoloBomb+1","floor":18},{"not_picked":["ShootingEcho","PropBag"],"picked":"DeepEcoloBomb+1","floor":20},{"not_picked":["SporeBomb","EnergyRecoil"],"picked":"MagicAbsorber+1","floor":21},{"not_picked":["WitchLeyline","EventHorizon"],"picked":"ShootingEcho+1","floor":22}],"player_experience":227555,"relics_obtained":[{"floor":6,"key":"Pocketwatch"},{"floor":8,"key":"Strawberry"},{"floor":11,"key":"Boot"}],"event_choices":[{"damage_healed":0,"gold_gain":0,"player_choice":"Got Potions","damage_taken":0,"max_hp_gain":0,"max_hp_loss":0,"event_name":"Lab","floor":2,"gold_loss":0},{"cards_removed":["MillisecondPulsars"],"damage_healed":0,"gold_gain":0,"player_choice":"Take \u0026 Give","damage_taken":0,"max_hp_gain":0,"max_hp_loss":0,"event_name":"betterNote:BetterNote","floor":19,"gold_loss":0,"cards_obtained":["CollectingQuirk"]}],"is_beta":false,"boss_relics":[{"not_picked":["Velvet Choker","Busted Crown"],"picked":"Ectoplasm"}],"items_purged_floors":[],"is_endless":false,"potions_floor_spawned":[1,3,6,12,16,18,20],"killed_by":"Gremlin Leader","ascension_level":1}}