{"host":"dcj2yvrgcvh5dl2s","time":1613477111,"event":{"mods":["BaseMod","Bestiary","Better Note","Block Reminder","Colored Powertips","Curses Come First","DeckTracker","Displayed Cursed Tome","Minty Spire (QoL Compilation)","Quick Restart","Rare Cards Sparkle","Relic Stats","StSLib"],"gold_per_floor":[417,432,507,524,604,604,604],"floor_reached":6,"language":"ENG","playtime":204,"items_purged":[],"score":47,"play_id":"fec96761-7067-433c-81ce-a8b74e132735","local_time":"20210216220511","is_ascension_mode":true,"campfire_choices":[],"circlet_count":0,"master_deck":["Strike_G","Strike_G","Strike_G","Strike_G","Strike_G","Defend_G","Defend_G","Defend_G","Defend_G","Defend_G","Survivor","Neutralize","Terror","Deflect"],"relics":["Ring of the Snake","Old Coin","Mummified Hand"],"acts_visited":["Exordium"],"potions_floor_usage":[],"damage_taken":[{"damage":4,"enemies":"Small Slimes","floor":1,"turns":4},{"damage":3,"enemies":"Cultist","floor":2,"turns":4},{"damage":0,"enemies":"Jaw Worm","floor":4,"turns":4},{"damage":62,"enemies":"Gremlin Nob","floor":6,"turns":5}],"seed_played":"-248524966827311638","potions_obtained":[{"floor":1,"key":"FearPotion"}],"is_trial":false,"path_per_floor":["M","M","?","M","T","E"],"character_chosen":"THE_SILENT","items_purchased":[],"campfire_rested":0,"item_purchase_floors":[],"current_hp_per_floor":[59,56,50,50,50,0,0],"gold":604,"neow_bonus":"ONE_RARE_RELIC","is_daily":false,"chose_seed":false,"campfire_upgraded":0,"win_rate":0.0,"timestamp":1613477111,"path_taken":["M","M","?","?","?","E"],"items_purchased_type":[],"build_version":"2020-12-22","purchased_purges":0,"victory":false,"max_hp_per_floor":[63,63,63,63,63,63,63],"relic_stats":{"counters":[4,17],"Mummified Hand":[0],"obtain_stats":[{"Mummified Hand":5,"Ring of the Snake":0,"Old Coin":0},{"Mummified Hand":3,"Ring of the Snake":0,"Old Coin":0},{"Mummified Hand":12,"Ring of the Snake":0,"Old Coin":0}],"Ring of the Snake":[8]},"card_choices":[{"not_picked":["Skewer","Infinite Blades"],"picked":"Terror","floor":1},{"not_picked":["Dagger Throw","Underhanded Strike"],"picked":"Deflect","floor":2},{"not_picked":["Tactician","Sucker Punch","Endless Agony"],"picked":"SKIP","floor":4}],"player_experience":2421371,"relics_obtained":[{"floor":5,"key":"Mummified Hand"}],"event_choices":[{"damage_healed":0,"gold_gain":75,"player_choice":"Touch","damage_taken":6,"max_hp_gain":0,"max_hp_loss":0,"event_name":"FaceTrader","floor":3,"gold_loss":0}],"is_beta":false,"boss_relics":[],"items_purged_floors":[],"is_endless":false,"potions_floor_spawned":[1],"killed_by":"Gremlin Nob","ascension_level":6}}