{"host":"5on5jp4vj4dvuydb","time":1613508016,"event":{"mods":["2.2 Compatiblity","BaseMod","Colored Powertips","Melee Mod","Minty Spire (QoL Compilation)","StSLib","The Animator","The Saiyan","The Wild Card"],"gold_per_floor":[94,104,104,104,129,129,153,153,153,177,201,201,201],"floor_reached":12,"language":"ENG","playtime":888,"items_purged":[],"score":72,"play_id":"1145857f-07b3-404f-bb83-a14f0ac16a13","local_time":"20210216154016","is_ascension_mode":false,"campfire_choices":[{"floor":6,"key":"RECALL"},{"data":"Saiyan:PowerStance","floor":8,"key":"SMITH"}],"circlet_count":0,"master_deck":["Saiyan:SAIYA_Strike","Saiyan:SAIYA_Strike","Saiyan:SAIYA_Strike","Saiyan:SAIYA_Strike","Saiyan:SAIYA_Defend","Saiyan:SAIYA_Defend","Saiyan:SAIYA_Defend","Saiyan:SAIYA_Defend","Saiyan:EnergyBlast+1","Saiyan:KaioKen","Saiyan:RuthlessBlow","Saiyan:ConcussiveBlow","Saiyan:PowerPole","Saiyan:ExpandingShockwave","Saiyan:PowerStance+1","Saiyan:RemoveWeights","Saiyan:DrainingStrike"],"relics":["SaiyanSoul","SaiyanHeart","NeowsBlessing","Golden Idol"],"acts_visited":["Exordium"],"potions_floor_usage":[],"damage_taken":[{"damage":0,"enemies":"2 Louse","floor":1,"turns":1},{"damage":0,"enemies":"Jaw Worm","floor":2,"turns":1},{"damage":0,"enemies":"Small Slimes","floor":5,"turns":1},{"damage":10,"enemies":"3 Louse","floor":7,"turns":2},{"damage":6,"enemies":"2 Fungi Beasts","floor":10,"turns":2},{"damage":9,"enemies":"Red Slaver","floor":11,"turns":3},{"damage":63,"enemies":"Gremlin Nob","floor":12,"turns":5}],"seed_played":"2185258034528235904","potions_obtained":[{"floor":1,"key":"Energy Potion"},{"floor":10,"key":"BlessingOfTheForge"}],"is_trial":false,"path_per_floor":["M","M","?","?","M","R","M","R","T","M","M","E"],"character_chosen":"SAIYAJIN","items_purchased":[],"campfire_rested":0,"item_purchase_floors":[],"current_hp_per_floor":[60,61,57,57,57,57,47,47,47,42,35,0,0],"gold":201,"neow_bonus":"THREE_ENEMY_KILL","is_daily":false,"chose_seed":false,"campfire_upgraded":1,"win_rate":0.0,"timestamp":1613508016,"path_taken":["M","M","?","?","?","R","M","R","T","M","M","E"],"items_purchased_type":[],"build_version":"2020-12-22","purchased_purges":0,"victory":false,"max_hp_per_floor":[60,61,57,57,57,57,57,57,57,58,60,61,61],"card_choices":[{"not_picked":["Saiyan:Pacing","Saiyan:Scouter"],"picked":"Saiyan:ConcussiveBlow","floor":1},{"not_picked":["Saiyan:Medicine","Saiyan:SaiyanHubris"],"picked":"Saiyan:PowerPole","floor":2},{"not_picked":["Saiyan:FingerParry","Saiyan:Flurry"],"picked":"Saiyan:ExpandingShockwave","floor":5},{"not_picked":["Saiyan:KameHameHa","Saiyan:Honing"],"picked":"Saiyan:PowerStance","floor":7},{"not_picked":["Saiyan:SpiritSword","Saiyan:FingerParry"],"picked":"Saiyan:RemoveWeights","floor":10},{"not_picked":["Saiyan:FingerParry","Saiyan:PowerUp"],"picked":"Saiyan:DrainingStrike","floor":11}],"player_experience":7613,"relics_obtained":[],"event_choices":[{"damage_healed":0,"gold_gain":0,"player_choice":"Lose Max HP","damage_taken":0,"relics_obtained":["Golden Idol"],"max_hp_gain":0,"max_hp_loss":4,"event_name":"Golden Idol","floor":3,"gold_loss":0},{"damage_healed":0,"gold_gain":0,"player_choice":"Grow","damage_taken":0,"max_hp_gain":0,"max_hp_loss":0,"event_name":"Living Wall","floor":4,"gold_loss":0,"cards_upgraded":["Saiyan:EnergyBlast"]}],"is_beta":false,"boss_relics":[],"items_purged_floors":[],"is_endless":false,"potions_floor_spawned":[1,10],"killed_by":"Gremlin Nob","ascension_level":0}}