{"host":"tzwikg9s6mkzv6w0","time":1613476332,"event":{"mods":["BaseMod","Good Game Mod","Minty Spire (QoL Compilation)","Spicy Shops","StSLib"],"gold_per_floor":[114,114,289,343,618,618,634,665,691,723,723,735,747,747,747,848,848,865,214,225,244,119,119,130,130,130],"floor_reached":25,"language":"ZHS","playtime":1214,"items_purged":["Strike_B","Strike_B","Strike_B"],"score":248,"play_id":"904b167f-a241-4ba7-9a96-535e21fb768f","local_time":"20210216195212","is_ascension_mode":true,"campfire_choices":[{"data":"Venomology","floor":6.0,"key":"SMITH"},{"data":"Coolheaded","floor":11.0,"key":"SMITH"},{"data":"Turbo","floor":15.0,"key":"SMITH"},{"data":"Defragment","floor":23.0,"key":"SMITH"}],"circlet_count":0,"master_deck":["Defend_B","Defend_B","Defend_B","Defend_B","Zap","Dualcast","Venomology+1","Turbo+1","Coolheaded+1","Static Discharge","Double Energy","Seek","Undo+1","Ball Lightning","Storm","Echo Form","Capacitor","Defragment+1"],"relics":["Cracked Core","REME:ComplimentaryCards","NeowsBlessing","PreservedInsect","Sundial","Pen Nib","Empty Cage","Orrery","Eternal Feather"],"acts_visited":["Exordium","TheCity"],"potions_floor_usage":[24,25,25],"damage_taken":[{"damage":0.0,"enemies":"Jaw Worm","floor":1.0,"turns":1.0},{"damage":0.0,"enemies":"2 Louse","floor":7.0,"turns":1.0},{"damage":0.0,"enemies":"Gremlin Nob","floor":8.0,"turns":1.0},{"damage":16.0,"enemies":"3 Sentries","floor":10.0,"turns":7.0},{"damage":15.0,"enemies":"Small Slimes","floor":12.0,"turns":2.0},{"damage":10.0,"enemies":"Red Slaver","floor":13.0,"turns":4.0},{"damage":21.0,"enemies":"Slime Boss","floor":16.0,"turns":8.0},{"damage":18.0,"enemies":"Shell Parasite","floor":18.0,"turns":7.0},{"damage":14.0,"enemies":"Spheric Guardian","floor":20.0,"turns":5.0},{"damage":8.0,"enemies":"Centurion and Healer","floor":21.0,"turns":7.0},{"damage":34,"enemies":"Cultist and Chosen","floor":24,"turns":6},{"damage":39,"enemies":"Gremlin Leader","floor":25,"turns":7}],"seed_played":"6413656004561058343","potions_obtained":[{"floor":8.0,"key":"Explosive Potion"},{"floor":14.0,"key":"Swift Potion"},{"floor":16.0,"key":"Explosive Potion"},{"floor":21.0,"key":"Dexterity Potion"}],"is_trial":false,"path_per_floor":["M","?","?","T","?","R","M","E","T","E","R","M","M","?","R","B",null,"M","$","M","M","$","R","M","E"],"character_chosen":"DEFECT","items_purchased":["Orrery","Capacitor","Eternal Feather"],"campfire_rested":0,"item_purchase_floors":[19,19,19],"current_hp_per_floor":[75,68,68,68,68,68,68,68,68,52,52,37,27,27,27,6,75,57,57,43,35,35,44,10,0,0],"gold":130,"neow_bonus":"THREE_ENEMY_KILL","is_daily":false,"chose_seed":false,"campfire_upgraded":4,"win_rate":0.0,"timestamp":1613476332,"path_taken":["M","?","?","?","?","R","M","E","T","E","R","M","?","?","R","BOSS","M","$","M","M","?","R","?","E"],"items_purchased_type":["Relic","Card","Relic"],"build_version":"2020-12-22","purchased_purges":3,"victory":false,"max_hp_per_floor":[75,75,75,75,75,75,75,75,75,75,75,75,75,75,75,75,75,75,75,75,75,75,75,75,75,75],"card_choices":[{"not_picked":["Steam","Undo"],"picked":"Turbo","floor":1.0},{"not_picked":["Leap","Stack","Conserve Battery"],"picked":"SKIP","floor":7.0},{"not_picked":["Lockon","Streamline"],"picked":"Coolheaded","floor":8.0},{"not_picked":["Steam Power","Steam"],"picked":"Static Discharge","floor":10.0},{"not_picked":["Redo","Aggregate","Fusion"],"picked":"SKIP","floor":12.0},{"not_picked":["BootSequence","Chaos"],"picked":"Double Energy","floor":13.0},{"not_picked":["Amplify","Reboot"],"picked":"Seek","floor":16.0},{"not_picked":["Hologram","Chaos"],"picked":"Undo+1","floor":18.0},{"not_picked":["Loop","BootSequence"],"picked":"Ball Lightning","floor":19.0},{"not_picked":["Cold Snap","Redo+1"],"picked":"Storm","floor":19.0},{"not_picked":["Steam+1","Skim"],"picked":"Echo Form","floor":19.0},{"not_picked":["Cold Snap","Sweeping Beam","Undo"],"picked":"SKIP","floor":20.0},{"not_picked":["Compile Driver","FTL"],"picked":"Defragment","floor":21.0},{"not_picked":["Blizzard","Redo","BootSequence"],"picked":"SKIP","floor":24}],"player_experience":94409,"relics_obtained":[{"floor":4.0,"key":"PreservedInsect"},{"floor":8.0,"key":"Sundial"},{"floor":10.0,"key":"Pen Nib"}],"event_choices":[{"cards_removed":["Strike_B"],"damage_healed":0.0,"max_hp_gain":0.0,"max_hp_loss":0.0,"gold_gain":0.0,"event_name":"Golden Wing","player_choice":"Card Removal","floor":2.0,"gold_loss":0.0,"damage_taken":7.0},{"damage_healed":0.0,"max_hp_gain":0.0,"max_hp_loss":0.0,"gold_gain":175.0,"event_name":"Liars Game","player_choice":"AGREE","floor":3.0,"gold_loss":0.0,"damage_taken":0.0,"cards_obtained":["Doubt"]},{"damage_healed":0.0,"max_hp_gain":0.0,"max_hp_loss":0.0,"gold_gain":275.0,"event_name":"Golden Shrine","player_choice":"Desecrate","floor":5.0,"gold_loss":0.0,"damage_taken":0.0,"cards_obtained":["Regret"]},{"damage_healed":0.0,"max_hp_gain":0.0,"max_hp_loss":0.0,"gold_gain":0.0,"event_name":"Lab","player_choice":"Got Potions","floor":14.0,"gold_loss":0.0,"damage_taken":0.0}],"is_beta":false,"boss_relics":[{"not_picked":["Black Star","Coffee Dripper"],"picked":"Empty Cage"}],"items_purged_floors":[19,19,22],"is_endless":false,"potions_floor_spawned":[8,13,16,21],"killed_by":"Gremlin Leader","ascension_level":1}}