{"host":"zsnmfqgcm92hlreo","time":1613440690,"event":{"mods":["AchievementEnabler","BaseMod","Bestiary","Block Reminder","Colored Map","Colored Powertips","Filter the Spire","Minty Spire (QoL Compilation)","Permanent Neow","Quick Restart","Relic Stats","StSLib","Weighted Paths"],"gold_per_floor":[112,122,122,138,150,150,150],"floor_reached":6,"language":"ENG","playtime":285,"items_purged":[],"score":76,"play_id":"808c55a8-57ce-42d1-9fa1-2d8d32e0e4e3","local_time":"20210215195810","is_ascension_mode":true,"campfire_choices":[],"circlet_count":0,"master_deck":["AscendersBane","Strike_R","Strike_R","Strike_R","Strike_R","Strike_R","Defend_R","Defend_R","Defend_R","Defend_R","Bash","Pommel Strike","Body Slam","Brutality","Hemokinesis","Shrug It Off","Hemokinesis"],"relics":["Snecko Eye"],"acts_visited":["Exordium"],"potions_floor_usage":[5],"damage_taken":[{"damage":10.0,"enemies":"Small Slimes","floor":1.0,"turns":4.0},{"damage":6.0,"enemies":"Cultist","floor":2.0,"turns":3.0},{"damage":5,"enemies":"2 Louse","floor":4,"turns":3},{"damage":0,"enemies":"Large Slime","floor":5,"turns":3},{"damage":40,"enemies":"3 Sentries","floor":6,"turns":6}],"seed_played":"1071474992946056316","potions_obtained":[{"floor":2.0,"key":"AttackPotion"},{"floor":4,"key":"Weak Potion"}],"is_trial":false,"path_per_floor":["M","M","?","M","M","E"],"character_chosen":"IRONCLAD","items_purchased":[],"campfire_rested":0,"item_purchase_floors":[],"current_hp_per_floor":[58,52,52,47,47,7,7],"gold":150,"neow_bonus":"BOSS_RELIC","is_daily":false,"chose_seed":false,"campfire_upgraded":0,"win_rate":0.0,"timestamp":1613440690,"path_taken":["M","M","?","?","M","E"],"items_purchased_type":[],"build_version":"2020-12-22","purchased_purges":0,"victory":false,"max_hp_per_floor":[75,75,75,75,75,75,75],"relic_stats":{"counters":[5,18],"Snecko Eye":[28,26,36,31],"obtain_stats":[{"Snecko Eye":0,"Burning Blood":0},{"Snecko Eye":0,"Burning Blood":0},{"Snecko Eye":0,"Burning Blood":0}]},"card_choices":[{"not_picked":["Body Slam","Intimidate"],"picked":"Pommel Strike","floor":1.0},{"not_picked":["Thunderclap","Intimidate"],"picked":"Body Slam","floor":2.0},{"not_picked":["Havoc","Twin Strike"],"picked":"Shrug It Off","floor":4},{"not_picked":["Anger","Sword Boomerang"],"picked":"Hemokinesis","floor":5}],"player_experience":1151016,"relics_obtained":[],"event_choices":[{"damage_healed":0,"gold_gain":0,"player_choice":"2 cards matched","damage_taken":0,"max_hp_gain":0,"max_hp_loss":0,"event_name":"Match and Keep!","floor":3,"gold_loss":0,"cards_obtained":["Brutality","Hemokinesis"]}],"is_beta":false,"boss_relics":[],"items_purged_floors":[],"is_endless":false,"potions_floor_spawned":[2,4],"killed_by":"3 Sentries","ascension_level":20}}