{"host":"w5thk1acqacem6ba","time":1613511755,"event":{"mods":["AchievementEnabler","BaseMod","Colored Map","KOR Keyword Fix","Minty Spire (QoL Compilation)","SuperFastMode"],"gold_per_floor":[111,127,127,127,148,148,166,189,189,189,139,40,60,85,85,215,215,230,230,255,269,269,303,303,344,394,394,407,407,428,453,453,584,584,599,18,351,363,363,363,363,416,467,483,483,499,47,57,57,57],"floor_reached":51,"language":"KOR","playtime":1914,"items_purged":["Strike_G","Strike_G"],"score":920,"play_id":"9d996650-3178-4f79-a2dd-d15ec693c011","local_time":"20210217064235","is_ascension_mode":true,"campfire_choices":[{"data":"Infinite Blades","floor":6.0,"key":"SMITH"},{"floor":10.0,"key":"REST"},{"data":"A Thousand Cuts","floor":15.0,"key":"SMITH"},{"floor":24.0,"key":"REST"},{"floor":29.0,"key":"REST"},{"floor":32.0,"key":"REST"},{"floor":40.0,"key":"REST"},{"data":"Blade Dance","floor":45.0,"key":"SMITH"},{"floor":49,"key":"REST"}],"circlet_count":0,"master_deck":["Strike_G","Strike_G","Defend_G","Defend_G","Defend_G","Defend_G","Survivor","Neutralize","Blade Dance+1","Infinite Blades+1","Deflect","A Thousand Cuts+1","Blade Dance+1","Backflip+1","Deflect","PiercingWail","Backflip+1","Footwork+1","Cloak And Dagger+1","PiercingWail+1"],"relics":["WristBlade","Singing Bowl","Busted Crown","Blue Candle","MutagenicStrength","Bottled Tornado","Frozen Egg 2","Ancient Tea Set","HoveringKite","InkBottle","Blood Vial","War Paint","Bag of Marbles","Sundial","Lantern"],"acts_visited":["Exordium","TheCity","TheBeyond"],"potions_floor_usage":[46,50,50,50],"damage_taken":[{"damage":2.0,"enemies":"Jaw Worm","floor":1.0,"turns":4.0},{"damage":2.0,"enemies":"Small Slimes","floor":2.0,"turns":3.0},{"damage":0.0,"enemies":"Cultist","floor":5.0,"turns":2.0},{"damage":5.0,"enemies":"Red Slaver","floor":7.0,"turns":3.0},{"damage":0.0,"enemies":"Gremlin Gang","floor":8.0,"turns":4.0},{"damage":0.0,"enemies":"Large Slime","floor":13.0,"turns":3.0},{"damage":0.0,"enemies":"2 Fungi Beasts","floor":14.0,"turns":2.0},{"damage":30.0,"enemies":"The Guardian","floor":16.0,"turns":11.0},{"damage":2.0,"enemies":"3 Byrds","floor":18.0,"turns":3.0},{"damage":11.0,"enemies":"2 Thieves","floor":20.0,"turns":3.0},{"damage":0.0,"enemies":"Chosen and Byrds","floor":21.0,"turns":5.0},{"damage":19.0,"enemies":"Book of Stabbing","floor":23.0,"turns":4.0},{"damage":22.0,"enemies":"Slavers","floor":25.0,"turns":3.0},{"damage":2.0,"enemies":"Cultist and Chosen","floor":28.0,"turns":4.0},{"damage":0.0,"enemies":"Sentry and Sphere","floor":30.0,"turns":3.0},{"damage":19.0,"enemies":"Snake Plant","floor":31.0,"turns":3.0},{"damage":28.0,"enemies":"Automaton","floor":33.0,"turns":8.0},{"damage":12.0,"enemies":"3 Shapes","floor":35.0,"turns":3.0},{"damage":18.0,"enemies":"3 Darklings","floor":38.0,"turns":4.0},{"damage":0.0,"enemies":"Spire Growth","floor":44.0,"turns":4.0},{"damage":30,"enemies":"Maw","floor":46,"turns":4},{"damage":0,"enemies":"Jaw Worm Horde","floor":48,"turns":3},{"damage":20,"enemies":"Awakened One","floor":50,"turns":9}],"seed_played":"4368932397893828004","potions_obtained":[{"floor":1.0,"key":"ColorlessPotion"},{"floor":8.0,"key":"SkillPotion"},{"floor":16.0,"key":"SteroidPotion"},{"floor":20.0,"key":"LiquidBronze"},{"floor":30.0,"key":"EssenceOfSteel"},{"floor":38.0,"key":"GamblersBrew"},{"floor":44.0,"key":"ColorlessPotion"},{"floor":46,"key":"Swift Potion"}],"is_trial":false,"path_per_floor":["M","M","?","?","M","R","M","M","T","R","?","$","M","M","R","B",null,"M","T","M","M","?","E","R","E","T","?","M","R","M","M","R","B",null,"M","$","?","M","?","R","?","T","T","M","R","M","$","M","R","B",null],"character_chosen":"THE_SILENT","items_purchased":["Blade Dance","InkBottle","Blood Vial","Footwork+1","Sundial","Lantern","Explosive Potion"],"campfire_rested":6,"item_purchase_floors":[12,36,36,36,47,47,47],"current_hp_per_floor":[68,66,49,42,42,42,37,37,37,58,58,58,60,62,62,34,66,64,64,53,55,55,38,62,42,42,42,40,64,66,49,74,48,78,66,66,66,50,52,79,79,79,79,83,83,55,55,59,87,69],"gold":57,"neow_bonus":"BOSS_RELIC","is_daily":false,"chose_seed":false,"campfire_upgraded":3,"win_rate":0.0,"timestamp":1613511755,"path_taken":["M","M","?","?","M","R","M","M","T","R","?","?","?","M","R","BOSS","M","?","?","M","?","E","R","E","T","?","M","R","M","M","R","BOSS","M","$","?","M","?","R","?","?","T","M","R","M","$","M","R","BOSS"],"items_purchased_type":["Card","Relic","Relic","Card","Relic","Relic","Potion"],"build_version":"2020-12-22","purchased_purges":2,"victory":true,"max_hp_per_floor":[70,70,70,70,70,70,70,70,70,70,70,70,72,74,74,76,76,76,76,76,78,78,80,80,82,82,82,82,82,84,86,86,88,88,88,88,88,88,90,90,90,90,90,92,92,92,92,94,94,94],"card_choices":[{"not_picked":["Heel Hook","Dagger Spray"],"picked":"Blade Dance","floor":1.0},{"not_picked":["Dagger Throw","Dodge and Roll"],"picked":"Infinite Blades","floor":2.0},{"not_picked":["Bane","Dagger Throw"],"picked":"Deflect","floor":5.0},{"not_picked":["Underhanded Strike","Deadly Poison"],"picked":"A Thousand Cuts","floor":7.0},{"not_picked":["Quick Slash","Dodge and Roll","Underhanded Strike"],"picked":"SKIP","floor":8.0},{"not_picked":["Dagger Throw","Reflex","Sucker Punch"],"picked":"Singing Bowl","floor":13.0},{"not_picked":["Flying Knee","Leg Sweep","Poisoned Stab"],"picked":"Singing Bowl","floor":14.0},{"not_picked":["Storm of Steel","Wraith Form v2","Die Die Die"],"picked":"Singing Bowl","floor":16.0},{"not_picked":[],"picked":"Backflip+1","floor":18.0},{"not_picked":[],"picked":"Deflect","floor":20.0},{"not_picked":["Underhanded Strike"],"picked":"Singing Bowl","floor":21.0},{"not_picked":["Underhanded Strike+1"],"picked":"Singing Bowl","floor":23.0},{"not_picked":["Calculated Gamble"],"picked":"Singing Bowl","floor":25.0},{"not_picked":[],"picked":"PiercingWail","floor":28.0},{"not_picked":["Catalyst"],"picked":"Singing Bowl","floor":30.0},{"not_picked":["Flying Knee"],"picked":"Singing Bowl","floor":31.0},{"not_picked":["Die Die Die"],"picked":"Singing Bowl","floor":33.0},{"not_picked":[],"picked":"Backflip","floor":35.0},{"not_picked":[],"picked":"Cloak And Dagger+1","floor":38.0},{"not_picked":["Forethought"],"picked":"Singing Bowl","floor":39.0},{"not_picked":["Bouncing Flask+1"],"picked":"Singing Bowl","floor":44.0},{"not_picked":[],"picked":"PiercingWail+1","floor":46},{"not_picked":["Reflex+1"],"picked":"Singing Bowl","floor":48}],"player_experience":398530,"relics_obtained":[{"floor":9.0,"key":"Singing Bowl"},{"floor":19.0,"key":"Blue Candle"},{"floor":23.0,"key":"Bottled Tornado"},{"floor":25.0,"key":"Frozen Egg 2"},{"floor":26.0,"key":"Ancient Tea Set"},{"floor":42.0,"key":"War Paint"},{"floor":43.0,"key":"Bag of Marbles"}],"event_choices":[{"damage_healed":0.0,"max_hp_gain":0.0,"max_hp_loss":0.0,"gold_gain":0.0,"event_name":"Golden Idol","player_choice":"Take Damage","floor":3.0,"gold_loss":0.0,"damage_taken":17.0,"relics_obtained":["Golden Idol"]},{"cards_removed":["Strike_G"],"damage_healed":0.0,"max_hp_gain":0.0,"max_hp_loss":0.0,"gold_gain":0.0,"event_name":"Golden Wing","player_choice":"Card Removal","floor":4.0,"gold_loss":0.0,"damage_taken":7.0},{"cards_removed":["Defend_G"],"damage_healed":0.0,"max_hp_gain":0.0,"max_hp_loss":0.0,"gold_gain":0.0,"event_name":"The Cleric","player_choice":"Card Removal","floor":11.0,"gold_loss":50.0,"damage_taken":0.0},{"damage_healed":0.0,"max_hp_gain":0.0,"max_hp_loss":0.0,"gold_gain":0.0,"event_name":"Drug Dealer","player_choice":"Inject Mutagens","floor":22.0,"gold_loss":0.0,"damage_taken":0.0,"relics_obtained":["MutagenicStrength"]},{"damage_healed":0.0,"max_hp_gain":0.0,"max_hp_loss":0.0,"gold_gain":0.0,"event_name":"Cursed Tome","player_choice":"Ignored","floor":27.0,"gold_loss":0.0,"damage_taken":0.0},{"damage_healed":0.0,"max_hp_gain":0.0,"max_hp_loss":0.0,"gold_gain":333.0,"event_name":"The Moai Head","player_choice":"Gave Idol","floor":37.0,"relics_lost":["Golden Idol"],"gold_loss":0.0,"damage_taken":0.0},{"damage_healed":0.0,"max_hp_gain":0.0,"max_hp_loss":0.0,"gold_gain":0.0,"event_name":"SensoryStone","player_choice":"Memory 1","floor":39.0,"gold_loss":0.0,"damage_taken":0.0},{"damage_healed":0.0,"max_hp_gain":0.0,"max_hp_loss":0.0,"gold_gain":0.0,"event_name":"Mysterious Sphere","player_choice":"Ignored","floor":41.0,"gold_loss":0.0,"damage_taken":0.0}],"is_beta":false,"boss_relics":[{"not_picked":["Black Star","Fusion Hammer"],"picked":"Busted Crown"},{"not_picked":["Tiny House","Pandora\u0027s Box"],"picked":"HoveringKite"}],"items_purged_floors":[12,36],"is_endless":false,"potions_floor_spawned":[1,8,16,20,30,31,38,44,46],"ascension_level":5}}