{"host":"u1dfzl6o6mfmauc3","time":1613511953,"event":{"mods":["2.2 Compatiblity","AchievementEnabler","BaseMod","Bestiary","Block Reminder","Challenge The Spire","Colored Map","Dark Map","Hermit","Highlight Path","Minty Spire (QoL Compilation)","Random Character Button","Rare Cards Sparkle","Relic Stats","Robot Space Explorer","StSLib","The Disciple"],"gold_per_floor":[210,285,66,85,50,50,77,95,95,113,113,139,152,168,168,168,272,272,285,302,377,64,81,81,9,9,26,26,26,58,58,75,75,75],"floor_reached":33,"language":"ENG","playtime":1076,"items_purged":[],"score":399,"play_id":"2b8ad7a2-2986-47c9-b4f7-6efd319469af","local_time":"20210216164553","is_ascension_mode":true,"campfire_choices":[{"data":"Zap","floor":6,"key":"SMITH"},{"floor":11,"key":"REST"},{"floor":15,"key":"REST"},{"floor":16,"key":"DIG"},{"floor":24,"key":"DIG"},{"floor":26,"key":"DIG"},{"floor":29,"key":"REST"}],"circlet_count":0,"master_deck":["Strike_B","Strike_B","Strike_B","Strike_B","Defend_B","Defend_B","Defend_B","Defend_B","Zap+1","Dualcast","Undo+1","Coolheaded","Cold Snap+1","Defragment","Streamline+1","Recycle+1","Chill","Barrage","Electrodynamics","Defragment+1","Loop","Capacitor","Sweeping Beam+1"],"relics":["Cracked Core","DataDisk","StoneCalendar","Calipers","Shovel","Juzu Bracelet","Black Star","Mango","War Paint","Pocketwatch","White Beast Statue","Blood Vial","Whetstone"],"acts_visited":["Exordium","TheCity"],"potions_floor_usage":[1,3,7,7,19,27,30,30,32,33],"damage_taken":[{"damage":14,"enemies":"Small Slimes","floor":1,"turns":4},{"damage":4,"enemies":"2 Louse","floor":4,"turns":4},{"damage":10,"enemies":"Gremlin Nob","floor":7,"turns":3},{"damage":0,"enemies":"Jaw Worm","floor":8,"turns":3},{"damage":19,"enemies":"Lots of Slimes","floor":10,"turns":4},{"damage":2,"enemies":"Lagavulin","floor":12,"turns":7},{"damage":24,"enemies":"3 Louse","floor":13,"turns":4},{"damage":9,"enemies":"Large Slime","floor":14,"turns":6},{"damage":26,"enemies":"The Guardian","floor":17,"turns":13},{"damage":17,"enemies":"Shell Parasite","floor":19,"turns":7},{"damage":11,"enemies":"2 Thieves","floor":20,"turns":5},{"damage":13,"enemies":"Snecko","floor":23,"turns":5},{"damage":7,"enemies":"Shelled Parasite and Fungi","floor":27,"turns":6},{"damage":16,"enemies":"Book of Stabbing","floor":30,"turns":7},{"damage":14,"enemies":"3 Cultists","floor":32,"turns":3},{"damage":28,"enemies":"Gremlin Leader","floor":33,"turns":2}],"seed_played":"492612889865767573","potions_obtained":[{"floor":1,"key":"EntropicBrew"},{"floor":10,"key":"Swift Potion"},{"floor":12,"key":"PotionOfCapacity"},{"floor":14,"key":"Swift Potion"},{"floor":19,"key":"PowerPotion"},{"floor":27,"key":"PowerPotion"},{"floor":30,"key":"EssenceOfSteel"},{"floor":32,"key":"FearPotion"}],"is_trial":false,"path_per_floor":["M","?","$","M","?","R","E","M","T","M","R","E","M","M","R","R","B",null,"M","M","?","$","M","R","$","R","M","T","R","E","?","M","E"],"character_chosen":"DEFECT","items_purchased":["DataDisk","Coolheaded","Cold Snap","Mango","Capacitor"],"campfire_rested":3,"item_purchase_floors":[3,3,3,22,25],"current_hp_per_floor":[54,43,48,44,64,64,54,54,54,35,59,57,33,24,48,48,22,66,49,38,30,44,31,31,31,31,24,24,52,36,36,24,0,0],"gold":75,"neow_bonus":"HUNDRED_GOLD","is_daily":false,"chose_seed":false,"campfire_upgraded":1,"win_rate":0.0,"timestamp":1613511953,"path_taken":["M","?","$","M","?","R","E","?","T","M","R","E","M","M","R","R","BOSS","M","M","?","$","M","R","?","R","M","T","R","E","?","M","E"],"items_purchased_type":["Relic","Card","Card","Relic","Card"],"build_version":"2020-12-22","purchased_purges":0,"victory":false,"max_hp_per_floor":[75,75,80,80,80,80,80,80,80,80,80,80,80,80,80,80,80,80,80,80,80,94,94,94,94,94,94,94,94,94,94,94,94,94],"relic_stats":{"Blood Vial":4,"Shovel":3,"counters":[16,83],"StoneCalendar":[79],"Juzu Bracelet":2,"Black Star":1,"Whetstone":["Cold Snap","Streamline"],"War Paint":["Undo","Recycle"],"obtain_stats":[{"Calipers":9,"StoneCalendar":7,"Mango":22,"Juzu Bracelet":16,"Whetstone":30,"War Paint":24,"White Beast Statue":28,"Blood Vial":30,"DataDisk":3,"Shovel":12,"Black Star":18,"Cracked Core":0,"Pocketwatch":26},{"Calipers":4,"StoneCalendar":3,"Mango":11,"Juzu Bracelet":8,"Whetstone":14,"War Paint":12,"White Beast Statue":13,"Blood Vial":14,"DataDisk":1,"Shovel":6,"Black Star":9,"Cracked Core":0,"Pocketwatch":12},{"Calipers":14,"StoneCalendar":11,"Mango":60,"Juzu Bracelet":35,"Whetstone":78,"War Paint":65,"White Beast Statue":71,"Blood Vial":78,"DataDisk":4,"Shovel":25,"Black Star":48,"Cracked Core":0,"Pocketwatch":65}],"Pocketwatch":[14]},"card_choices":[{"not_picked":["Steam Power","Compile Driver"],"picked":"Undo","floor":1},{"not_picked":["Stack","Cold Snap","Compile Driver"],"picked":"SKIP","floor":4},{"not_picked":["Sweeping Beam","Coolheaded"],"picked":"Defragment","floor":7},{"not_picked":["Barrage","Auto Shields"],"picked":"Streamline","floor":8},{"not_picked":["Redo","Cold Snap"],"picked":"Recycle","floor":10},{"not_picked":["Hello World","Steam","Heatsinks"],"picked":"SKIP","floor":12},{"not_picked":["Compile Driver","Go for the Eyes"],"picked":"Chill","floor":13},{"not_picked":["Leap","Redo"],"picked":"Barrage","floor":14},{"not_picked":["Hyperbeam","Creative AI"],"picked":"Electrodynamics","floor":17},{"not_picked":["Reinforced Body","Streamline","Steam+1"],"picked":"SKIP","floor":19},{"not_picked":["Leap","Consume"],"picked":"Defragment+1","floor":20},{"not_picked":["Turbo","FTL+1"],"picked":"Loop","floor":23},{"not_picked":["Beam Cell","Rip and Tear"],"picked":"Sweeping Beam+1","floor":27},{"not_picked":["Electrodynamics","Ball Lightning","Streamline"],"picked":"SKIP","floor":30},{"not_picked":["Coolheaded","Heatsinks","Rebound"],"picked":"SKIP","floor":32}],"player_experience":260405,"relics_obtained":[{"floor":7,"key":"StoneCalendar"},{"floor":9,"key":"Calipers"},{"floor":12,"key":"Shovel"},{"floor":16,"key":"Juzu Bracelet"},{"floor":24,"key":"War Paint"},{"floor":26,"key":"Pocketwatch"},{"floor":28,"key":"White Beast Statue"},{"floor":30,"key":"Blood Vial"},{"floor":30,"key":"Whetstone"}],"event_choices":[{"damage_healed":0,"gold_gain":75,"player_choice":"Gather Gold","damage_taken":11,"max_hp_gain":0,"max_hp_loss":0,"event_name":"World of Goop","floor":2,"gold_loss":0},{"damage_healed":20,"gold_gain":0,"player_choice":"Healed","damage_taken":0,"max_hp_gain":0,"max_hp_loss":0,"event_name":"The Cleric","floor":5,"gold_loss":35},{"damage_healed":0,"gold_gain":75,"player_choice":"Touch","damage_taken":8,"max_hp_gain":0,"max_hp_loss":0,"event_name":"FaceTrader","floor":21,"gold_loss":0},{"damage_healed":0,"gold_gain":0,"player_choice":"Ignored","damage_taken":0,"max_hp_gain":0,"max_hp_loss":0,"event_name":"Cursed Tome","floor":31,"gold_loss":0}],"is_beta":false,"boss_relics":[{"not_picked":["Tiny House","Snecko Eye"],"picked":"Black Star"}],"items_purged_floors":[],"is_endless":false,"potions_floor_spawned":[1,10,12,14,19,27,30,32],"killed_by":"Gremlin Leader","ascension_level":7}}