{"host":"pj05r22d3fegil3v","time":1613456409,"event":{"mods":["BaseMod","Better Altar","Better Match","Better Note","Better Sensory Stone","Better Skull","Better Third Choice","BetterRewards","Card Filter","Colored Powertips","Curses Come First","Custom Start","DeckTracker","Displayed Cursed Tome","Evolution","Minty Spire (QoL Compilation)","Quick Restart","Rare Cards Sparkle","Relic Filter Mod","Smile Girya","StSLib","Weighted Paths","everything is the same but u backflip on backflip","slay the spire mod where everything is the same but ironclad has a cowboy hat"],"gold_per_floor":[114,114,114,125,125,152,152,170,170,170,181,181,200,200,200,329,329,347,41,41,41,65,65,101,101,155,155,155,168,183,218,218,349,412,435,395,418,751,766,766,778,813,839,871,871,61,61,86,86,86],"floor_reached":51,"language":"ENG","playtime":2088,"items_purged":["Strike_B","Strike_B"],"score":1008,"play_id":"94f5903b-32a2-47f6-9d55-f30f5b92e52d","local_time":"20210216012009","is_ascension_mode":true,"campfire_choices":[{"data":"Coolheaded","floor":7.0,"key":"SMITH"},{"data":"Loop","floor":10.0,"key":"SMITH"},{"data":"Barrage","floor":12.0,"key":"SMITH"},{"floor":15,"key":"REST"},{"data":"Amplify","floor":23,"key":"SMITH"},{"floor":25,"key":"REST"},{"data":"Defragment","floor":32,"key":"SMITH"},{"data":"Chaos","floor":40,"key":"SMITH"},{"data":"Echo Form","floor":45,"key":"SMITH"},{"floor":49,"key":"REST"}],"circlet_count":0,"master_deck":["Defend_B+1","Defend_B+1","Defend_B","Defend_B","Zap","Cold Snap","Static Discharge+1","Coolheaded+1","Barrage+1","Loop+1","Amplify+1","Electrodynamics+1","Defragment+1","Echo Form+1","Chaos+1"],"relics":["Cracked Core","EVO:Axolotl","NeowsBlessing","Bag of Preparation","PreservedInsect","Singing Bowl","Philosopher\u0027s Stone","Blood Vial","Mummified Hand","War Paint","Oddly Smooth Stone","Tiny House","Lantern","Pantograph","Ornamental Fan","MealTicket","HandDrill","DataDisk"],"acts_visited":["Exordium","TheCity","TheBeyond"],"potions_floor_usage":[16,24,30,35,35,41,41,44,48,50,50,50],"damage_taken":[{"damage":0.0,"enemies":"Small Slimes","floor":1.0,"turns":1.0},{"damage":0.0,"enemies":"2 Louse","floor":4.0,"turns":1.0},{"damage":0.0,"enemies":"Gremlin Nob","floor":6.0,"turns":1.0},{"damage":0.0,"enemies":"Cultist","floor":8.0,"turns":3.0},{"damage":15.0,"enemies":"Exordium Thugs","floor":11.0,"turns":4.0},{"damage":10,"enemies":"3 Louse","floor":13,"turns":3},{"damage":10,"enemies":"The Guardian","floor":16,"turns":9},{"damage":19,"enemies":"2 Thieves","floor":18,"turns":3},{"damage":14,"enemies":"Spheric Guardian","floor":22,"turns":4},{"damage":33,"enemies":"Slavers","floor":24,"turns":3},{"damage":0,"enemies":"Chosen and Byrds","floor":29,"turns":3},{"damage":5,"enemies":"Centurion and Healer","floor":30,"turns":3},{"damage":10,"enemies":"Gremlin Leader","floor":31,"turns":4},{"damage":16,"enemies":"Champ","floor":33,"turns":10},{"damage":8,"enemies":"3 Shapes","floor":35,"turns":4},{"damage":12,"enemies":"3 Darklings","floor":37,"turns":3},{"damage":0,"enemies":"Sphere and 2 Shapes","floor":39,"turns":3},{"damage":42,"enemies":"Jaw Worm Horde","floor":41,"turns":4},{"damage":4,"enemies":"Giant Head","floor":42,"turns":9},{"damage":48,"enemies":"Reptomancer","floor":44,"turns":3},{"damage":7,"enemies":"Giant Head","floor":48,"turns":6},{"damage":17,"enemies":"Donu and Deca","floor":50,"turns":5}],"seed_played":"-1521092040779275801","potions_obtained":[{"floor":6.0,"key":"FocusPotion"},{"floor":11.0,"key":"EssenceOfDarkness"},{"floor":18,"key":"AttackPotion"},{"floor":22,"key":"Weak Potion"},{"floor":33,"key":"ColorlessPotion"},{"floor":34,"key":"Fruit Juice"},{"floor":36,"key":"Fire Potion"},{"floor":36,"key":"FearPotion"},{"floor":36,"key":"Fruit Juice"},{"floor":39,"key":"EssenceOfSteel"},{"floor":48,"key":"SkillPotion"}],"is_trial":false,"path_per_floor":["M","?","?","M","T","E","R","M","T","R","M","R","M","?","R","B",null,"M","$","?","?","M","R","E","R","T","?","?","M","M","E","R","B",null,"M","?","M","?","M","R","M","E","T","E","R","$","?","E","R","B",null],"character_chosen":"DEFECT","items_purchased":["Defragment","Blood Vial","Weak Potion","Strength Potion","GamblersBrew","Ornamental Fan","MealTicket","HandDrill"],"campfire_rested":3,"item_purchase_floors":[19,19,46,46,46,46,46,46],"current_hp_per_floor":[75,68,68,68,68,68,68,68,68,68,55,55,45,26,49,39,77,60,60,45,45,35,35,6,30,30,30,30,34,33,27,27,15,98,97,97,89,89,93,93,60,60,60,16,16,16,16,13,49,59],"gold":86,"neow_bonus":"THREE_ENEMY_KILL","is_daily":false,"chose_seed":false,"campfire_upgraded":7,"win_rate":0.0,"timestamp":1613456409,"path_taken":["M","?","?","?","?","E","R","M","T","R","M","R","M","?","R","BOSS","M","$","?","?","M","R","E","R","T","?","?","M","M","E","R","BOSS","M","?","?","?","M","R","M","E","T","E","R","$","?","E","R","BOSS"],"items_purchased_type":["Card","Relic","Potion","Potion","Potion","Relic","Relic","Relic"],"build_version":"2020-12-22","purchased_purges":2,"victory":true,"max_hp_per_floor":[75,75,75,75,75,75,75,75,75,75,77,77,77,77,77,77,77,79,79,79,79,81,81,83,83,83,83,83,85,87,89,89,91,98,105,105,107,107,109,109,116,118,118,120,120,120,120,122,122,122],"card_choices":[{"not_picked":["Gash","Rip and Tear"],"picked":"Cold Snap","floor":1.0},{"not_picked":["Go for the Eyes","Beam Cell"],"picked":"Coolheaded","floor":4.0},{"not_picked":["Recycle","Beam Cell"],"picked":"Barrage","floor":6.0},{"not_picked":["Conserve Battery","Redo"],"picked":"Loop","floor":8.0},{"not_picked":["Tempest","Recycle","Hologram"],"picked":"Singing Bowl","floor":11.0},{"not_picked":["White Noise","Doom and Gloom"],"picked":"Amplify","floor":13},{"not_picked":["Meteor Strike","Buffer"],"picked":"Electrodynamics","floor":16},{"not_picked":["Streamline","Tempest","Steam"],"picked":"Singing Bowl","floor":18},{"not_picked":["Compile Driver","White Noise","Skim"],"picked":"Singing Bowl","floor":22},{"not_picked":["Rebound","Stack","Force Field"],"picked":"Singing Bowl","floor":24},{"not_picked":["Hologram","Ball Lightning","Fusion"],"picked":"Singing Bowl","floor":29},{"not_picked":["Loop+1","Force Field+1","Gash"],"picked":"Singing Bowl","floor":30},{"not_picked":["Amplify","Reboot","BootSequence"],"picked":"Singing Bowl","floor":31},{"not_picked":["Meteor Strike","Multi-Cast","Hyperbeam"],"picked":"Singing Bowl","floor":33},{"not_picked":["Recycle","Storm","Leap"],"picked":"Singing Bowl","floor":34},{"not_picked":["Glacier","Reprogram","Go for the Eyes+1"],"picked":"Singing Bowl","floor":35},{"not_picked":["Turbo","Compile Driver","Streamline+1"],"picked":"Singing Bowl","floor":37},{"not_picked":["Darkness","Compile Driver","Redo"],"picked":"Singing Bowl","floor":39},{"not_picked":["Ball Lightning+1","Leap+1","Skim"],"picked":"Singing Bowl","floor":41},{"not_picked":["Steam Power+1","FTL+1","Hologram"],"picked":"Singing Bowl","floor":42},{"not_picked":["Sunder+1","Steam+1","Coolheaded"],"picked":"Singing Bowl","floor":44},{"not_picked":["Streamline+1","Doom and Gloom+1","Cold Snap"],"picked":"Singing Bowl","floor":48}],"player_experience":117882,"relics_obtained":[{"floor":5.0,"key":"Bag of Preparation"},{"floor":6.0,"key":"PreservedInsect"},{"floor":9.0,"key":"Singing Bowl"},{"floor":24,"key":"Mummified Hand"},{"floor":26,"key":"War Paint"},{"floor":31,"key":"Oddly Smooth Stone"},{"floor":43,"key":"Lantern"},{"floor":44,"key":"Pantograph"},{"floor":48,"key":"DataDisk"}],"event_choices":[{"cards_removed":["Dualcast"],"damage_healed":0.0,"max_hp_gain":0.0,"max_hp_loss":0.0,"gold_gain":0.0,"event_name":"Golden Wing","player_choice":"Card Removal","floor":2.0,"gold_loss":0.0,"damage_taken":7.0},{"damage_healed":0.0,"max_hp_gain":0.0,"max_hp_loss":0.0,"gold_gain":0.0,"cards_transformed":["Strike_B"],"event_name":"Transmorgrifier","player_choice":"Transformed","floor":3.0,"gold_loss":0.0,"damage_taken":0.0,"cards_obtained":["Static Discharge"]},{"damage_healed":0,"gold_gain":0,"player_choice":"Take Damage","damage_taken":19,"relics_obtained":["Golden Idol"],"max_hp_gain":0,"max_hp_loss":0,"event_name":"Golden Idol","floor":14,"gold_loss":0},{"damage_healed":0,"gold_gain":2,"player_choice":"2","damage_taken":0,"max_hp_gain":0,"max_hp_loss":15,"event_name":"betterStone:BetterStone","floor":20,"gold_loss":0},{"damage_healed":0,"gold_gain":0,"player_choice":"Adaptability","damage_taken":0,"max_hp_gain":0,"max_hp_loss":0,"event_name":"betterThird:BetterWriting","floor":21,"gold_loss":0},{"damage_healed":0,"gold_gain":0,"player_choice":"Ignored","damage_taken":0,"max_hp_gain":0,"max_hp_loss":0,"event_name":"The Mausoleum","floor":27,"gold_loss":0},{"damage_healed":0,"gold_gain":0,"cards_transformed":["Strike_B"],"player_choice":"Transformed","damage_taken":0,"max_hp_gain":0,"max_hp_loss":0,"event_name":"Transmorgrifier","floor":28,"gold_loss":0,"cards_obtained":["Chaos"]},{"damage_healed":0,"gold_gain":0,"player_choice":"Bought 3 Potions","damage_taken":0,"max_hp_gain":0,"max_hp_loss":0,"event_name":"The Woman in Blue","floor":36,"gold_loss":0},{"damage_healed":0,"gold_gain":333,"player_choice":"Gave Idol","damage_taken":0,"max_hp_gain":0,"max_hp_loss":0,"event_name":"The Moai Head","floor":38,"relics_lost":["Golden Idol"],"gold_loss":0},{"damage_healed":0,"gold_gain":0,"player_choice":"Upgraded","damage_taken":0,"max_hp_gain":0,"max_hp_loss":0,"event_name":"Upgrade Shrine","floor":47,"gold_loss":0,"cards_upgraded":["Electrodynamics"]}],"is_beta":false,"boss_relics":[{"not_picked":["Ectoplasm","Busted Crown"],"picked":"Philosopher\u0027s Stone"},{"not_picked":["Cursed Key","SacredBark"],"picked":"Tiny House"}],"items_purged_floors":[19,46],"is_endless":false,"potions_floor_spawned":[6,11,18,22,33,39,48],"ascension_level":1}}