{"host":"ufl0k2so27eic2iy","time":1613510437,"event":{"mods":["BaseMod","Downfall","Minty Spire (QoL Compilation)","StSLib","The Animator"],"gold_per_floor":[99,122,142,142,156,195,195,95,23,23,23,65,165,191,202,306,306,306,332,351,377,377,402,402,429,454,539,570,604,404,264,284,389,389,389,411,427,508,582,582,632,675,675,714,714,490,490,515,530,530,530,565,65,65,65,65,65,65],"floor_reached":56,"language":"ENG","playtime":2863,"items_purged":["champ:Strike","champ:Strike","champ:Defend","champ:Execute"],"score":1236,"play_id":"355971a9-9e56-430f-bf77-fb50e532b8ca","local_time":"20210216212037","is_ascension_mode":true,"campfire_choices":[{"floor":1,"key":"RECALL"},{"data":"champ:Taunt","floor":8,"key":"SMITH"},{"data":"champ:FanOfKnives","floor":11,"key":"SMITH"},{"floor":18,"key":"REST"},{"floor":30,"key":"REST"},{"data":"1","floor":35,"key":"LIFT"},{"data":"2","floor":40,"key":"LIFT"},{"data":"3","floor":43,"key":"LIFT"},{"floor":47,"key":"REST"},{"floor":54,"key":"REST"}],"circlet_count":0,"master_deck":["champ:Defend","champ:Defend","champ:Defend","champ:Taunt+1","champ:PreciseThrust","champ:FaceSlap+1","champ:FanOfKnives+1","champ:FocusedBerserking","champ:BerserkerStyle","champ:Encircle+1","champ:EnchantSword","champ:AdrenalArmor","champ:EnGarde+1","champ:AdrenalArmor+1","champ:HeartStrike","champ:Improvising","champ:ArenaPreparation","champ:ShieldWall","champ:BerserkersShout+1","champ:HoldFirm+1","champ:RageSigil","champ:StanceDance+1","champ:BringItOn+1","champ:AdrenalArmor","champ:RisingSlash"],"relics":["champ:ChampionCrown","CeramicFish","Meat on the Bone","hexamod:BolsterEngine","downfall:HeartBlessingRed","downfall:BrokenWingStatue","Guardian:PocketSentry","downfall:GremlinWheel","Omamori","Fusion Hammer","WingedGreaves","Question Card","Vajra","Gremlin Horn","downfall:HeartBlessingGreen","downfall:HeartBlessingBlue","Calling Bell","PreservedInsect","champ:SpectersHand","Girya","War Paint","The Courier","Nunchaku","HornCleat","MealTicket","champ:Barbells","Frozen Egg 2","bronze:BronzeIdol","Toy Ornithopter","Boot","Medical Kit"],"acts_visited":["Exordium","TheCity","TheBeyond","TheEnding"],"potions_floor_usage":[12,29,33,56,56],"damage_taken":[{"damage":23,"enemies":"2 Louse","floor":2,"turns":4},{"damage":10,"enemies":"Small Slimes","floor":3,"turns":3},{"damage":14,"enemies":"Cultist","floor":5,"turns":3},{"damage":30,"enemies":"Lagavulin","floor":6,"turns":7},{"damage":15,"enemies":"downfall:FleeingMerchant","floor":9,"turns":4},{"damage":40,"enemies":"3 Sentries","floor":12,"turns":4},{"damage":23,"enemies":"3 Sentries","floor":13,"turns":3},{"damage":31,"enemies":"Lagavulin","floor":14,"turns":5},{"damage":0,"enemies":"Exordium Wildlife","floor":15,"turns":2},{"damage":41,"enemies":"SI_SHIV_ARCHETYPE","floor":16,"turns":5},{"damage":15,"enemies":"downfall:LooterAlt2","floor":19,"turns":3},{"damage":21,"enemies":"Spheric Guardian","floor":20,"turns":3},{"damage":77,"enemies":"Gremlin Leader","floor":23,"turns":6},{"damage":47,"enemies":"Centurion and Healer","floor":25,"turns":5},{"damage":38,"enemies":"Shelled Parasite and Fungi","floor":26,"turns":4},{"damage":46,"enemies":"Slavers","floor":28,"turns":5},{"damage":33,"enemies":"Gremlin Leader","floor":29,"turns":5},{"damage":43,"enemies":"downfall:FleeingMerchant","floor":31,"turns":4},{"damage":29,"enemies":"Snake Plant","floor":32,"turns":2},{"damage":65,"enemies":"WA_ARCHETYPE_CALM","floor":33,"turns":5},{"damage":50,"enemies":"3 Shapes","floor":36,"turns":3},{"damage":39,"enemies":"3 Darklings","floor":37,"turns":4},{"damage":28,"enemies":"downfall:FleeingMerchant","floor":38,"turns":3},{"damage":81,"enemies":"Reptomancer","floor":42,"turns":4},{"damage":77,"enemies":"Giant Head","floor":44,"turns":6},{"damage":33,"enemies":"Reptomancer","floor":48,"turns":4},{"damage":37,"enemies":"4 Shapes","floor":49,"turns":4},{"damage":150,"enemies":"IC_BLOCK_ARCHETYPE","floor":50,"turns":9},{"damage":61,"enemies":"downfall:CharBossMerchant","floor":52,"turns":5},{"damage":165,"enemies":"downfall:NeowBoss","floor":55,"turns":10},{"damage":144,"enemies":"downfall:NeowBossFinal","floor":56,"turns":8}],"seed_played":"5187813265735687450","potions_obtained":[{"floor":5,"key":"champ:TechniquePotion"},{"floor":6,"key":"Regen Potion"},{"floor":12,"key":"SmokeBomb"},{"floor":14,"key":"sneckomod:MuddlingPotion"},{"floor":23,"key":"AttackPotion"},{"floor":25,"key":"champ:CounterPotion"},{"floor":26,"key":"DuplicationPotion"},{"floor":29,"key":"Energy Potion"},{"floor":42,"key":"FairyPotion"}],"is_trial":false,"path_per_floor":["R","M","M","?","M","E","T","R","$","?","R","E","?","E","M","B",null,"R","M","M","T","?","E","T","M","M","?","E","E","R","$","M","B",null,"R","M","M","$","?","R","T","E","R","E","?","$","R","E","M","B",null,"E","$","R","B","B"],"character_chosen":"THE_CHAMP","items_purchased":["champ:BerserkerStyle","champ:ShieldWall","War Paint","champ:Barbells","champ:AdrenalArmor","champ:RisingSlash","Toy Ornithopter","Boot","Medical Kit"],"campfire_rested":4,"item_purchase_floors":[9,31,38,46,46,53,53,53,53],"current_hp_per_floor":[90,87,87,92,88,68,68,68,68,68,68,70,66,68,68,68,88,95,85,85,85,85,49,49,57,51,33,27,35,76,88,84,96,103,103,103,94,91,91,91,91,97,97,105,105,105,105,105,88,68,96,105,105,105,92,0,0,0],"gold":65,"neow_bonus":"RANDOM_COMMON_RELIC","is_daily":false,"chose_seed":false,"campfire_upgraded":2,"win_rate":0.0,"timestamp":1613510437,"path_taken":["R","M","M","?","M","E","T","R","$","?","R","E","?","E","M","BOSS","R","M","M","?","?","E","T","M","M","?","E","E","R","$","M","BOSS","R","M","M","$","?","R","T","E","R","E","?","$","R","E","M","BOSS","E","$","R","BOSS","BOSS"],"items_purchased_type":["Card","Card","Relic","Relic","Card","Card","Relic","Relic","Relic"],"build_version":"2020-12-22","purchased_purges":4,"victory":false,"max_hp_per_floor":[90,90,90,95,95,95,95,95,95,95,95,95,95,95,95,95,95,95,95,95,95,95,95,95,95,95,95,95,95,105,105,105,105,105,105,105,105,105,105,105,105,105,105,105,105,105,105,105,105,105,105,105,105,105,105,105,105,105],"card_choices":[{"not_picked":["champ:FanOfKnives","champ:BerserkersShout"],"picked":"champ:PreciseThrust","floor":2},{"not_picked":["champ:BringItOn","champ:Circumvent"],"picked":"champ:FaceSlap","floor":3},{"not_picked":["champ:PreciseThrust","champ:PerfectedStrike","champ:CrookedStrike"],"picked":"SKIP","floor":5},{"not_picked":["champ:EndlessRage","champ:FlashCut"],"picked":"champ:FanOfKnives","floor":6},{"not_picked":["champ:UltimateStance","champ:GladiatorStyle"],"picked":"champ:FocusedBerserking","floor":9},{"not_picked":["champ:FanOfKnives","champ:RecklessLeap"],"picked":"champ:Encircle","floor":12},{"not_picked":["champ:BladeFlurry","champ:CrownThrow","champ:Backstep"],"picked":"SKIP","floor":14},{"not_picked":["champ:PerfectedStrike","champ:SetATrap","champ:IronFortress"],"picked":"SKIP","floor":15},{"not_picked":["champ:EnchantCrown","champ:MurderStrike"],"picked":"champ:EnchantSword","floor":16},{"not_picked":["champ:CrookedStrike","champ:BerserkersShout+1"],"picked":"champ:AdrenalArmor","floor":19},{"not_picked":["champ:BringItOn","champ:Haymaker"],"picked":"champ:EnGarde+1","floor":20},{"not_picked":["champ:PreemptiveStrike+1","champ:Haymaker","champ:DancingMaster"],"picked":"SKIP","floor":23},{"not_picked":["champ:Backstep","champ:StanceDance","champ:ViciousMockery"],"picked":"champ:AdrenalArmor","floor":25},{"not_picked":["champ:BladeFlurry","champ:TornadoPunch","champ:Shatter"],"picked":"champ:HeartStrike","floor":26},{"not_picked":["champ:Encircle","champ:Circumvent","champ:DeathBlow","champ:GutPunch"],"picked":"SKIP","floor":28},{"not_picked":["champ:TornadoPunch","champ:ShieldSigil","champ:CrookedStrike+1"],"picked":"champ:Improvising","floor":29},{"not_picked":["champ:GutPunch","champ:ShieldSigil","champ:FlashCut+1"],"picked":"champ:ArenaPreparation","floor":31},{"not_picked":["champ:Haymaker","champ:Backstep","champ:FanOfKnives"],"picked":"champ:BerserkersShout+1","floor":32},{"not_picked":["champ:StrikeOfGenius","champ:HeavySlash","champ:VampiricStrike"],"picked":"champ:HoldFirm","floor":33},{"not_picked":["champ:ShieldSigil+1","champ:GutPunch","champ:FocusedDefense+1"],"picked":"champ:RageSigil","floor":36},{"not_picked":["champ:EnragedBash+1","champ:FlashCut+1","champ:Duel","champ:Shatter"],"picked":"SKIP","floor":37},{"not_picked":["champ:FocusedDefense","champ:Shatter","champ:SkillfulDodge","champ:BringItOn"],"picked":"SKIP","floor":38},{"not_picked":["champ:Duel","champ:CrownThrow+1","champ:Encircle"],"picked":"champ:StanceDance+1","floor":42},{"not_picked":["champ:Devastate","champ:FalseCounter+1","champ:GutPunch"],"picked":"champ:BringItOn+1","floor":44},{"not_picked":["champ:PerfectedStrike","champ:GladiatorStyle+1","champ:FanOfKnives+1","champ:DeathBlow"],"picked":"SKIP","floor":48},{"not_picked":["champ:FocusedDefense+1","champ:EnGarde","champ:AdrenalArmor","champ:SteelEdge"],"picked":"SKIP","floor":49},{"not_picked":["champ:FlashCut+1","champ:RecklessLeap+1","champ:GladiatorStyle+1","champ:ViciousMockery+1"],"picked":"SKIP","floor":52}],"player_experience":2815856,"relics_obtained":[{"floor":6,"key":"Meat on the Bone"},{"floor":7,"key":"hexamod:BolsterEngine"},{"floor":12,"key":"Guardian:PocketSentry"},{"floor":13,"key":"downfall:GremlinWheel"},{"floor":14,"key":"Omamori"},{"floor":23,"key":"WingedGreaves"},{"floor":24,"key":"Question Card"},{"floor":28,"key":"Vajra"},{"floor":29,"key":"Gremlin Horn"},{"floor":34,"key":"PreservedInsect"},{"floor":34,"key":"champ:SpectersHand"},{"floor":34,"key":"Girya"},{"floor":39,"key":"The Courier"},{"floor":41,"key":"Nunchaku"},{"floor":42,"key":"HornCleat"},{"floor":44,"key":"MealTicket"},{"floor":48,"key":"Frozen Egg 2"},{"floor":52,"key":"bronze:BronzeIdol"}],"event_choices":[{"damage_healed":0,"gold_gain":0,"player_choice":"Donut","damage_taken":0,"max_hp_gain":5,"max_hp_loss":0,"event_name":"Big Fish","floor":4,"gold_loss":0},{"damage_healed":0,"gold_gain":0,"player_choice":"Ignored","damage_taken":0,"max_hp_gain":0,"max_hp_loss":0,"event_name":"Ghosts","floor":22,"gold_loss":0},{"cards_removed":["champ:Strike"],"damage_healed":0,"gold_gain":0,"player_choice":"Card Removal","damage_taken":0,"max_hp_gain":0,"max_hp_loss":0,"event_name":"Wheel of Change","floor":30,"gold_loss":0}],"is_beta":false,"boss_relics":[{"not_picked":["champ:ChampionCrownUpgraded","Runic Dome"],"picked":"Fusion Hammer"},{"not_picked":["Snecko Eye","SacredBark"],"picked":"Calling Bell"}],"items_purged_floors":[31,38,46,53],"is_endless":false,"potions_floor_spawned":[5,6,12,14,23,25,26,29,32,42,44,49,52],"killed_by":"downfall:NeowBossFinal","ascension_level":5}}