{"host":"lnnm69al9x392px5","time":1613442958,"event":{"mods":["BaseMod","Downfall","Minty Spire (QoL Compilation)","Reliquary","Replay The Spire","StSLib"],"gold_per_floor":[113,126,13,26,38,65,65,140,140,140,8,25,60,83,83,186,186,196,207,223,236,236,261,274,191,218,218,235,235,235],"floor_reached":29,"language":"ENG","playtime":868,"items_purged":[],"score":282,"play_id":"bff1b15e-e48f-43bd-a25a-4f65eaae4270","local_time":"20210215183558","is_ascension_mode":false,"campfire_choices":[{"data":"Crippling Poison","floor":7,"key":"SMITH"},{"floor":10,"key":"REST"}],"circlet_count":0,"master_deck":["Strike_G","Strike_G","Strike_G","Strike_G","Strike_G","Defend_G","Defend_G","Defend_G","Defend_G","Defend_G","Survivor","Neutralize","Dagger Throw","Deflect","Crippling Poison+1","Bane+1","All Out Attack","Blade Dance+1","Terror","Venomology","Dagger Spray","Finisher","Bouncing Flask","Die Die Die","ReplayTheSpireMod:IOU","Blade Dance+1","Well Laid Plans","Dagger Throw","Bandage Up","Bouncing Flask"],"relics":["Busted Crown","Darkstone Periapt","reliquary:PurpleTingedLeaf","Dream Catcher","Bronze Scales","Replay:Ancient Bell","PreservedInsect","Bronze Scales","Shovel","Mercury Hourglass"],"acts_visited":["Exordium","TheCity"],"potions_floor_usage":[13,16,18,19,20,28,29,29],"damage_taken":[{"damage":4,"enemies":"Cultist","floor":1,"turns":5},{"damage":2,"enemies":"Small Slimes","floor":2,"turns":3},{"damage":0,"enemies":"Jaw Worm","floor":4,"turns":3},{"damage":6,"enemies":"Lots of Slimes","floor":5,"turns":3},{"damage":29,"enemies":"Lagavulin","floor":6,"turns":6},{"damage":9,"enemies":"Blue Slaver","floor":12,"turns":2},{"damage":4,"enemies":"Replay:BlueRogue","floor":13,"turns":3},{"damage":22,"enemies":"Hexaghost","floor":16,"turns":7},{"damage":0,"enemies":"Chosen","floor":18,"turns":3},{"damage":0,"enemies":"Spheric Guardian","floor":19,"turns":3},{"damage":17,"enemies":"Centurion and Healer","floor":20,"turns":5},{"damage":1,"enemies":"Cultist and Chosen","floor":21,"turns":4},{"damage":22,"enemies":"Replay:Snechameleon","floor":23,"turns":3},{"damage":17,"enemies":"Snake Plant","floor":24,"turns":3},{"damage":17,"enemies":"Snecko","floor":28,"turns":3},{"damage":19,"enemies":"Centurion and Healer","floor":29,"turns":2}],"seed_played":"-5782926118179206912","potions_obtained":[{"floor":4,"key":"AttackPotion"},{"floor":5,"key":"Strength Potion"}],"is_trial":false,"path_per_floor":["M","M","$","M","M","E","R","?","T","R","$","M","E","T","R","B",null,"M","M","M","M","?","E","M","$","T","?","M","M"],"character_chosen":"THE_SILENT","items_purchased":["Crippling Poison","Bane+1","Venomology","Dagger Spray","Bandage Up"],"campfire_rested":1,"item_purchase_floors":[3,3,11,11,25],"current_hp_per_floor":[66,64,64,64,58,29,29,18,18,39,39,31,28,28,49,29,88,88,88,72,72,72,50,33,33,33,33,17,0,0],"gold":235,"neow_bonus":"BOSS_RELIC","is_daily":false,"chose_seed":false,"campfire_upgraded":1,"win_rate":0.0,"timestamp":1613442958,"path_taken":["M","M","?","?","M","E","R","?","T","R","$","M","E","?","R","BOSS","M","?","M","M","?","E","M","$","T","?","M","M"],"items_purchased_type":["Card","Card","Card","Card","Card"],"build_version":"2020-12-22","purchased_purges":0,"victory":false,"max_hp_per_floor":[70,70,70,70,70,70,70,70,70,70,70,70,70,70,70,70,88,88,88,88,88,88,88,88,88,88,88,88,88,88],"card_choices":[{"not_picked":[],"picked":"Dagger Throw","floor":1},{"not_picked":[],"picked":"Deflect","floor":2},{"not_picked":[],"picked":"All Out Attack","floor":4},{"not_picked":[],"picked":"Blade Dance","floor":5},{"not_picked":[],"picked":"Terror","floor":6},{"not_picked":[],"picked":"Finisher","floor":12},{"not_picked":[],"picked":"Bouncing Flask","floor":13},{"not_picked":[],"picked":"Die Die Die","floor":16},{"not_picked":[],"picked":"ReplayTheSpireMod:IOU","floor":17},{"not_picked":[],"picked":"Writhe","floor":17},{"not_picked":[],"picked":"Clumsy","floor":17},{"not_picked":[],"picked":"Blade Dance+1","floor":18},{"not_picked":["Eviscerate+1"],"picked":"SKIP","floor":19},{"not_picked":["Masterful Stab"],"picked":"SKIP","floor":20},{"not_picked":[],"picked":"Well Laid Plans","floor":21},{"not_picked":["Outmaneuver"],"picked":"SKIP","floor":23},{"not_picked":[],"picked":"Dagger Throw","floor":24},{"not_picked":[],"picked":"Bouncing Flask","floor":28}],"player_experience":304063,"relics_obtained":[{"floor":6,"key":"Darkstone Periapt"},{"floor":9,"key":"reliquary:PurpleTingedLeaf"},{"floor":13,"key":"Dream Catcher"},{"floor":14,"key":"Bronze Scales"},{"floor":23,"key":"Mercury Hourglass"}],"event_choices":[{"damage_healed":0,"gold_gain":75,"player_choice":"Gather Gold","damage_taken":11,"max_hp_gain":0,"max_hp_loss":0,"event_name":"World of Goop","floor":8,"gold_loss":0},{"damage_healed":0,"gold_gain":0,"player_choice":"Ignored","damage_taken":0,"max_hp_gain":0,"max_hp_loss":0,"event_name":"Ghosts","floor":22,"gold_loss":0},{"cards_removed":["Clumsy","Writhe","ReplayTheSpireMod:IOU"],"damage_healed":0,"gold_gain":0,"player_choice":"Removed Curses","damage_taken":0,"max_hp_gain":0,"max_hp_loss":0,"event_name":"Fountain of Cleansing","floor":27,"gold_loss":0}],"is_beta":false,"boss_relics":[{"not_picked":["reliquary:Ember","Replay:Grab Bag"],"picked":"Replay:Ancient Bell"},{"not_picked":["Grinning Jar","reliquary:ExpiredCoupon"],"picked":"PreservedInsect"},{"not_picked":["reliquary:PrincelyHelmet","InkBottle"],"picked":"reliquary:SculptingSteel"},{"not_picked":["Mango","Gambling Chip"],"picked":"Shovel"}],"items_purged_floors":[],"is_endless":false,"potions_floor_spawned":[4,5,13,16,20,21,24],"killed_by":"Centurion and Healer","ascension_level":0}}