{"host":"126yiuos2nq86se7","time":1613445510,"event":{"mods":["2.2 Compatiblity","AchievementEnabler","Act Like it!","BaseMod","Colored Map","Colored Powertips","Decade(???)","Friendly Minions","Hermit","Highlight Path","Minty Spire (QoL Compilation)","StSLib","SuperFastMode"],"gold_per_floor":[116,126,0,0,18,18,32,32,78,95,95,109,129,159,159,257,257,277,202,6,0,0,0,14,25,98,13,13,13,13,30,30,30,30],"floor_reached":33,"language":"ENG","playtime":1157,"items_purged":["Eruption","Strike_P"],"score":247,"play_id":"4045b748-da79-4cce-9fd0-a60eef560249","local_time":"20210216141830","is_ascension_mode":false,"campfire_choices":[{"data":"ForeignInfluence","floor":6,"key":"SMITH"},{"data":"DevaForm","floor":8,"key":"SMITH"},{"data":"Vigilance","floor":11,"key":"SMITH"},{"floor":15,"key":"REST"},{"floor":23,"key":"REST"},{"floor":29,"key":"REST"},{"floor":32,"key":"REST"}],"circlet_count":0,"master_deck":["Strike_P","Defend_P","Defend_P","Defend_P","Defend_P","Vigilance+1","WheelKick","ForeignInfluence+1","JustLucky","Protect","DevaForm+1","JustLucky","DeceiveReality","Wireheading","FlurryOfBlows","Devotion","Consecrate","Madness","CutThroughFate+1","Prostrate","Swivel+1"],"relics":["PureWater","Pen Nib","Damaru","Fusion Hammer","Pantograph","Dead Branch","Letter Opener"],"acts_visited":["Exordium","TheCity"],"potions_floor_usage":[14,14,14,33],"damage_taken":[{"damage":1,"enemies":"2 Louse","floor":1,"turns":3},{"damage":1,"enemies":"Jaw Worm","floor":2,"turns":7},{"damage":0,"enemies":"Small Slimes","floor":5,"turns":3},{"damage":0,"enemies":"2 Fungi Beasts","floor":7,"turns":5},{"damage":9,"enemies":"Lots of Slimes","floor":10,"turns":4},{"damage":10,"enemies":"Exordium Wildlife","floor":12,"turns":5},{"damage":8,"enemies":"Red Slaver","floor":13,"turns":3},{"damage":10,"enemies":"Lagavulin","floor":14,"turns":5},{"damage":23,"enemies":"Slime Boss","floor":16,"turns":10},{"damage":0,"enemies":"Chosen","floor":18,"turns":6},{"damage":3,"enemies":"2 Thieves","floor":21,"turns":5},{"damage":6,"enemies":"Centurion and Healer","floor":24,"turns":6},{"damage":1,"enemies":"Snecko","floor":25,"turns":4},{"damage":5,"enemies":"Snake Plant","floor":31,"turns":4},{"damage":79,"enemies":"Champ","floor":33,"turns":13}],"seed_played":"-7147231900241289580","potions_obtained":[{"floor":2,"key":"Swift Potion"},{"floor":7,"key":"PowerPotion"},{"floor":10,"key":"PowerPotion"},{"floor":24,"key":"SpeedPotion"},{"floor":25,"key":"DistilledChaos"}],"is_trial":false,"path_per_floor":["M","M","$","?","M","R","M","R","T","M","R","M","M","E","R","B",null,"M","?","$","M","$","R","M","M","T","?","?","R","$","M","R","B"],"character_chosen":"WATCHER","items_purchased":["JustLucky","Madness"],"campfire_rested":4,"item_purchase_floors":[3,20],"current_hp_per_floor":[78,77,77,70,70,70,70,70,70,61,61,51,43,33,56,33,79,79,79,79,76,76,79,73,72,72,72,72,79,79,74,79,0,0],"gold":30,"neow_bonus":"TEN_PERCENT_HP_BONUS","is_daily":false,"chose_seed":false,"campfire_upgraded":3,"win_rate":0.0,"timestamp":1613445510,"path_taken":["M","M","$","?","M","R","M","R","T","M","R","M","M","E","R","BOSS","M","?","$","M","$","R","M","M","T","?","?","R","$","M","R","BOSS"],"items_purchased_type":["Card","Card"],"build_version":"2020-12-22","purchased_purges":2,"victory":false,"max_hp_per_floor":[79,79,79,79,79,79,79,79,79,79,79,79,79,79,79,79,79,79,79,79,79,79,79,79,79,79,79,79,79,79,79,79,79,79],"card_choices":[{"not_picked":["Prostrate","PathToVictory"],"picked":"WheelKick","floor":1},{"not_picked":["FollowUp","ReachHeaven"],"picked":"ForeignInfluence","floor":2},{"not_picked":["Halt","Crescendo"],"picked":"Protect","floor":5},{"not_picked":["CrushJoints","SashWhip"],"picked":"DevaForm","floor":7},{"not_picked":["EmptyBody","ThirdEye"],"picked":"JustLucky","floor":10},{"not_picked":["FlurryOfBlows","Collect"],"picked":"DeceiveReality","floor":12},{"not_picked":["Indignation","Ragnarok"],"picked":"Wireheading","floor":13},{"not_picked":["PathToVictory","CrushJoints"],"picked":"FlurryOfBlows","floor":14},{"not_picked":["DevaForm","MasterReality"],"picked":"Devotion","floor":16},{"not_picked":["CarveReality","Vengeance"],"picked":"Consecrate","floor":18},{"not_picked":["SashWhip","Indignation"],"picked":"CutThroughFate+1","floor":21},{"not_picked":["FlyingSleeves","FollowUp"],"picked":"Prostrate","floor":24},{"not_picked":["WindmillStrike","Evaluate","Collect"],"picked":"SKIP","floor":25},{"not_picked":["SignatureMove","Evaluate"],"picked":"Swivel+1","floor":31}],"player_experience":1514878,"relics_obtained":[{"floor":9,"key":"Pen Nib"},{"floor":14,"key":"Damaru"},{"floor":26,"key":"Pantograph"}],"event_choices":[{"cards_removed":["Strike_P"],"damage_healed":0,"gold_gain":0,"player_choice":"Card Removal","damage_taken":7,"max_hp_gain":0,"max_hp_loss":0,"event_name":"Golden Wing","floor":4,"gold_loss":0},{"cards_removed":["Strike_P"],"damage_healed":0,"gold_gain":0,"player_choice":"Gave Gold","damage_taken":0,"max_hp_gain":0,"max_hp_loss":0,"event_name":"Beggar","floor":19,"gold_loss":75},{"damage_healed":0,"gold_gain":0,"player_choice":"Obtained Relic","damage_taken":0,"relics_obtained":["Dead Branch"],"max_hp_gain":0,"max_hp_loss":0,"event_name":"Addict","floor":27,"gold_loss":85},{"damage_healed":0,"gold_gain":0,"player_choice":"Gave Potion","damage_taken":0,"relics_obtained":["Letter Opener"],"max_hp_gain":0,"max_hp_loss":0,"event_name":"WeMeetAgain","floor":28,"gold_loss":0}],"is_beta":false,"boss_relics":[{"not_picked":["SacredBark","Velvet Choker"],"picked":"Fusion Hammer"}],"items_purged_floors":[3,20],"is_endless":false,"potions_floor_spawned":[2,7,10,13,24,25],"killed_by":"Champ","ascension_level":0}}