{"host":"0ucmu30xnqs1j0i5","time":1613461280,"event":{"mods":["AchievementEnabler","BaseMod","Colored Map","Colored Powertips","DeckTracker","Minty Spire (QoL Compilation)","Quick Restart","Rare Cards Sparkle"],"gold_per_floor":[109,209,229,244,244,274,274,307,330,340,355,381,381,394,394,498,498,508,423,693,710,725,725,725],"floor_reached":23,"language":"ZHS","playtime":1640,"items_purged":[],"score":253,"play_id":"ae24b8f7-96f4-44d5-8f86-228f08e57ef3","local_time":"20210216154120","is_ascension_mode":false,"campfire_choices":[{"data":"Flex","floor":13,"key":"SMITH"},{"data":"Flex","floor":15,"key":"SMITH"}],"circlet_count":0,"master_deck":["Strike_R","Strike_R","Strike_R","Strike_R","Strike_R","Defend_R","Defend_R+1","Defend_R","Defend_R+1","Bash","Armaments+1","Flex+1","Twin Strike","Cleave","Flex","Infernal Blade","Thunderclap","Flex+1","Double Tap","Headbutt","Dark Shackles","Discovery","Armaments+1","Sword Boomerang"],"relics":["Burning Blood","MealTicket","Boot","Happy Flower","Vajra","War Paint","Dream Catcher","Coffee Dripper","Regal Pillow"],"acts_visited":["Exordium","TheCity"],"potions_floor_usage":[6,16,21,23,23,23],"damage_taken":[{"damage":6,"enemies":"2 Louse","floor":1,"turns":3},{"damage":0,"enemies":"Cultist","floor":3,"turns":4},{"damage":4,"enemies":"Jaw Worm","floor":4,"turns":6},{"damage":17,"enemies":"Gremlin Nob","floor":6,"turns":4},{"damage":16,"enemies":"3 Sentries","floor":8,"turns":5},{"damage":4,"enemies":"Exordium Thugs","floor":10,"turns":3},{"damage":5,"enemies":"2 Fungi Beasts","floor":11,"turns":3},{"damage":0,"enemies":"Gremlin Gang","floor":14,"turns":2},{"damage":0,"enemies":"Slime Boss","floor":16,"turns":3},{"damage":5,"enemies":"Chosen","floor":18,"turns":3},{"damage":4,"enemies":"2 Thieves","floor":21,"turns":3},{"damage":19,"enemies":"Chosen and Byrds","floor":22,"turns":6},{"damage":29,"enemies":"Book of Stabbing","floor":23,"turns":4}],"seed_played":"-140370050695471743","potions_obtained":[{"floor":3,"key":"LiquidBronze"},{"floor":4,"key":"SteroidPotion"},{"floor":6,"key":"Block Potion"},{"floor":8,"key":"SteroidPotion"},{"floor":11,"key":"Explosive Potion"},{"floor":18,"key":"Explosive Potion"},{"floor":22,"key":"Fire Potion"}],"is_trial":false,"path_per_floor":["M","?","M","M","?","E","?","E","T","M","M","T","R","M","R","B",null,"M","?","?","M","M","E"],"character_chosen":"IRONCLAD","items_purchased":[],"campfire_rested":0,"item_purchase_floors":[],"current_hp_per_floor":[80,80,80,80,80,69,57,47,47,49,50,50,50,56,56,62,80,80,80,40,42,29,0,0],"gold":725,"neow_bonus":"RANDOM_COMMON_RELIC","is_daily":false,"chose_seed":false,"campfire_upgraded":2,"win_rate":0.0,"timestamp":1613461280,"path_taken":["M","?","M","?","?","E","?","E","T","M","M","?","R","M","R","BOSS","M","?","?","M","?","E"],"items_purchased_type":[],"build_version":"2020-12-22","purchased_purges":0,"victory":false,"max_hp_per_floor":[80,80,80,80,80,80,80,80,80,80,80,80,80,80,80,80,80,80,80,80,80,80,80,80],"card_choices":[{"not_picked":["Twin Strike","Bloodletting"],"picked":"Armaments","floor":1},{"not_picked":["Anger","Whirlwind"],"picked":"Flex","floor":3},{"not_picked":["Dual Wield","Clothesline"],"picked":"Twin Strike","floor":4},{"not_picked":["Demon Form","Twin Strike"],"picked":"Cleave","floor":6},{"not_picked":["Perfected Strike","Dual Wield"],"picked":"Flex","floor":8},{"not_picked":["Shockwave","Rupture"],"picked":"Infernal Blade","floor":10},{"not_picked":["Perfected Strike","Body Slam"],"picked":"Thunderclap","floor":11},{"not_picked":["Power Through","Cleave"],"picked":"Flex","floor":14},{"not_picked":["Impervious","Brutality"],"picked":"Double Tap","floor":16},{"not_picked":["Thunderclap","Power Through"],"picked":"Headbutt","floor":18},{"not_picked":["Second Wind+1","Flex"],"picked":"Armaments+1","floor":21},{"not_picked":["Armaments","Pommel Strike"],"picked":"Sword Boomerang","floor":22}],"player_experience":9532,"relics_obtained":[{"floor":6,"key":"Boot"},{"floor":8,"key":"Vajra"},{"floor":9,"key":"War Paint"},{"floor":12,"key":"Dream Catcher"}],"event_choices":[{"damage_healed":0,"gold_gain":100,"player_choice":"Pray","damage_taken":0,"max_hp_gain":0,"max_hp_loss":0,"event_name":"Golden Shrine","floor":2,"gold_loss":0},{"damage_healed":0,"gold_gain":0,"player_choice":"Grow","damage_taken":0,"max_hp_gain":0,"max_hp_loss":0,"event_name":"Living Wall","floor":5,"gold_loss":0,"cards_upgraded":["Armaments"]},{"damage_healed":0,"gold_gain":0,"player_choice":"Success","damage_taken":12,"relics_obtained":["Happy Flower"],"max_hp_gain":0,"max_hp_loss":0,"event_name":"Scrap Ooze","floor":7,"gold_loss":0},{"damage_healed":0,"gold_gain":0,"player_choice":"Obtained Relic","damage_taken":0,"relics_obtained":["Regal Pillow"],"max_hp_gain":0,"max_hp_loss":0,"event_name":"Addict","floor":19,"gold_loss":85},{"damage_healed":0,"gold_gain":270,"player_choice":"CARD CARD GOLD GOLD GOLD ","damage_taken":40,"max_hp_gain":0,"max_hp_loss":0,"event_name":"Knowing Skull","floor":20,"potions_obtained":[],"gold_loss":0,"cards_obtained":["Dark Shackles","Discovery"]}],"is_beta":false,"boss_relics":[{"not_picked":["Velvet Choker","Fusion Hammer"],"picked":"Coffee Dripper"}],"items_purged_floors":[],"is_endless":false,"potions_floor_spawned":[3,4,6,8,11,18,22],"killed_by":"Book of Stabbing","ascension_level":0}}