{"host":"n95r2z13dwkl182w","time":1613455449,"event":{"mods":["2.2 Compatiblity","AchievementEnabler","BaseMod","Colored Map","Hermit","Marisa£¨Ùöéë¡¡Øª×âÞÞ£©","Minty Spire (QoL Compilation)","StSLib","SuperFastMode","The Poker Player","everything is the same but u backflip on backflip"],"gold_per_floor":[119,119,119,119,69,107,107,138,163,202,217,70,84,119,119,248,248,268,268,193,216,216,216],"floor_reached":22,"language":"KOR","playtime":575,"items_purged":[],"score":299,"play_id":"f61d9120-c437-4e75-accb-dde2c951015e","local_time":"20210216150409","is_ascension_mode":true,"campfire_choices":[{"data":"Perfected Strike","floor":7.0,"key":"SMITH"},{"data":"Barricade","floor":15.0,"key":"SMITH"}],"circlet_count":0,"master_deck":["Strike_R+1","Strike_R+1","Strike_R+1","Defend_R","Defend_R","Bash+1","Perfected Strike+1","Battle Trance","Shrug It Off","Shockwave","Pommel Strike","Barricade+1","Offering"],"relics":["Burning Blood","NeowsBlessing","Golden Idol","Question Card","Mango","Gremlin Horn","Whetstone","White Beast Statue","Membership Card","Du-Vu Doll","Empty Cage"],"acts_visited":["Exordium","TheCity"],"potions_floor_usage":[18],"damage_taken":[{"damage":0.0,"enemies":"Small Slimes","floor":1.0,"turns":1.0},{"damage":0.0,"enemies":"Lagavulin","floor":6.0,"turns":1.0},{"damage":0.0,"enemies":"Gremlin Nob","floor":8.0,"turns":1.0},{"damage":20.0,"enemies":"3 Sentries","floor":10.0,"turns":6.0},{"damage":4.0,"enemies":"Jaw Worm","floor":11.0,"turns":2.0},{"damage":4.0,"enemies":"2 Louse","floor":13.0,"turns":2.0},{"damage":2.0,"enemies":"Gremlin Nob","floor":14.0,"turns":3.0},{"damage":40.0,"enemies":"Slime Boss","floor":16.0,"turns":11.0},{"damage":57,"enemies":"Spheric Guardian","floor":18,"turns":7},{"damage":18,"enemies":"Shell Parasite","floor":21,"turns":5},{"damage":29,"enemies":"Shelled Parasite and Fungi","floor":22,"turns":7}],"seed_played":"3997734713914855064","potions_obtained":[{"floor":6.0,"key":"LiquidMemories"},{"floor":11.0,"key":"DistilledChaos"},{"floor":13.0,"key":"SpeedPotion"},{"floor":16.0,"key":"BloodPotion"},{"floor":18,"key":"BloodPotion"},{"floor":21,"key":"BlessingOfTheForge"}],"is_trial":false,"path_per_floor":["M","?","?","?","?","E","R","E","T","E","M","$","M","E","R","B",null,"M","?","?","M","M"],"character_chosen":"IRONCLAD","items_purchased":["Membership Card"],"campfire_rested":0,"item_purchase_floors":[12],"current_hp_per_floor":[80,60,57,41,41,61,61,67,67,53,55,55,57,61,61,27,94,61,61,61,49,20,20],"gold":216,"neow_bonus":"THREE_ENEMY_KILL","is_daily":false,"chose_seed":false,"campfire_upgraded":2,"win_rate":0.0,"timestamp":1613455449,"path_taken":["M","?","?","?","?","E","R","E","T","E","M","$","M","E","R","BOSS","M","?","?","M","M"],"items_purchased_type":["Relic"],"build_version":"2020-12-22","purchased_purges":0,"victory":false,"max_hp_per_floor":[80,80,80,80,80,94,94,94,94,94,94,94,94,94,94,94,94,94,94,94,94,94,94],"card_choices":[{"not_picked":["Headbutt","Clothesline","Uppercut"],"picked":"SKIP","floor":1.0},{"not_picked":["Wild Strike","Fiend Fire","Seeing Red"],"picked":"Perfected Strike","floor":6.0},{"not_picked":["Warcry","Dropkick","Havoc"],"picked":"Battle Trance","floor":8.0},{"not_picked":["Pummel","Heavy Blade","Armaments"],"picked":"Shrug It Off","floor":10.0},{"not_picked":["Heavy Blade","Shrug It Off","Flex"],"picked":"Shockwave","floor":11.0},{"not_picked":["Cleave","Blood for Blood","Twin Strike"],"picked":"Pommel Strike","floor":13.0},{"not_picked":["Intimidate","Body Slam","Dropkick"],"picked":"Barricade","floor":14.0},{"not_picked":["Bludgeon","Feed","Reaper"],"picked":"Offering","floor":16.0},{"not_picked":["Wild Strike","Warcry+1","Thunderclap","Disarm"],"picked":"SKIP","floor":18},{"not_picked":["Disarm","Entrench","Feed","Armaments"],"picked":"SKIP","floor":21}],"player_experience":90237,"relics_obtained":[{"floor":6.0,"key":"Mango"},{"floor":8.0,"key":"Gremlin Horn"},{"floor":9.0,"key":"Whetstone"},{"floor":10.0,"key":"White Beast Statue"},{"floor":14.0,"key":"Du-Vu Doll"}],"event_choices":[{"damage_healed":0.0,"max_hp_gain":0.0,"max_hp_loss":0.0,"gold_gain":0.0,"event_name":"Golden Idol","player_choice":"Take Damage","floor":2.0,"gold_loss":0.0,"damage_taken":20.0,"relics_obtained":["Golden Idol"]},{"damage_healed":0.0,"max_hp_gain":0.0,"max_hp_loss":0.0,"gold_gain":0.0,"event_name":"Scrap Ooze","player_choice":"Success","floor":3.0,"gold_loss":0.0,"damage_taken":3.0,"relics_obtained":["Question Card"]},{"damage_healed":0.0,"max_hp_gain":0.0,"max_hp_loss":0.0,"gold_gain":0.0,"event_name":"Shining Light","player_choice":"Entered Light","floor":4.0,"gold_loss":0.0,"damage_taken":16.0,"cards_upgraded":["Bash","Strike_R"]},{"cards_removed":["Defend_R"],"damage_healed":0.0,"max_hp_gain":0.0,"max_hp_loss":0.0,"gold_gain":0.0,"event_name":"The Cleric","player_choice":"Card Removal","floor":5.0,"gold_loss":50.0,"damage_taken":0.0},{"damage_healed":0,"gold_gain":0,"player_choice":"Ignored","damage_taken":0,"max_hp_gain":0,"max_hp_loss":0,"event_name":"Vampires","floor":19,"gold_loss":0},{"cards_removed":["Defend_R"],"damage_healed":0,"gold_gain":0,"player_choice":"Gave Gold","damage_taken":0,"max_hp_gain":0,"max_hp_loss":0,"event_name":"Beggar","floor":20,"gold_loss":75}],"is_beta":false,"boss_relics":[{"not_picked":["Fusion Hammer","Astrolabe"],"picked":"Empty Cage"}],"items_purged_floors":[],"is_endless":false,"potions_floor_spawned":[6,11,13,14,16,18,21],"killed_by":"Shelled Parasite and Fungi","ascension_level":3}}