{"host":"soyfmymeou4emntr","time":1613502703,"event":{"mods":["BaseMod","Minty Spire (QoL Compilation)","Permanent Neow","Relic Sorter","Relic Stats","StSLib"],"gold_per_floor":[111,128,128,148,163,163,197,224,249,249,41,41,41,57,57,133,133,143,143,157,174,124,124,124,124],"floor_reached":24,"language":"ENG","playtime":1452,"items_purged":["Strike_G","Riddle With Holes"],"score":412,"play_id":"8970f410-247b-40db-beb5-c9591ae8253a","local_time":"20210216121143","is_ascension_mode":true,"campfire_choices":[{"data":"Footwork","floor":6.0,"key":"SMITH"},{"floor":12.0,"key":"REST"},{"data":"Noxious Fumes","floor":13.0,"key":"SMITH"},{"floor":15.0,"key":"REST"},{"floor":23,"key":"REST"}],"circlet_count":0,"master_deck":["AscendersBane","Survivor","Neutralize","Envenom+1","Poisoned Stab","Footwork+1","Noxious Fumes+1","Terror","Dagger Spray","Skewer+1","Infinite Blades","A Thousand Cuts","Riddle With Holes","Tools of the Trade","Quick Slash","Riddle With Holes","Tools of the Trade","Terror","After Image","Backflip","Blade Dance"],"relics":["Ring of the Snake","WingedGreaves","Smiling Mask","Vajra","Orichalcum","Pandora\u0027s Box"],"acts_visited":["Exordium","TheCity"],"potions_floor_usage":[24,24],"damage_taken":[{"damage":0.0,"enemies":"2 Louse","floor":1.0,"turns":3.0},{"damage":7.0,"enemies":"Small Slimes","floor":2.0,"turns":5.0},{"damage":4.0,"enemies":"Cultist","floor":4.0,"turns":4.0},{"damage":9.0,"enemies":"Blue Slaver","floor":5.0,"turns":5.0},{"damage":4.0,"enemies":"Lagavulin","floor":7.0,"turns":7.0},{"damage":24.0,"enemies":"Gremlin Nob","floor":8.0,"turns":4.0},{"damage":0.0,"enemies":"Large Slime","floor":14.0,"turns":5.0},{"damage":17.0,"enemies":"Slime Boss","floor":16.0,"turns":10.0},{"damage":16.0,"enemies":"Spheric Guardian","floor":18.0,"turns":4.0},{"damage":12,"enemies":"Chosen","floor":20,"turns":5},{"damage":22,"enemies":"Snake Plant","floor":21,"turns":3},{"damage":27,"enemies":"Shelled Parasite and Fungi","floor":24,"turns":3}],"seed_played":"2363476272420879521","potions_obtained":[{"floor":2.0,"key":"EssenceOfSteel"},{"floor":4.0,"key":"Fire Potion"},{"floor":7.0,"key":"Block Potion"},{"floor":8.0,"key":"BlessingOfTheForge"},{"floor":16.0,"key":"DistilledChaos"},{"floor":20,"key":"Fire Potion"},{"floor":21,"key":"Fire Potion"}],"is_trial":false,"path_per_floor":["M","M","?","M","M","R","E","E","T","?","$","R","R","M","R","B",null,"M","?","M","M","$","R","M"],"character_chosen":"THE_SILENT","items_purchased":["Orichalcum"],"campfire_rested":3,"item_purchase_floors":[11],"current_hp_per_floor":[59,52,52,48,39,39,35,11,11,11,11,30,30,30,49,32,58,42,42,30,8,8,27,0,0],"gold":124,"neow_bonus":"ONE_RANDOM_RARE_CARD","is_daily":false,"chose_seed":false,"campfire_upgraded":2,"win_rate":0.0,"timestamp":1613502703,"path_taken":["M","M","?","M","M","R","E","E","T","?","$","R","R","?","R","BOSS","M","?","M","M","$","R","M"],"items_purchased_type":["Relic"],"build_version":"2020-12-22","purchased_purges":2,"victory":false,"max_hp_per_floor":[66,66,66,66,66,66,66,66,66,66,66,66,66,66,66,66,66,66,66,66,66,66,66,66,66],"relic_stats":{"counters":[12,58],"Pandora\u0027s Box":["Riddle With Holes","Tools of the Trade","Quick Slash","Riddle With Holes","Riddle With Holes","Tools of the Trade","Tools of the Trade","Terror","After Image"],"Orichalcum":[66],"Smiling Mask":75,"obtain_stats":[{"Vajra":9,"Pandora\u0027s Box":17,"WingedGreaves":7,"Orichalcum":11,"Smiling Mask":8,"Ring of the Snake":0},{"Vajra":6,"Pandora\u0027s Box":8,"WingedGreaves":5,"Orichalcum":6,"Smiling Mask":6,"Ring of the Snake":0},{"Vajra":28,"Pandora\u0027s Box":43,"WingedGreaves":24,"Orichalcum":28,"Smiling Mask":28,"Ring of the Snake":0}],"Ring of the Snake":[24]},"card_choices":[{"not_picked":["Flying Knee","Backflip"],"picked":"Poisoned Stab","floor":1.0},{"not_picked":["Night Terror","Concentrate"],"picked":"Footwork","floor":2.0},{"not_picked":["Dagger Spray","Dagger Throw"],"picked":"Noxious Fumes","floor":4.0},{"not_picked":["Dagger Spray","Expertise"],"picked":"Terror","floor":5.0},{"not_picked":["Outmaneuver","Blur"],"picked":"Dagger Spray","floor":7.0},{"not_picked":["Flying Knee","Underhanded Strike"],"picked":"Skewer","floor":8.0},{"not_picked":["Quick Slash","Poisoned Stab"],"picked":"Infinite Blades","floor":14.0},{"not_picked":["Grand Finale","Phantasmal Killer"],"picked":"A Thousand Cuts","floor":16.0},{"not_picked":["Outmaneuver","Eviscerate","Expertise"],"picked":"SKIP","floor":18.0},{"not_picked":["Quick Slash","Poisoned Stab"],"picked":"Backflip","floor":20},{"not_picked":["Distraction","Finisher"],"picked":"Blade Dance","floor":21}],"player_experience":3361994,"relics_obtained":[{"floor":7.0,"key":"WingedGreaves"},{"floor":8.0,"key":"Smiling Mask"},{"floor":9.0,"key":"Vajra"}],"event_choices":[{"damage_healed":0.0,"max_hp_gain":0.0,"max_hp_loss":0.0,"gold_gain":0.0,"event_name":"Living Wall","player_choice":"Grow","floor":3.0,"gold_loss":0.0,"damage_taken":0.0,"cards_upgraded":["Envenom"]},{"damage_healed":0.0,"max_hp_gain":0.0,"max_hp_loss":0.0,"gold_gain":0.0,"event_name":"Upgrade Shrine","player_choice":"Upgraded","floor":10.0,"gold_loss":0.0,"damage_taken":0.0,"cards_upgraded":["Skewer"]},{"cards_removed":["Tools of the Trade"],"damage_healed":0,"gold_gain":0,"player_choice":"Elegance","damage_taken":0,"max_hp_gain":0,"max_hp_loss":0,"event_name":"Back to Basics","floor":19,"gold_loss":0}],"is_beta":false,"boss_relics":[{"not_picked":["WristBlade","Velvet Choker"],"picked":"Pandora\u0027s Box"}],"items_purged_floors":[11,22],"is_endless":false,"potions_floor_spawned":[2,4,7,8,16,20,21],"killed_by":"Shelled Parasite and Fungi","ascension_level":20}}