{"host":"raaimkojny05jekw","time":1613458377,"event":{"mods":["AchievementEnabler","BaseMod","Colored Map","Colored Powertips","DeckTracker","Minty Spire (QoL Compilation)","Quick Restart","Rare Cards Sparkle","everything is the same but u backflip on backflip"],"gold_per_floor":[111,24,36,56,56,99,63,102,102,102,102,102,115,153,153,283,283,302,51,51,51,71,71,90,126,126,126,139,139,173,133,133,133,133],"floor_reached":33,"language":"KOR","playtime":692,"items_purged":["Strike_R"],"score":526,"play_id":"ab64d7c6-22e4-4acb-8581-c8b71afb05b7","local_time":"20210216155257","is_ascension_mode":true,"campfire_choices":[{"data":"Bash","floor":10,"key":"SMITH"},{"data":"Carnage","floor":12,"key":"SMITH"},{"floor":15,"key":"DIG"},{"data":"Mayhem","floor":23,"key":"SMITH"},{"floor":27,"key":"DIG"},{"data":"Seeing Red","floor":29,"key":"SMITH"},{"data":"Immolate","floor":32,"key":"SMITH"}],"circlet_count":0,"master_deck":["Strike_R","Strike_R","Strike_R","Strike_R","Defend_R+1","Defend_R","Defend_R+1","Defend_R","Bash+1","Cleave","Fire Breathing","Flex","Ghostly Armor+1","Carnage+1","Seeing Red+1","Immolate+1","Mayhem+1","Spot Weakness+1","Warcry+1","Ghostly Armor","Inflame","Headbutt+1"],"relics":["Black Blood","NeowsBlessing","PreservedInsect","Golden Idol","Shovel","Dream Catcher","Mercury Hourglass","Singing Bowl","Bag of Marbles","Akabeko","Centennial Puzzle","Eternal Feather","MealTicket","War Paint"],"acts_visited":["Exordium","TheCity"],"potions_floor_usage":[14,16,22,22,28,33,33],"damage_taken":[{"damage":0,"enemies":"Jaw Worm","floor":1,"turns":1},{"damage":0,"enemies":"Cultist","floor":3,"turns":1},{"damage":0,"enemies":"Small Slimes","floor":4,"turns":1},{"damage":15,"enemies":"3 Sentries","floor":6,"turns":4},{"damage":8,"enemies":"Gremlin Nob","floor":8,"turns":3},{"damage":0,"enemies":"2 Fungi Beasts","floor":13,"turns":2},{"damage":25,"enemies":"Lagavulin","floor":14,"turns":4},{"damage":0,"enemies":"Slime Boss","floor":16,"turns":7},{"damage":0,"enemies":"Spheric Guardian","floor":18,"turns":3},{"damage":0,"enemies":"Shell Parasite","floor":22,"turns":1},{"damage":12,"enemies":"Cultist and Chosen","floor":24,"turns":3},{"damage":34,"enemies":"Book of Stabbing","floor":25,"turns":4},{"damage":35,"enemies":"Shelled Parasite and Fungi","floor":28,"turns":5},{"damage":0,"enemies":"Slavers","floor":30,"turns":1},{"damage":92,"enemies":"Collector","floor":33,"turns":8}],"seed_played":"2775509075141809790","potions_obtained":[{"floor":4,"key":"SpeedPotion"},{"floor":6,"key":"CultistPotion"},{"floor":13,"key":"Block Potion"},{"floor":14,"key":"ElixirPotion"},{"floor":16,"key":"AttackPotion"},{"floor":25,"key":"PowerPotion"},{"floor":30,"key":"Energy Potion"}],"is_trial":false,"path_per_floor":["M","?","M","M","?","E","$","E","T","R","?","R","M","E","R","B",null,"M","$","?","?","M","R","M","E","T","R","M","R","E","?","R","B"],"character_chosen":"IRONCLAD","items_purchased":["Carnage","Mayhem"],"campfire_rested":0,"item_purchase_floors":[7,19],"current_hp_per_floor":[78,78,80,80,60,51,51,49,49,49,42,42,48,31,31,37,71,84,84,84,84,84,84,84,62,62,74,53,65,77,77,86,0,0],"gold":133,"neow_bonus":"THREE_ENEMY_KILL","is_daily":false,"chose_seed":false,"campfire_upgraded":5,"win_rate":0.0,"timestamp":1613458377,"path_taken":["M","?","?","?","?","E","$","E","T","R","?","R","M","E","R","BOSS","M","$","?","?","?","R","M","E","T","R","M","R","E","?","R","BOSS"],"items_purchased_type":["Card","Card"],"build_version":"2020-12-22","purchased_purges":1,"victory":false,"max_hp_per_floor":[80,80,80,80,80,80,80,80,80,80,80,80,80,82,82,82,82,84,84,84,84,84,84,84,84,84,84,86,86,86,86,86,86,86],"card_choices":[{"not_picked":["Intimidate","Warcry"],"picked":"Cleave","floor":1},{"not_picked":["Pummel","Rupture"],"picked":"Fire Breathing","floor":3},{"not_picked":["Sword Boomerang","Iron Wave"],"picked":"Flex","floor":4},{"not_picked":["Second Wind","Sword Boomerang"],"picked":"Ghostly Armor","floor":6},{"not_picked":["Body Slam","Searing Blow","Anger"],"picked":"SKIP","floor":8},{"not_picked":["Shockwave","Feel No Pain"],"picked":"Seeing Red","floor":13},{"not_picked":["True Grit","Brutality","Blood for Blood"],"picked":"Singing Bowl","floor":14},{"not_picked":["Exhume","Barricade"],"picked":"Immolate","floor":16},{"not_picked":["Uppercut","Carnage","Havoc"],"picked":"Singing Bowl","floor":18},{"not_picked":["Thunderclap+1","Heavy Blade+1"],"picked":"Warcry+1","floor":22},{"not_picked":["Sword Boomerang","Twin Strike"],"picked":"Ghostly Armor","floor":24},{"not_picked":["Perfected Strike+1","Bloodletting"],"picked":"Inflame","floor":25},{"not_picked":["Headbutt","Twin Strike+1","Seeing Red"],"picked":"Singing Bowl","floor":28},{"not_picked":["Clash","Clothesline"],"picked":"Headbutt+1","floor":30}],"player_experience":755681,"relics_obtained":[{"floor":6,"key":"Shovel"},{"floor":8,"key":"Dream Catcher"},{"floor":9,"key":"Mercury Hourglass"},{"floor":14,"key":"Bag of Marbles"},{"floor":15,"key":"Akabeko"},{"floor":25,"key":"Centennial Puzzle"},{"floor":26,"key":"Eternal Feather"},{"floor":27,"key":"MealTicket"},{"floor":30,"key":"War Paint"}],"event_choices":[{"damage_healed":0,"gold_gain":0,"player_choice":"Paid Gold","damage_taken":0,"relics_obtained":["PreservedInsect"],"max_hp_gain":0,"max_hp_loss":0,"event_name":"WeMeetAgain","floor":2,"gold_loss":87},{"damage_healed":0,"gold_gain":0,"player_choice":"Take Damage","damage_taken":20,"relics_obtained":["Golden Idol"],"max_hp_gain":0,"max_hp_loss":0,"event_name":"Golden Idol","floor":5,"gold_loss":0},{"damage_healed":0,"gold_gain":0,"player_choice":"Success","damage_taken":7,"relics_obtained":["Singing Bowl"],"max_hp_gain":0,"max_hp_loss":0,"event_name":"Scrap Ooze","floor":11,"gold_loss":0},{"damage_healed":0,"gold_gain":0,"player_choice":"1 cards matched","damage_taken":0,"max_hp_gain":0,"max_hp_loss":0,"event_name":"Match and Keep!","floor":21,"gold_loss":0,"cards_obtained":["Spot Weakness"]},{"damage_healed":0,"gold_gain":0,"player_choice":"Upgraded Two","damage_taken":0,"max_hp_gain":0,"max_hp_loss":0,"event_name":"Designer","floor":31,"gold_loss":40,"cards_upgraded":["Defend_R","Defend_R"]}],"is_beta":false,"boss_relics":[{"not_picked":["Runic Cube","Runic Dome"],"picked":"Black Blood"}],"items_purged_floors":[19],"is_endless":false,"potions_floor_spawned":[4,6,13,14,16,25,30],"killed_by":"Collector","ascension_level":8}}