{"host":"4lqqtboa3hvdze4c","time":1613498244,"event":{"mods":["AchievementEnabler","BaseMod","BetterRewards","Colored Map","DeckTracker","Minty Spire (QoL Compilation)","Permanent Neow","SuperFastMode"],"gold_per_floor":[117,49,65,77,77,90,115,115,143,155,501,525,537,582,627,639,750,762,792,823,845,877,909,951,997,1034,1046,1058,1102,1114,1126,1168,1180,1296,1308,1335,1364,1392,1417,697,737,755,794,819,819,836,863,918,952,952,952],"floor_reached":52,"language":"KOR","playtime":6021,"items_purged":["All Out Attack+1"],"score":1504,"play_id":"d11c1562-8ae4-4861-92ea-2e73992fb838","local_time":"20210217025724","daily_mods":["Draft","Vintage","Heirloom","DeadlyEvents","Elite Swarm"],"is_ascension_mode":true,"campfire_choices":[{"data":"Tactician","floor":8,"key":"SMITH"},{"data":"Adrenaline","floor":13,"key":"SMITH"},{"data":"Concentrate","floor":16,"key":"SMITH"},{"data":"Venomology","floor":28,"key":"SMITH"},{"data":"Adrenaline","floor":30,"key":"SMITH"},{"data":"Adrenaline","floor":33,"key":"SMITH"},{"data":"Accuracy","floor":45,"key":"SMITH"},{"data":"Grand Finale","floor":50,"key":"SMITH"}],"circlet_count":0,"master_deck":["Underhanded Strike","Dagger Throw","Dagger Throw","Backflip","Blade Dance","Underhanded Strike","Tactician+1","Prepared+1","Underhanded Strike","Blade Dance+1","Concentrate+1","Reflex","Backflip","Accuracy+1","Grand Finale+1","Venomology+1","Adrenaline+1","Grand Finale+1","Wraith Form v2+1","A Thousand Cuts+1","Adrenaline+1","Adrenaline+1","A Thousand Cuts+1","Distraction+1","Noxious Fumes+1","Escape Plan","Finesse","Die Die Die+1","Die Die Die+1"],"relics":["Ring of the Snake","Tingsha","Blue Candle","Nunchaku","Gremlin Horn","InkBottle","Letter Opener","MawBank","Pear","Old Coin","WingedGreaves","Molten Egg 2","Vajra","SlaversCollar","Frozen Egg 2","Pantograph","Sundial","Tiny Chest","Bag of Preparation","CaptainsWheel","White Beast Statue","Boot","Mummified Hand","Ninja Scroll","StrikeDummy","Astrolabe","CeramicFish","Smiling Mask","Matryoshka","Meat on the Bone","Question Card","Omamori","Lee\u0027s Waffle","Eternal Feather","Kunai","Orichalcum","Singing Bowl","War Paint","Mercury Hourglass","Dream Catcher","Ice Cream","Happy Flower"],"acts_visited":["Exordium","TheCity","TheBeyond"],"potions_floor_usage":[11,15,17,17,19,21,22,23,24,25,26,26,29,29,32,34,37,38,42,43,46,47,48,49,49,51,51,51],"damage_taken":[{"damage":0,"enemies":"Jaw Worm","floor":1,"turns":1},{"damage":0,"enemies":"Small Slimes","floor":3,"turns":1},{"damage":0,"enemies":"Cultist","floor":4,"turns":1},{"damage":0,"enemies":"Looter","floor":6,"turns":1},{"damage":0,"enemies":"Gremlin Nob","floor":7,"turns":2},{"damage":0,"enemies":"3 Sentries","floor":9,"turns":1},{"damage":8,"enemies":"Lagavulin","floor":11,"turns":3},{"damage":0,"enemies":"Large Slime","floor":12,"turns":1},{"damage":0,"enemies":"3 Sentries","floor":14,"turns":1},{"damage":0,"enemies":"Gremlin Nob","floor":15,"turns":1},{"damage":29,"enemies":"Hexaghost","floor":17,"turns":4},{"damage":0,"enemies":"Chosen","floor":19,"turns":1},{"damage":0,"enemies":"3 Byrds","floor":20,"turns":1},{"damage":18,"enemies":"Snake Plant","floor":21,"turns":3},{"damage":0,"enemies":"Centurion and Healer","floor":22,"turns":1},{"damage":0,"enemies":"Snecko","floor":23,"turns":1},{"damage":0,"enemies":"Book of Stabbing","floor":24,"turns":1},{"damage":0,"enemies":"Gremlin Leader","floor":25,"turns":1},{"damage":0,"enemies":"Book of Stabbing","floor":26,"turns":2},{"damage":0,"enemies":"Slavers","floor":29,"turns":1},{"damage":0,"enemies":"Gremlin Leader","floor":32,"turns":1},{"damage":0,"enemies":"Collector","floor":34,"turns":2},{"damage":0,"enemies":"3 Darklings","floor":36,"turns":1},{"damage":0,"enemies":"3 Shapes","floor":37,"turns":1},{"damage":0,"enemies":"Spire Growth","floor":38,"turns":1},{"damage":0,"enemies":"Jaw Worm Horde","floor":39,"turns":1},{"damage":0,"enemies":"Giant Head","floor":41,"turns":1},{"damage":0,"enemies":"3 Darklings","floor":42,"turns":1},{"damage":0,"enemies":"Reptomancer","floor":43,"turns":1},{"damage":3,"enemies":"4 Shapes","floor":46,"turns":1},{"damage":0,"enemies":"Nemesis","floor":47,"turns":1},{"damage":0,"enemies":"2 Orb Walkers","floor":48,"turns":1},{"damage":0,"enemies":"Reptomancer","floor":49,"turns":1},{"damage":0,"enemies":"Awakened One","floor":51,"turns":2}],"seed_played":"7570011273499297694","potions_obtained":[{"floor":4,"key":"Strength Potion"},{"floor":7,"key":"Weak Potion"},{"floor":12,"key":"SpeedPotion"},{"floor":15,"key":"AttackPotion"},{"floor":17,"key":"Regen Potion"},{"floor":21,"key":"SneckoOil"},{"floor":23,"key":"GamblersBrew"},{"floor":25,"key":"FearPotion"},{"floor":26,"key":"Poison Potion"},{"floor":29,"key":"FearPotion"},{"floor":32,"key":"SpeedPotion"},{"floor":34,"key":"ColorlessPotion"},{"floor":36,"key":"PowerPotion"},{"floor":37,"key":"SkillPotion"},{"floor":38,"key":"Energy Potion"},{"floor":39,"key":"ColorlessPotion"},{"floor":42,"key":"DuplicationPotion"},{"floor":46,"key":"CunningPotion"},{"floor":49,"key":"Block Potion"}],"is_trial":true,"path_per_floor":["M","$","M","M","M","M","E","R","E","T","E","M","R","E","E","R","B",null,"M","M","M","M","M","E","E","E","T","R","E","R","?","E","R","B",null,"M","M","M","M","$","E","M","E","T","R","M","E","?","E","R","B",null],"character_chosen":"THE_SILENT","items_purchased":["Accuracy","Escape Plan","Finesse","Question Card","Omamori","Lee\u0027s Waffle"],"campfire_rested":0,"item_purchase_floors":[2,40,40,40,40,40],"current_hp_per_floor":[70,70,70,70,70,70,70,70,70,80,72,72,72,72,72,72,43,80,80,80,62,62,62,62,62,62,62,62,62,62,62,62,62,80,80,80,80,80,80,87,87,87,87,87,87,84,86,88,90,93,93],"gold":952,"neow_bonus":"","is_daily":false,"chose_seed":false,"campfire_upgraded":8,"win_rate":0.0,"timestamp":1613498244,"path_taken":["M","$","M","M","M","M","E","R","E","T","E","M","R","E","E","R","BOSS","M","M","M","M","M","E","E","E","T","R","E","R","?","E","R","BOSS","M","M","M","M","$","E","M","E","T","R","M","E","?","E","R","BOSS"],"items_purchased_type":["Card","Card","Card","Relic","Relic","Relic"],"build_version":"2020-12-22","purchased_purges":1,"victory":true,"max_hp_per_floor":[70,70,70,70,70,70,70,70,70,80,80,80,80,80,80,80,80,80,80,80,80,80,80,80,80,80,80,80,80,80,80,80,80,80,80,80,80,80,80,87,87,87,87,87,87,87,89,91,93,93,93],"card_choices":[{"not_picked":["Dodge and Roll","Well Laid Plans"],"picked":"Underhanded Strike","floor":0},{"not_picked":["Noxious Fumes","Eviscerate"],"picked":"Dagger Throw","floor":0},{"not_picked":["Slice","Backflip"],"picked":"Terror","floor":0},{"not_picked":["Escape Plan","Acrobatics"],"picked":"Dagger Throw","floor":0},{"not_picked":["Deadly Poison","Predator"],"picked":"Backflip","floor":0},{"not_picked":["Dodge and Roll","Deflect"],"picked":"Blade Dance","floor":0},{"not_picked":["Riddle With Holes","Prepared"],"picked":"Underhanded Strike","floor":0},{"not_picked":["Dodge and Roll","Outmaneuver"],"picked":"Tactician","floor":0},{"not_picked":["Deadly Poison","Flechettes"],"picked":"Prepared","floor":0},{"not_picked":["Dagger Spray","Acrobatics"],"picked":"Underhanded Strike","floor":0},{"not_picked":["Eviscerate","Masterful Stab"],"picked":"Blade Dance","floor":0},{"not_picked":["Dagger Spray","Setup"],"picked":"Concentrate","floor":0},{"not_picked":["Dodge and Roll","PiercingWail"],"picked":"Reflex","floor":0},{"not_picked":["Outmaneuver","Setup"],"picked":"Dagger Spray","floor":0},{"not_picked":["Riddle With Holes","Deadly Poison"],"picked":"Backflip","floor":0},{"not_picked":["Envenom","Phantasmal Killer"],"picked":"Grand Finale","floor":7},{"not_picked":["Phantasmal Killer","Burst"],"picked":"Venomology","floor":9},{"not_picked":["Burst","Wraith Form v2"],"picked":"Adrenaline","floor":11},{"not_picked":["Glass Knife+1","Doppelganger","Unload+1"],"picked":"SKIP","floor":14},{"not_picked":["Glass Knife+1","Venomology"],"picked":"Grand Finale+1","floor":15},{"not_picked":["Tools of the Trade+1","Burst"],"picked":"Wraith Form v2+1","floor":24},{"not_picked":["Doppelganger","Venomology"],"picked":"A Thousand Cuts+1","floor":25},{"not_picked":["Malaise","Bullet Time"],"picked":"Adrenaline","floor":26},{"not_picked":["A Thousand Cuts+1","Burst"],"picked":"Adrenaline","floor":29},{"not_picked":["Wraith Form v2+1","Phantasmal Killer"],"picked":"Tools of the Trade+1","floor":32},{"not_picked":["Unload+1","Bullet Time"],"picked":"A Thousand Cuts+1","floor":34},{"not_picked":["Unload+1","Glass Knife+1","Burst"],"picked":"Die Die Die+1","floor":41},{"not_picked":["Wraith Form v2+1","Doppelganger","Grand Finale+1"],"picked":"Die Die Die+1","floor":43},{"not_picked":["Phantasmal Killer","Doppelganger","Bullet Time","Burst"],"picked":"Singing Bowl","floor":47},{"not_picked":["Calculated Gamble+1","Accuracy+1","Dagger Spray+1","Expertise+1"],"picked":"Singing Bowl","floor":48},{"not_picked":["Glass Knife+1","Burst","Storm of Steel","A Thousand Cuts+1"],"picked":"Singing Bowl","floor":49}],"player_experience":35490,"relics_obtained":[{"floor":1,"key":"Blue Candle"},{"floor":3,"key":"Nunchaku"},{"floor":4,"key":"Gremlin Horn"},{"floor":6,"key":"InkBottle"},{"floor":7,"key":"Letter Opener"},{"floor":9,"key":"MawBank"},{"floor":10,"key":"Pear"},{"floor":11,"key":"Old Coin"},{"floor":12,"key":"WingedGreaves"},{"floor":14,"key":"Molten Egg 2"},{"floor":15,"key":"Vajra"},{"floor":19,"key":"Frozen Egg 2"},{"floor":20,"key":"Pantograph"},{"floor":21,"key":"Sundial"},{"floor":22,"key":"Tiny Chest"},{"floor":23,"key":"Bag of Preparation"},{"floor":24,"key":"CaptainsWheel"},{"floor":25,"key":"White Beast Statue"},{"floor":26,"key":"Boot"},{"floor":27,"key":"Mummified Hand"},{"floor":29,"key":"Ninja Scroll"},{"floor":32,"key":"StrikeDummy"},{"floor":36,"key":"CeramicFish"},{"floor":37,"key":"Smiling Mask"},{"floor":38,"key":"Matryoshka"},{"floor":39,"key":"Meat on the Bone"},{"floor":41,"key":"Eternal Feather"},{"floor":42,"key":"Kunai"},{"floor":43,"key":"Orichalcum"},{"floor":44,"key":"Singing Bowl"},{"floor":44,"key":"War Paint"},{"floor":46,"key":"Mercury Hourglass"},{"floor":47,"key":"Dream Catcher"},{"floor":48,"key":"Ice Cream"},{"floor":49,"key":"Happy Flower"}],"event_choices":[{"damage_healed":0,"gold_gain":0,"player_choice":"Ignored","damage_taken":0,"max_hp_gain":0,"max_hp_loss":0,"event_name":"The Mausoleum","floor":31,"gold_loss":0},{"damage_healed":0,"gold_gain":0,"player_choice":"Fight","damage_taken":0,"max_hp_gain":0,"max_hp_loss":0,"event_name":"Mysterious Sphere","floor":48,"gold_loss":0}],"is_beta":false,"boss_relics":[{"not_picked":["Calling Bell","Philosopher\u0027s Stone"],"picked":"SlaversCollar"},{"not_picked":["Tiny House","Ring of the Serpent"],"picked":"Astrolabe"}],"items_purged_floors":[40],"is_endless":false,"potions_floor_spawned":[4,7,12,15,17,21,23,24,25,26,29,32,34,36,37,38,39,41,42,43,46,47,48,49],"ascension_level":1}}