{"host":"f76wcztdlwlduum6","time":1613446737,"event":{"mods":["BaseMod","BetterRewards","Colored Powertips","Minty Spire (QoL Compilation)","Quick Restart","Rare Cards Sparkle","Relic Stats","StSLib","SuperFastMode","everything is the same but u backflip on backflip"],"gold_per_floor":[111,111,111,111,131,163,163,163,163,163,8,8,28,62,62,137,187,199,199,124,142,82,107,41,67,67,81,81,1,15,15,15,91,91,107,159,38,88,113,113,124,124,171,187,53,53,78,92,92,92,92,92],"floor_reached":51,"language":"ENG","playtime":1706,"items_purged":["Defend_B","Cold Snap","Defend_B"],"score":1530,"play_id":"8aabfe07-f8d4-4666-b129-70177b633609","local_time":"20210215213857","is_ascension_mode":true,"campfire_choices":[{"data":"Zap","floor":7,"key":"SMITH"},{"data":"Reinforced Body","floor":10,"key":"SMITH"},{"data":"Dualcast","floor":12,"key":"SMITH"},{"data":"Go for the Eyes","floor":15,"key":"SMITH"},{"data":"Go for the Eyes","floor":28,"key":"SMITH"},{"floor":32,"key":"REST"},{"data":"Buffer","floor":40,"key":"SMITH"},{"floor":46,"key":"RECALL"},{"data":"All For One","floor":49,"key":"SMITH"}],"circlet_count":0,"master_deck":["AscendersBane","Strike_B+1","Defend_B+1","Defend_B","Zap+1","Dualcast+1","Reinforced Body+1","Gash","Gash","Flash of Steel+1","Go for the Eyes+1","All For One+1","Seek+1","Go for the Eyes+1","Conserve Battery","All For One+1","Double Energy+1","Capacitor","Buffer+1","Gash","Hologram+1","BootSequence","Gash"],"relics":["Cracked Core","NeowsBlessing","Eternal Feather","Blue Candle","Cables","Odd Mushroom","The Courier","Tiny House","Tiny Chest","White Beast Statue","HornCleat","Philosopher\u0027s Stone","Oddly Smooth Stone","CaptainsWheel","FossilizedHelix","Kunai","Sling","Whetstone"],"acts_visited":["Exordium","TheCity","TheBeyond"],"potions_floor_usage":[14,23,23,33,33,38,47,50,50],"damage_taken":[{"damage":0,"enemies":"Jaw Worm","floor":1,"turns":1},{"damage":0,"enemies":"2 Louse","floor":5,"turns":1},{"damage":0,"enemies":"Gremlin Nob","floor":6,"turns":1},{"damage":11,"enemies":"The Mushroom Lair","floor":13,"turns":5},{"damage":1,"enemies":"Lagavulin","floor":14,"turns":8},{"damage":25,"enemies":"Slime Boss","floor":16,"turns":8},{"damage":6,"enemies":"Spheric Guardian","floor":18,"turns":4},{"damage":12,"enemies":"2 Thieves","floor":21,"turns":5},{"damage":31,"enemies":"Book of Stabbing","floor":23,"turns":6},{"damage":11,"enemies":"Gremlin Leader","floor":25,"turns":4},{"damage":0,"enemies":"Centurion and Healer","floor":27,"turns":5},{"damage":8,"enemies":"Cultist and Chosen","floor":30,"turns":4},{"damage":26,"enemies":"Champ","floor":33,"turns":11},{"damage":0,"enemies":"Orb Walker","floor":35,"turns":3},{"damage":3,"enemies":"2 Orb Walkers","floor":38,"turns":3},{"damage":16,"enemies":"Mind Bloom Boss Battle","floor":39,"turns":5},{"damage":10,"enemies":"3 Shapes","floor":41,"turns":3},{"damage":0,"enemies":"Maw","floor":44,"turns":5},{"damage":0,"enemies":"Reptomancer","floor":47,"turns":5},{"damage":10,"enemies":"Writhing Mass","floor":48,"turns":6},{"damage":44,"enemies":"Time Eater","floor":50,"turns":10},{"damage":25,"enemies":"Donu and Deca","floor":51,"turns":6}],"seed_played":"-4058409460311985457","potions_obtained":[{"floor":5,"key":"SkillPotion"},{"floor":17,"key":"Regen Potion"},{"floor":18,"key":"SpeedPotion"},{"floor":27,"key":"Weak Potion"},{"floor":30,"key":"SpeedPotion"},{"floor":33,"key":"EssenceOfSteel"},{"floor":35,"key":"LiquidBronze"},{"floor":38,"key":"FocusPotion"},{"floor":44,"key":"DistilledChaos"},{"floor":47,"key":"EssenceOfSteel"}],"is_trial":false,"path_per_floor":["M","?","?","?","M","E","R","?","T","R","$","R","?","E","R","B",null,"M","?","?","M","$","E","$","E","T","M","R","$","M","?","R","B",null,"M","T","$","?","?","R","M","T","T","M","$","R","E","M","R","B","B"],"character_chosen":"DEFECT","items_purchased":["Gash","Flash of Steel","All For One","Gash","Sling"],"campfire_rested":1,"item_purchase_floors":[11,11,24,37,45],"current_hp_per_floor":[64,53,32,32,32,32,38,43,43,49,49,58,47,46,55,30,70,64,64,64,52,52,36,36,25,25,25,34,34,26,3,37,11,67,67,67,67,64,48,60,50,50,50,50,50,62,62,52,64,20,0,0],"gold":92,"neow_bonus":"THREE_ENEMY_KILL","is_daily":false,"chose_seed":false,"campfire_upgraded":7,"win_rate":0.0,"timestamp":1613446737,"path_taken":["M","?","?","?","?","E","R","?","T","R","$","R","?","E","R","BOSS","M","?","?","M","$","E","$","E","T","?","R","?","M","?","R","BOSS","M","?","?","?","?","R","M","?","T","M","$","R","E","M","R","BOSS","BOSS"],"items_purchased_type":["Card","Card","Card","Card","Relic"],"build_version":"2020-12-22","purchased_purges":3,"victory":false,"max_hp_per_floor":[71,71,71,71,71,71,71,76,76,76,76,76,76,76,76,76,81,81,81,81,81,81,81,81,81,81,81,81,81,81,86,86,86,86,86,86,86,86,86,86,86,86,86,86,86,86,86,86,86,86,86,86],"relic_stats":{"counters":[22,109],"Blue Candle":[2],"Eternal Feather":84,"Tiny Chest":2,"Kunai":[44],"Whetstone":["Flash of Steel","All For One"],"obtain_stats":[{"Tiny House":17,"NeowsBlessing":0,"Blue Candle":6,"Oddly Smooth Stone":36,"Eternal Feather":2,"The Courier":14,"Whetstone":47,"Odd Mushroom":13,"Sling":45,"White Beast Statue":25,"Cables":9,"CaptainsWheel":38,"HornCleat":26,"Tiny Chest":23,"Philosopher\u0027s Stone":34,"Kunai":42,"Cracked Core":0,"FossilizedHelix":39},{"Tiny House":6,"NeowsBlessing":0,"Blue Candle":3,"Oddly Smooth Stone":14,"Eternal Feather":1,"The Courier":5,"Whetstone":19,"Odd Mushroom":4,"Sling":18,"White Beast Statue":10,"Cables":3,"CaptainsWheel":15,"HornCleat":10,"Tiny Chest":9,"Philosopher\u0027s Stone":13,"Kunai":17,"Cracked Core":0,"FossilizedHelix":16},{"Tiny House":24,"NeowsBlessing":0,"Blue Candle":3,"Oddly Smooth Stone":66,"Eternal Feather":1,"The Courier":16,"Whetstone":87,"Odd Mushroom":8,"Sling":82,"White Beast Statue":43,"Cables":3,"CaptainsWheel":69,"HornCleat":43,"Tiny Chest":39,"Philosopher\u0027s Stone":63,"Kunai":77,"Cracked Core":0,"FossilizedHelix":74}],"Cables":[82,75,7,0,0]},"card_choices":[{"not_picked":["Turbo","Melter"],"picked":"Cold Snap","floor":1},{"not_picked":["Beam Cell","Force Field"],"picked":"Reinforced Body","floor":5},{"not_picked":["Compile Driver","Blizzard"],"picked":"Gash","floor":6},{"not_picked":["Stack","Ball Lightning"],"picked":"Go for the Eyes","floor":13},{"not_picked":["Beam Cell","Gash"],"picked":"All For One","floor":14},{"not_picked":["Buffer","Core Surge"],"picked":"Seek","floor":16},{"not_picked":["Skim","Rebound"],"picked":"Go for the Eyes","floor":17},{"not_picked":["Streamline","Cold Snap"],"picked":"Conserve Battery","floor":18},{"not_picked":["Leap","Go for the Eyes","Rebound"],"picked":"SKIP","floor":21},{"not_picked":["Ball Lightning","Auto Shields+1","Heatsinks"],"picked":"SKIP","floor":23},{"not_picked":["Recycle+1","Rebound"],"picked":"Double Energy+1","floor":25},{"not_picked":["Leap","Rebound","Sweeping Beam"],"picked":"SKIP","floor":27},{"not_picked":["Chaos","Hello World"],"picked":"Capacitor","floor":30},{"not_picked":["Creative AI","Reboot"],"picked":"Buffer","floor":33},{"not_picked":["Stack","Undo+1","Steam+1"],"picked":"SKIP","floor":35},{"not_picked":["Turbo","Reprogram+1"],"picked":"Hologram+1","floor":38},{"not_picked":["Aggregate","Coolheaded","Creative AI"],"picked":"SKIP","floor":41},{"not_picked":["Heatsinks+1","Barrage"],"picked":"BootSequence","floor":44},{"not_picked":["Leap+1","Capacitor"],"picked":"Gash","floor":47},{"not_picked":["Barrage","Go for the Eyes","Rip and Tear+1"],"picked":"SKIP","floor":48}],"player_experience":337018,"relics_obtained":[{"floor":6,"key":"Blue Candle"},{"floor":9,"key":"Cables"},{"floor":13,"key":"Odd Mushroom"},{"floor":14,"key":"The Courier"},{"floor":23,"key":"Tiny Chest"},{"floor":25,"key":"White Beast Statue"},{"floor":26,"key":"HornCleat"},{"floor":36,"key":"Oddly Smooth Stone"},{"floor":38,"key":"CaptainsWheel"},{"floor":39,"key":"FossilizedHelix"},{"floor":42,"key":"Kunai"},{"floor":47,"key":"Whetstone"}],"event_choices":[{"damage_healed":0,"gold_gain":0,"player_choice":"Success","damage_taken":11,"relics_obtained":["Eternal Feather"],"max_hp_gain":0,"max_hp_loss":0,"event_name":"Scrap Ooze","floor":2,"gold_loss":0},{"damage_healed":0,"gold_gain":0,"player_choice":"Entered Light","damage_taken":21,"max_hp_gain":0,"max_hp_loss":0,"event_name":"Shining Light","floor":3,"gold_loss":0,"cards_upgraded":["Defend_B","Strike_B"]},{"cards_removed":["Strike_B"],"damage_healed":0,"gold_gain":0,"player_choice":"Forget","damage_taken":0,"max_hp_gain":0,"max_hp_loss":0,"event_name":"Living Wall","floor":4,"gold_loss":0},{"damage_healed":0,"gold_gain":0,"player_choice":"Donut","damage_taken":0,"max_hp_gain":5,"max_hp_loss":0,"event_name":"Big Fish","floor":8,"gold_loss":0},{"damage_healed":0,"gold_gain":0,"player_choice":"Fought Mushrooms","damage_taken":0,"max_hp_gain":0,"max_hp_loss":0,"event_name":"Mushrooms","floor":13,"gold_loss":0},{"cards_removed":["Strike_B"],"damage_healed":0,"gold_gain":0,"player_choice":"Elegance","damage_taken":0,"max_hp_gain":0,"max_hp_loss":0,"event_name":"Back to Basics","floor":19,"gold_loss":0},{"cards_removed":["Strike_B"],"damage_healed":0,"gold_gain":0,"player_choice":"Gave Gold","damage_taken":0,"max_hp_gain":0,"max_hp_loss":0,"event_name":"Beggar","floor":20,"gold_loss":75},{"damage_healed":0,"gold_gain":0,"player_choice":"Shed Blood","damage_taken":28,"max_hp_gain":5,"max_hp_loss":0,"event_name":"Forgotten Altar","floor":31,"gold_loss":0},{"damage_healed":0,"gold_gain":0,"player_choice":"Fight","damage_taken":0,"max_hp_gain":0,"max_hp_loss":0,"event_name":"Mysterious Sphere","floor":38,"gold_loss":0},{"damage_healed":0,"gold_gain":0,"player_choice":"Fight","damage_taken":0,"max_hp_gain":0,"max_hp_loss":0,"event_name":"MindBloom","floor":39,"gold_loss":0}],"is_beta":false,"boss_relics":[{"not_picked":["Cursed Key","Runic Pyramid"],"picked":"Tiny House"},{"not_picked":["Velvet Choker","Runic Dome"],"picked":"Philosopher\u0027s Stone"}],"items_purged_floors":[22,29,37],"is_endless":false,"potions_floor_spawned":[5,18,27,30,33,35,38,39,41,44,47,48],"killed_by":"Donu and Deca","ascension_level":20}}