{"host":"xp27heuvanyklt0b","time":1613476135,"event":{"mods":["100% Spire Juice","BaseMod","CapriCore","Koishi","Lobotomy","Minty Spire (QoL Compilation)","StSLib","The Immortal"],"gold_per_floor":[110,110,130,149,160,194,194,220,245,245,245],"floor_reached":10,"language":"KOR","playtime":253,"items_purged":[],"score":82,"play_id":"39730e59-1115-4c99-8e33-c85616515ff1","local_time":"20210216204855","is_ascension_mode":true,"campfire_choices":[{"data":"Armaments","floor":7,"key":"SMITH"}],"circlet_count":0,"master_deck":["Strike_R","Strike_R","Strike_R","Strike_R","Defend_R","Defend_R","Defend_R","Defend_R","Bash","Spot Weakness","Spot Weakness","Carnage","Armaments+1","Evolve","Bludgeon"],"relics":["Burning Blood","NeowsBlessing","Gremlin Horn","Omamori"],"acts_visited":["Exordium"],"potions_floor_usage":[6,8,10],"damage_taken":[{"damage":0,"enemies":"2 Louse","floor":1,"turns":1},{"damage":0,"enemies":"Cultist","floor":3,"turns":1},{"damage":0,"enemies":"Small Slimes","floor":4,"turns":1},{"damage":5,"enemies":"3 Louse","floor":5,"turns":3},{"damage":34,"enemies":"Lagavulin","floor":6,"turns":6},{"damage":28,"enemies":"Gremlin Nob","floor":8,"turns":4},{"damage":30,"enemies":"Lagavulin","floor":10,"turns":5}],"seed_played":"6759255180235734408","potions_obtained":[{"floor":4,"key":"Swift Potion"},{"floor":6,"key":"SkillPotion"},{"floor":8,"key":"LiquidBronze"}],"is_trial":false,"path_per_floor":["M","?","M","M","M","E","R","E","T","E"],"character_chosen":"IRONCLAD","items_purchased":[],"campfire_rested":0,"item_purchase_floors":[],"current_hp_per_floor":[80,80,80,80,80,52,52,30,30,0,0],"gold":245,"neow_bonus":"THREE_ENEMY_KILL","is_daily":false,"chose_seed":false,"campfire_upgraded":1,"win_rate":0.0,"timestamp":1613476135,"path_taken":["M","?","?","M","M","E","R","E","T","E"],"items_purchased_type":[],"build_version":"2020-12-22","purchased_purges":0,"victory":false,"max_hp_per_floor":[80,80,80,80,80,80,80,80,80,80,80],"card_choices":[{"not_picked":["Flex","Armaments"],"picked":"Spot Weakness","floor":1},{"not_picked":["True Grit","Twin Strike"],"picked":"Spot Weakness","floor":3},{"not_picked":["Havoc","Dual Wield"],"picked":"Carnage","floor":4},{"not_picked":["Havoc","Whirlwind"],"picked":"Armaments","floor":5},{"not_picked":["Clothesline","Combust"],"picked":"Evolve","floor":6},{"not_picked":["Bloodletting","Body Slam"],"picked":"Bludgeon","floor":8}],"player_experience":307651,"relics_obtained":[{"floor":6,"key":"Gremlin Horn"},{"floor":8,"key":"Omamori"}],"event_choices":[{"cards_removed":["Strike_R"],"damage_healed":0,"gold_gain":0,"player_choice":"Offered Basic","damage_taken":0,"max_hp_gain":0,"max_hp_loss":0,"event_name":"Bonfire Elementals","floor":2,"gold_loss":0}],"is_beta":false,"boss_relics":[],"items_purged_floors":[],"is_endless":false,"potions_floor_spawned":[4,6,8],"killed_by":"Lagavulin","ascension_level":1}}