{"host":"2lo6hma6kymb0g9i","time":1613466163,"event":{"mods":["BaseMod","Colored Map","DeckTracker","Minty Spire (QoL Compilation)"],"gold_per_floor":[117,117,135,43,56,56,76,104,104,124,152,152,185,201,201,201,201],"floor_reached":16,"language":"JPN","playtime":870,"items_purged":["Pain"],"score":244,"play_id":"a862c80f-00e8-4349-948d-f1d0a5f64c62","local_time":"20210216180243","is_ascension_mode":true,"campfire_choices":[{"data":"Bash","floor":6.0,"key":"SMITH"},{"floor":15.0,"key":"REST"}],"circlet_count":0,"master_deck":["AscendersBane","Strike_R","Strike_R","Strike_R","Strike_R","Strike_R","Defend_R","Defend_R","Defend_R","Defend_R","Bash+1","Clothesline","Second Wind","Flame Barrier","True Grit","Pommel Strike","Immolate","Exhume"],"relics":["Burning Blood","Smiling Mask","WarpedTongs","MealTicket","The Courier","Golden Idol","Prayer Wheel"],"acts_visited":["Exordium"],"potions_floor_usage":[16],"damage_taken":[{"damage":11.0,"enemies":"Jaw Worm","floor":1.0,"turns":4.0},{"damage":6.0,"enemies":"Cultist","floor":3.0,"turns":3.0},{"damage":8.0,"enemies":"2 Louse","floor":5.0,"turns":3.0},{"damage":8.0,"enemies":"Blue Slaver","floor":7.0,"turns":4.0},{"damage":28.0,"enemies":"Gremlin Nob","floor":8.0,"turns":4.0},{"damage":6.0,"enemies":"Large Slime","floor":10.0,"turns":4.0},{"damage":20.0,"enemies":"Lagavulin","floor":11.0,"turns":5.0},{"damage":17.0,"enemies":"Gremlin Nob","floor":13.0,"turns":4.0},{"damage":4.0,"enemies":"Exordium Thugs","floor":14.0,"turns":4.0},{"damage":30,"enemies":"Slime Boss","floor":16,"turns":6}],"seed_played":"-9014244087037277596","potions_obtained":[{"floor":3.0,"key":"SneckoOil"},{"floor":5.0,"key":"Block Potion"},{"floor":8.0,"key":"EssenceOfSteel"},{"floor":11.0,"key":"Dexterity Potion"},{"floor":13.0,"key":"SkillPotion"}],"is_trial":false,"path_per_floor":["M","?","M","$","M","R","M","E","T","M","E","?","E","M","R","B"],"character_chosen":"IRONCLAD","items_purchased":["Flame Barrier"],"campfire_rested":1,"item_purchase_floors":[4],"current_hp_per_floor":[63,63,63,63,61,61,59,37,37,37,23,23,12,14,34,4,4],"gold":201,"neow_bonus":"RANDOM_COMMON_RELIC","is_daily":false,"chose_seed":false,"campfire_upgraded":1,"win_rate":0.0,"timestamp":1613466163,"path_taken":["M","?","?","$","M","R","M","E","T","M","E","?","E","M","R","BOSS"],"items_purchased_type":["Card"],"build_version":"2020-12-22","purchased_purges":1,"victory":false,"max_hp_per_floor":[75,75,75,75,75,75,75,75,75,75,75,68,68,68,68,68,68],"card_choices":[{"not_picked":["Wild Strike","Heavy Blade"],"picked":"Clothesline","floor":1.0},{"not_picked":["Perfected Strike","Reckless Charge"],"picked":"Second Wind","floor":3.0},{"not_picked":["Ghostly Armor","Flex"],"picked":"True Grit","floor":5.0},{"not_picked":["Rupture","Twin Strike"],"picked":"Pommel Strike","floor":7.0},{"not_picked":["Sever Soul","Exhume"],"picked":"Immolate","floor":8.0},{"not_picked":["Flex","Twin Strike","Anger"],"picked":"SKIP","floor":10.0},{"not_picked":["Whirlwind","Pommel Strike","Clash"],"picked":"SKIP","floor":11.0},{"not_picked":["Entrench","Perfected Strike","Clothesline"],"picked":"SKIP","floor":13.0},{"not_picked":["Entrench","Perfected Strike","Clothesline"],"picked":"SKIP","floor":13.0},{"not_picked":["Power Through","Headbutt"],"picked":"Exhume","floor":14.0},{"not_picked":["Clash","Havoc","Clothesline"],"picked":"SKIP","floor":14.0}],"player_experience":1212067,"relics_obtained":[{"floor":8.0,"key":"MealTicket"},{"floor":11.0,"key":"The Courier"},{"floor":13.0,"key":"Prayer Wheel"}],"event_choices":[{"damage_healed":0.0,"max_hp_gain":0.0,"max_hp_loss":0.0,"gold_gain":0.0,"event_name":"Accursed Blacksmith","player_choice":"Rummage","floor":2.0,"gold_loss":0.0,"damage_taken":0.0,"relics_obtained":["WarpedTongs"],"cards_obtained":["Pain"]},{"damage_healed":0.0,"max_hp_gain":0.0,"max_hp_loss":7.0,"gold_gain":0.0,"event_name":"Golden Idol","player_choice":"Lose Max HP","floor":12.0,"gold_loss":0.0,"damage_taken":0.0,"relics_obtained":["Golden Idol"]}],"is_beta":false,"boss_relics":[],"items_purged_floors":[4],"is_endless":false,"potions_floor_spawned":[3,5,8,11,13],"killed_by":"Slime Boss","ascension_level":20}}