{"host":"t1puqh5lxz8sp6fn","time":1613509807,"event":{"mods":["AchievementEnabler","BaseMod","Colored Powertips","Minty Spire (QoL Compilation)","Rare Cards Sparkle","Relic Stats","StSLib"],"gold_per_floor":[109,122,140,17,27,27,27,54,54,54,89,103,128,140,140,219,219,234,244,244,189,67,92,110,110,110,110,110],"floor_reached":27,"playtime":4074,"items_purged":["Zap"],"score":443,"play_id":"759e4699-bae2-4405-ad39-a9df0ca17cd1","local_time":"20210216181007","is_ascension_mode":true,"campfire_choices":[{"data":"Reprogram","floor":6.0,"key":"SMITH"},{"data":"Beam Cell","floor":15.0,"key":"SMITH"},{"data":"Buffer","floor":25,"key":"SMITH"}],"circlet_count":0,"master_deck":["AscendersBane","Strike_B","Strike_B","Strike_B","Strike_B","Defend_B","Defend_B","Defend_B+1","Defend_B+1","Dualcast","Buffer+1","Go for the Eyes","Reprogram+1","Reprogram+1","Beam Cell+1","Undo","Self Repair","Recycle","White Noise","Leap","Fusion","Buffer","CurseOfTheBell","Heatsinks+1","Compile Driver","Rebound","Hologram+1","Sweeping Beam"],"relics":["Cracked Core","HornCleat","Cables","Meat on the Bone","War Paint","FossilizedHelix","Calling Bell","Oddly Smooth Stone","Frozen Egg 2","Thread and Needle","Question Card","Strawberry","Bottled Lightning"],"acts_visited":["Exordium","TheCity"],"potions_floor_usage":[24,27],"damage_taken":[{"damage":0.0,"enemies":"Cultist","floor":1.0,"turns":4.0},{"damage":6.0,"enemies":"Small Slimes","floor":2.0,"turns":3.0},{"damage":0.0,"enemies":"2 Louse","floor":3.0,"turns":2.0},{"damage":12.0,"enemies":"Red Slaver","floor":5.0,"turns":5.0},{"damage":32.0,"enemies":"3 Sentries","floor":8.0,"turns":12.0},{"damage":4.0,"enemies":"Lagavulin","floor":11.0,"turns":8.0},{"damage":0.0,"enemies":"3 Louse","floor":12.0,"turns":6.0},{"damage":13.0,"enemies":"Gremlin Nob","floor":13.0,"turns":6.0},{"damage":0.0,"enemies":"Large Slime","floor":14.0,"turns":9.0},{"damage":4.0,"enemies":"The Guardian","floor":16.0,"turns":14.0},{"damage":0.0,"enemies":"Chosen","floor":18.0,"turns":8.0},{"damage":2.0,"enemies":"Spheric Guardian","floor":19.0,"turns":10.0},{"damage":45.0,"enemies":"Book of Stabbing","floor":23.0,"turns":8.0},{"damage":49,"enemies":"Cultist and Chosen","floor":24,"turns":10},{"damage":51,"enemies":"Slavers","floor":27,"turns":4}],"seed_played":"6725724766130205492","potions_obtained":[{"floor":5.0,"key":"FearPotion"},{"floor":8.0,"key":"Explosive Potion"},{"floor":11.0,"key":"FairyPotion"},{"floor":18.0,"key":"FearPotion"},{"floor":24,"key":"GamblersBrew"}],"is_trial":false,"path_per_floor":["M","M","M","$","M","R","T","E","T","?","E","M","E","M","R","B",null,"M","M","?","?","$","E","M","R","T","E"],"character_chosen":"DEFECT","items_purchased":["Beam Cell","Undo","Rebound"],"campfire_rested":0,"item_purchase_floors":[4,4,22],"current_hp_per_floor":[64,58,58,58,46,46,46,21,21,21,36,43,42,49,49,52,66,71,71,71,71,71,52,22,22,22,0,0],"gold":110,"neow_bonus":"ONE_RANDOM_RARE_CARD","is_daily":false,"chose_seed":false,"campfire_upgraded":3,"win_rate":0.0,"timestamp":1613509807,"path_taken":["M","M","M","$","M","R","?","E","T","?","E","M","E","?","R","BOSS","M","M","?","?","$","E","M","R","T","E"],"items_purchased_type":["Card","Card","Card"],"build_version":"2020-12-13","purchased_purges":1,"victory":false,"max_hp_per_floor":[71,71,71,71,71,71,71,71,71,71,71,71,71,71,71,71,71,71,71,71,71,71,78,78,78,78,78,78],"relic_stats":{"counters":[15,109],"War Paint":["Defend_B","Defend_B"],"Question Card":2,"obtain_stats":[{"Oddly Smooth Stone":17,"Thread and Needle":17,"War Paint":11,"Frozen Egg 2":17,"Question Card":21,"Cables":8,"Calling Bell":17,"HornCleat":7,"Strawberry":23,"Bottled Lightning":26,"Cracked Core":0,"FossilizedHelix":13,"Meat on the Bone":9},{"Oddly Smooth Stone":10,"Thread and Needle":10,"War Paint":6,"Frozen Egg 2":10,"Question Card":12,"Cables":5,"Calling Bell":10,"HornCleat":4,"Strawberry":13,"Bottled Lightning":14,"Cracked Core":0,"FossilizedHelix":8,"Meat on the Bone":5},{"Oddly Smooth Stone":69,"Thread and Needle":69,"War Paint":34,"Frozen Egg 2":69,"Question Card":87,"Cables":26,"Calling Bell":69,"HornCleat":14,"Strawberry":95,"Bottled Lightning":105,"Cracked Core":0,"FossilizedHelix":46,"Meat on the Bone":26}],"Cables":[53,40,0,0,13],"Meat on the Bone":48},"card_choices":[{"not_picked":["Coolheaded","Stack"],"picked":"Go for the Eyes","floor":1.0},{"not_picked":["Heatsinks","Skim"],"picked":"Reprogram","floor":2.0},{"not_picked":["Compile Driver","Coolheaded"],"picked":"Reprogram","floor":3.0},{"not_picked":["Compile Driver","Cold Snap"],"picked":"Self Repair","floor":5.0},{"not_picked":["Reboot","Rainbow"],"picked":"Recycle","floor":8.0},{"not_picked":["Rebound","Redo"],"picked":"White Noise","floor":11.0},{"not_picked":["Coolheaded","Ball Lightning"],"picked":"Leap","floor":12.0},{"not_picked":["Hello World","Streamline"],"picked":"Fusion","floor":13.0},{"not_picked":["Fusion","Rebound","Lockon"],"picked":"SKIP","floor":14.0},{"not_picked":["Amplify","Biased Cognition"],"picked":"Buffer","floor":16.0},{"not_picked":["BootSequence","Double Energy"],"picked":"Heatsinks+1","floor":18.0},{"not_picked":["Stack","Cold Snap"],"picked":"Compile Driver","floor":19.0},{"not_picked":["Redo+1","Steam","Consume"],"picked":"Hologram+1","floor":23.0},{"not_picked":["Steam","Compile Driver","Rebound"],"picked":"Sweeping Beam","floor":24}],"player_experience":535325,"relics_obtained":[{"floor":7.0,"key":"HornCleat"},{"floor":8.0,"key":"Cables"},{"floor":9.0,"key":"Meat on the Bone"},{"floor":11.0,"key":"War Paint"},{"floor":13.0,"key":"FossilizedHelix"},{"floor":17.0,"key":"Oddly Smooth Stone"},{"floor":17.0,"key":"Frozen Egg 2"},{"floor":17.0,"key":"Thread and Needle"},{"floor":23.0,"key":"Strawberry"},{"floor":26,"key":"Bottled Lightning"}],"event_choices":[{"damage_healed":0.0,"max_hp_gain":0.0,"max_hp_loss":0.0,"gold_gain":0.0,"event_name":"Accursed Blacksmith","player_choice":"Forge","floor":10.0,"gold_loss":0.0,"damage_taken":0.0,"cards_upgraded":["Reprogram"]},{"damage_healed":0.0,"max_hp_gain":0.0,"max_hp_loss":0.0,"gold_gain":0.0,"event_name":"Ghosts","player_choice":"Ignored","floor":20.0,"gold_loss":0.0,"damage_taken":0.0},{"damage_healed":0.0,"max_hp_gain":0.0,"max_hp_loss":0.0,"gold_gain":0.0,"event_name":"WeMeetAgain","player_choice":"Paid Gold","floor":21.0,"gold_loss":55.0,"damage_taken":0.0,"relics_obtained":["Question Card"]}],"is_beta":false,"boss_relics":[{"not_picked":["Sozu","Velvet Choker"],"picked":"Calling Bell"}],"items_purged_floors":[22],"is_endless":false,"potions_floor_spawned":[5,8,11,12,18,24],"killed_by":"Slavers","ascension_level":15}}