{"host":"19tvufa8xx4wr4o1","time":1613518019,"event":{"mods":["AchievementEnabler","BaseMod","Better Sensory Stone","Better Third Choice","Highlight Path","Minty Spire (QoL Compilation)","Relic Stats","StSLib"],"gold_per_floor":[114,35,35,55,68,68,103,103,130,130,130],"floor_reached":10,"language":"ENG","playtime":300,"items_purged":[],"score":129,"play_id":"56f48640-d166-40ef-9244-c0ac3d3bdf29","local_time":"20210216172659","is_ascension_mode":true,"campfire_choices":[{"data":"Bullet Time","floor":6,"key":"SMITH"},{"floor":8,"key":"REST"}],"circlet_count":0,"master_deck":["AscendersBane","Strike_G","Strike_G","Strike_G","Strike_G","Defend_G","Defend_G","Defend_G","Defend_G","Defend_G","Survivor","Neutralize","Slice","Noxious Fumes","Accuracy","Bullet Time+1","Slice"],"relics":["WristBlade","CeramicFish","Centennial Puzzle"],"acts_visited":["Exordium"],"potions_floor_usage":[7],"damage_taken":[{"damage":0,"enemies":"2 Louse","floor":1,"turns":3},{"damage":6,"enemies":"Cultist","floor":4,"turns":5},{"damage":7,"enemies":"Small Slimes","floor":5,"turns":4},{"damage":42,"enemies":"Gremlin Nob","floor":7,"turns":6},{"damage":30,"enemies":"3 Sentries","floor":10,"turns":5}],"seed_played":"7567770621830154231","potions_obtained":[{"floor":4,"key":"Block Potion"}],"is_trial":false,"path_per_floor":["M","$","?","M","M","R","E","R","T","E"],"character_chosen":"THE_SILENT","items_purchased":["Noxious Fumes"],"campfire_rested":1,"item_purchase_floors":[2],"current_hp_per_floor":[59,59,59,53,46,46,4,23,23,0,0],"gold":130,"neow_bonus":"BOSS_RELIC","is_daily":false,"chose_seed":false,"campfire_upgraded":1,"win_rate":0.0,"timestamp":1613518019,"path_taken":["M","$","?","M","?","R","E","R","T","E"],"items_purchased_type":["Card"],"build_version":"2020-12-22","purchased_purges":0,"victory":false,"max_hp_per_floor":[66,66,66,66,66,66,66,66,66,66,66],"relic_stats":{"Centennial Puzzle":[3],"counters":[5,23],"CeramicFish":9,"obtain_stats":[{"Centennial Puzzle":9,"WristBlade":0,"CeramicFish":7,"Ring of the Snake":0},{"Centennial Puzzle":4,"WristBlade":0,"CeramicFish":4,"Ring of the Snake":0},{"Centennial Puzzle":18,"WristBlade":0,"CeramicFish":18,"Ring of the Snake":0}]},"card_choices":[{"not_picked":["PiercingWail","Backstab"],"picked":"Slice","floor":1},{"not_picked":["Backflip","Dagger Throw"],"picked":"Accuracy","floor":4},{"not_picked":["Cloak And Dagger","Eviscerate"],"picked":"Bullet Time","floor":5},{"not_picked":["Outmaneuver","Prepared"],"picked":"Slice","floor":7}],"player_experience":644291,"relics_obtained":[{"floor":7,"key":"CeramicFish"},{"floor":9,"key":"Centennial Puzzle"}],"event_choices":[{"cards_removed":["Strike_G"],"damage_healed":0,"gold_gain":0,"player_choice":"Purged","damage_taken":0,"max_hp_gain":0,"max_hp_loss":0,"event_name":"Purifier","floor":3,"gold_loss":0}],"is_beta":false,"boss_relics":[],"items_purged_floors":[],"is_endless":false,"potions_floor_spawned":[4],"killed_by":"3 Sentries","ascension_level":19}}