{"host":"uv5ws9rdk87e8i5k","time":1613446189,"event":{"mods":["AchievementEnabler","BaseMod","Colored Map","Minty Spire (QoL Compilation)","Permanent Neow","Quick Restart","StSLib","SuperFastMode","The Necromancer"],"gold_per_floor":[361,374,43,54,67,101,101,128,151,163,163,163],"floor_reached":11,"language":"ENG","playtime":224,"items_purged":["Strike_B"],"score":106,"play_id":"1bbd4846-c10c-4b97-901b-4f810341cda0","local_time":"20210215212949","is_ascension_mode":true,"campfire_choices":[{"floor":7,"key":"REST"}],"circlet_count":0,"master_deck":["Strike_B","Strike_B","Strike_B","Defend_B","Defend_B","Defend_B","Defend_B","Zap","Dualcast","Sweeping Beam","Hello World","FTL","Capacitor","Chaos","White Noise","Undo","Electrodynamics","Glacier","BootSequence"],"relics":["Cracked Core","Vajra","Smiling Mask","Art of War"],"acts_visited":["Exordium"],"potions_floor_usage":[6,6,8],"damage_taken":[{"damage":0,"enemies":"Cultist","floor":1,"turns":3},{"damage":2,"enemies":"Jaw Worm","floor":2,"turns":3},{"damage":6,"enemies":"2 Louse","floor":4,"turns":2},{"damage":14,"enemies":"Exordium Thugs","floor":5,"turns":4},{"damage":10,"enemies":"3 Sentries","floor":6,"turns":3},{"damage":34,"enemies":"Gremlin Nob","floor":8,"turns":4},{"damage":6,"enemies":"Looter","floor":10,"turns":2},{"damage":18,"enemies":"3 Sentries","floor":11,"turns":2}],"seed_played":"5840325072213346461","potions_obtained":[{"floor":2,"key":"ColorlessPotion"},{"floor":6,"key":"SkillPotion"},{"floor":10,"key":"PowerPotion"}],"is_trial":false,"path_per_floor":["M","M","$","M","M","E","R","E","T","M","E"],"character_chosen":"DEFECT","items_purchased":["FTL","Capacitor","Chaos","Regen Potion"],"campfire_rested":1,"item_purchase_floors":[3,3,3,3],"current_hp_per_floor":[54,52,52,46,32,31,53,19,19,13,0,0],"gold":163,"neow_bonus":"TWO_FIFTY_GOLD","is_daily":false,"chose_seed":false,"campfire_upgraded":0,"win_rate":0.0,"timestamp":1613446189,"path_taken":["M","M","$","M","M","E","R","E","T","M","E"],"items_purchased_type":["Card","Card","Card","Potion"],"build_version":"2020-12-22","purchased_purges":1,"victory":false,"max_hp_per_floor":[75,75,75,75,75,75,75,75,75,75,75,75],"card_choices":[{"not_picked":["Recycle","Double Energy"],"picked":"Sweeping Beam","floor":1},{"not_picked":["Redo","Force Field"],"picked":"Hello World","floor":2},{"not_picked":["Turbo","Leap"],"picked":"White Noise","floor":4},{"not_picked":["Compile Driver","Redo"],"picked":"Undo","floor":5},{"not_picked":["Stack","Beam Cell"],"picked":"Electrodynamics","floor":6},{"not_picked":["Gash","Streamline"],"picked":"Glacier","floor":8},{"not_picked":["Go for the Eyes","Stack"],"picked":"BootSequence","floor":10}],"player_experience":202492,"relics_obtained":[{"floor":6,"key":"Vajra"},{"floor":8,"key":"Smiling Mask"},{"floor":9,"key":"Art of War"}],"event_choices":[],"is_beta":false,"boss_relics":[],"items_purged_floors":[3],"is_endless":false,"potions_floor_spawned":[2,6,10],"killed_by":"3 Sentries","ascension_level":5}}