{"host":"v0xbo920qxoewo3e","time":1613484818,"event":{"mods":["Act Like it!","Aspiration","Astrologer","BaseMod","Conspire","Downfall","Friendly Minions","GifTheSpireLib","Halation","Hermit","Hubris","Infinite Spire","Jedi Mod","Jorbs\u0027s Wanderer Trilogy","Koishi","Marisa????????","Minty Spire (QoL Compilation)","Potionbrewer","Rare Cards Sparkle","Reimu??????","Remilia??????","Replay The Spire","StSLib","Stuff the Spire","The Animator","The Blackbeard","The Bladedancer","The Bug Knight","The Construct","The Cursed","The Disciple","The Gatherer","The Jungle","The Problem Sleuth","The Runesmith","The Servant 0.9.4","TheBandit","Unceasing Turn Reminder"],"gold_per_floor":[99,111,126,136,151,151,151,166,166,182,182,194,194,207,217,317,317,317,329,341,361,406,101,128,128,162,178,193,205,205,37,57,160,160,160,172,188,288,305,321,321,450,468,368,394,405,405,415,432,432],"floor_reached":51,"language":"ENG","playtime":4601,"items_purged":["Guardian:Strike_Guardian","Guardian:Strike_Guardian"],"score":728,"play_id":"1966dc44-cfba-4c00-b1e6-782a93ae1099","local_time":"20210216161338","is_ascension_mode":false,"campfire_choices":[{"data":"Guardian:Defend_Guardian","floor":1,"key":"SMITH"},{"data":"Guardian:Defend_Guardian","floor":6,"key":"SMITH"},{"data":"Guardian:Defend_Guardian","floor":11,"key":"SMITH"},{"data":"Guardian:Orbwalk","floor":13,"key":"SMITH"},{"data":"Guardian:Orbwalk","floor":18,"key":"SMITH"},{"floor":30,"key":"REST"},{"data":"Guardian:CompilePackage","floor":35,"key":"SMITH"},{"data":"Guardian:Suspension","floor":44,"key":"SMITH"},{"floor":47,"key":"REST"}],"circlet_count":0,"master_deck":["Guardian:Strike_Guardian","Guardian:Defend_Guardian+1","Guardian:Defend_Guardian+1","Guardian:Defend_Guardian+1","Guardian:Defend_Guardian+1","Guardian:CurlUp","Guardian:TwinSlam","Guardian:Orbwalk+1","Guardian:Clone","Guardian:Orbwalk+1","Guardian:TimeSifter","Guardian:Suspension+1","Guardian:Preprogram+1","Guardian:BronzeArmor+1","Guardian:MultiBeam","Guardian:ArmoredProtocol+1","Guardian:PolyBeam","Conserve Battery+1","Core Surge","Conserve Battery+1","Guardian:MultiBeam","Guardian:CompilePackage+1","Guardian:DecasProtection","Guardian:TemporalShield+1","Guardian:Orbwalk+1","Guardian:Suspension+1","Pot Of Greed","Pot Of Greed","Pot Of Greed","Parasite","Guardian:Suspension+1"],"relics":["Guardian:ModeShifter","Smiling Mask","aspiration:DefectSkillbook","StuffTheSpire:Mouthbags","Happy Flower","potionbrewer:RamsHorn","Strawberry","halation:PromiseList","Replay:Grab Bag","Replay:Fungal Core","Painkiller Herb","halation:PinkAlligatorPlush","Durian","Grinning Jar","downfall:HeartBlessingGreen","jedi:shrinkray"],"acts_visited":["Exordium","TheCity","TheBeyond"],"potions_floor_usage":[12,23,50,50],"damage_taken":[{"damage":9,"enemies":"infinitespire:Voidling","floor":2,"turns":5},{"damage":0,"enemies":"conspire:RoseBush","floor":3,"turns":4},{"damage":1,"enemies":"Cultist","floor":4,"turns":4},{"damage":8,"enemies":"Gremlin Gang","floor":5,"turns":6},{"damage":5,"enemies":"Exordium Thugs","floor":8,"turns":5},{"damage":8,"enemies":"Exordium Wildlife","floor":10,"turns":5},{"damage":6,"enemies":"3 Louse","floor":12,"turns":2},{"damage":10,"enemies":"Blue Slaver","floor":14,"turns":4},{"damage":7,"enemies":"Gremlin Gang","floor":15,"turns":2},{"damage":24,"enemies":"DF_ARCHETYPE_STREAMLINE","floor":16,"turns":9},{"damage":2,"enemies":"Chosen","floor":19,"turns":6},{"damage":14,"enemies":"downfall:LooterAlt2","floor":20,"turns":4},{"damage":10,"enemies":"Centurion and Healer","floor":21,"turns":5},{"damage":2,"enemies":"downfall:FleeingMerchant","floor":23,"turns":4},{"damage":7,"enemies":"Replay:Snechameleon","floor":26,"turns":6},{"damage":0,"enemies":"Chosen and Byrds","floor":27,"turns":6},{"damage":8,"enemies":"Shelled Parasite and Fungi","floor":28,"turns":5},{"damage":10,"enemies":"Centurion and Healer","floor":29,"turns":4},{"damage":7,"enemies":"downfall:FleeingMerchant","floor":31,"turns":4},{"damage":0,"enemies":"3 Cultists","floor":32,"turns":2},{"damage":0,"enemies":"WA_ARCHETYPE_CALM","floor":33,"turns":8},{"damage":0,"enemies":"3 Darklings","floor":36,"turns":1},{"damage":1,"enemies":"Orb Walker","floor":37,"turns":2},{"damage":3,"enemies":"Transient","floor":39,"turns":5},{"damage":11,"enemies":"Maw","floor":40,"turns":5},{"damage":6,"enemies":"downfall:FleeingMerchant","floor":42,"turns":4},{"damage":18,"enemies":"Writhing Mass","floor":43,"turns":5},{"damage":14,"enemies":"Nightmare","floor":45,"turns":3},{"damage":0,"enemies":"Sphere and 2 Shapes","floor":46,"turns":4},{"damage":0,"enemies":"3 Darklings","floor":48,"turns":2},{"damage":0,"enemies":"Transient","floor":49,"turns":5},{"damage":35,"enemies":"IC_BLOCK_ARCHETYPE","floor":50,"turns":6}],"seed_played":"8238991842562942933","potions_obtained":[{"floor":2,"key":"PowerPotion"},{"floor":3,"key":"Energy Potion"},{"floor":4,"key":"Toxic Potion"},{"floor":19,"key":"Fire Potion"},{"floor":29,"key":"Fire Potion"},{"floor":32,"key":"jedi:hoardpotion"}],"is_trial":false,"path_per_floor":["R","M","M","M","M","R","T","M","?","M","R","M","R","M","M","B",null,"R","M","M","M","T","$","T","T","E","M","M","M","R","$","M","B",null,"T","?","?","?","?","?","T","T","?","T","NM","?","T","?","?","B",null],"character_chosen":"GUARDIAN","items_purchased":["Guardian:PolyBeam","Conserve Battery+1","Core Surge","halation:PromiseList","Grinning Jar"],"campfire_rested":2,"item_purchase_floors":[23,23,23,31,42],"current_hp_per_floor":[80,75,75,74,66,66,66,61,61,53,53,47,47,37,30,6,80,80,78,64,54,54,52,52,52,52,52,44,34,60,53,53,53,87,87,87,86,86,83,72,77,71,53,53,39,39,66,66,66,31],"gold":432,"neow_bonus":"TRANSFORM_CARD","is_daily":false,"chose_seed":false,"campfire_upgraded":7,"win_rate":0.0,"timestamp":1613484818,"path_taken":["R","M","M","M","?","R","T","M","?","?","R","M","R","?","M","BOSS","R","M","M","?","?","?","T","?","E","M","?","M","R","$","M","BOSS","T","?","?","?","?","?","T","?","?","T","NM","?","T","?","?","BOSS"],"items_purchased_type":["Card","Card","Card","Relic","Relic"],"build_version":"2020-12-22","purchased_purges":2,"victory":true,"max_hp_per_floor":[80,80,80,80,80,80,80,80,80,80,80,80,80,80,80,80,80,80,80,80,80,80,80,80,80,87,87,87,87,87,87,87,87,87,87,87,87,87,87,87,92,92,92,92,92,92,92,92,92,92],"card_choices":[{"not_picked":["Guardian:CrystalBeam","Guardian:Gem_Red"],"picked":"Guardian:Gem_Crimson","floor":2},{"not_picked":["Guardian:CrystalBeam","Guardian:TemporalShield"],"picked":"Guardian:Clone","floor":3},{"not_picked":["Guardian:VentSteam","Guardian:PrimingBeam","Guardian:Harden"],"picked":"SKIP","floor":4},{"not_picked":["Guardian:TemporalShield","Guardian:VentSteam"],"picked":"Guardian:Orbwalk","floor":5},{"not_picked":["Guardian:RollAttack","Guardian:Gem_Lightblue"],"picked":"Guardian:TimeSifter","floor":8},{"not_picked":["Guardian:PrismaticBarrier","Guardian:TimeCapacitor"],"picked":"Guardian:Suspension","floor":10},{"not_picked":["Guardian:CrystalBeam","Guardian:Gem_Yellow"],"picked":"Guardian:Gem_Purple","floor":12},{"not_picked":["Guardian:Gem_Blue","Guardian:Gem_Red"],"picked":"Guardian:MultiBeam","floor":14},{"not_picked":["Guardian:VentSteam","Guardian:Suspension"],"picked":"Guardian:Gem_Fragmented","floor":15},{"not_picked":["Guardian:StasisStrike","Guardian:RevengeProtocol"],"picked":"Guardian:Gem_Synthetic","floor":16},{"not_picked":["jedi:BurstLightning+1","Storm","Turbo","Cold Snap"],"picked":"SKIP","floor":19},{"not_picked":["Heatsinks","jedi:BurstFrost+1","Compile Driver"],"picked":"Guardian:Preprogram+1","floor":20},{"not_picked":["BasicCrystalCard+1","Guardian:ConstructionForm","Loop"],"picked":"Guardian:BronzeArmor+1","floor":21},{"not_picked":["Guardian:SpikerProtocol+1","ReplayTheSpireMod:Calculation Training","ReplayTheSpireMod:GoodbyeWorld"],"picked":"Guardian:ArmoredProtocol+1","floor":23},{"not_picked":["StuffTheSpire:Synthwave","Steam","Guardian:Incinerate","Sweeping Beam"],"picked":"SKIP","floor":26},{"not_picked":["ReplaySolidLightProjector+1","Panic Button","StuffTheSpire:Rend"],"picked":"Conserve Battery+1","floor":27},{"not_picked":["Sweeping Beam","StuffTheSpire:CleanHardDrive","Seek"],"picked":"Guardian:Gem_Crimson","floor":28},{"not_picked":["jedi:blockon","Guardian:ChargeCore+1","Guardian:BodySlam+1","Coolheaded"],"picked":"SKIP","floor":29},{"not_picked":["Consume","jedi:BurstFrost","jedi:markofdeath+1"],"picked":"Guardian:MultiBeam","floor":31},{"not_picked":["Guardian:PiercingHide","jedi:BurstFrost","StuffTheSpire:ShieldGenerator+1","Cold Snap"],"picked":"SKIP","floor":32},{"not_picked":["Guardian:RevengeProtocol","hubris:SpecializedCircuitry","StuffTheSpire:LaunchingStrike"],"picked":"Guardian:CompilePackage","floor":33},{"not_picked":["Stack+1","Glacier","Consume+1"],"picked":"Guardian:DecasProtection","floor":36},{"not_picked":["Turbo+1","Steam+1","Sweeping Beam"],"picked":"Guardian:TemporalShield+1","floor":37},{"not_picked":["Guardian:ArmoredProtocol","Compile Driver+1","Guardian:Suspension"],"picked":"Guardian:Orbwalk+1","floor":39},{"not_picked":["BootSequence+1","Darkness+1","Melter","jedi:blockon+1"],"picked":"SKIP","floor":40},{"not_picked":["Guardian:DonusPower+1","Hologram+1","StuffTheSpire:LoadUp"],"picked":"Guardian:Suspension+1","floor":42},{"not_picked":["Turbo+1","Fusion","Darkness","Loop+1"],"picked":"SKIP","floor":43},{"not_picked":["Leap","Guardian:Recover","Chill+1","ReplayTheSpireMod:Calculation Training"],"picked":"SKIP","floor":45},{"not_picked":["Guardian:Gem_Green","BasicCrystalCard+1","Guardian:Repulse+1"],"picked":"Guardian:Suspension+1","floor":46},{"not_picked":["FIFO Queue","Guardian:Reroute+1","ReplaySort+1","Guardian:PrismaticBarrier"],"picked":"SKIP","floor":48},{"not_picked":["Guardian:ShieldCharger+1","Ball Lightning+1","Guardian:RefractedBeam","Panic Button"],"picked":"SKIP","floor":49}],"player_experience":1512960,"relics_obtained":[{"floor":7,"key":"Smiling Mask"},{"floor":22,"key":"StuffTheSpire:Mouthbags"},{"floor":24,"key":"Happy Flower"},{"floor":25,"key":"potionbrewer:RamsHorn"},{"floor":26,"key":"Strawberry"},{"floor":41,"key":"Durian"},{"floor":45,"key":"jedi:shrinkray"}],"event_choices":[],"is_beta":false,"boss_relics":[{"not_picked":["halation:Risk","Ring of Chaos"],"picked":"aspiration:DefectSkillbook"},{"not_picked":["StuffTheSpire:ModemDavis","aspiration:SecretTechniqueScroll"],"picked":"Replay:Grab Bag"},{"not_picked":["halation:IncompleteEncyclopedia","halation:SmartPhone"],"picked":"Replay:Fungal Core"},{"not_picked":["hubris:RunicObelisk","ReplayTheSpireMod:DimensionalGlitch"],"picked":"Painkiller Herb"},{"not_picked":["conspire:RunicOctahedron","halation:MonkeysPaw"],"picked":"halation:PinkAlligatorPlush"}],"items_purged_floors":[23,42],"is_endless":false,"potions_floor_spawned":[2,3,4,5,19,29,32,33,36,39,45,48,49],"ascension_level":0}}