{"host":"njcl8kinlkfw245p","time":1613513337,"event":{"mods":["BaseMod","Block Reminder","Colored Map","Googly Eyes","KinomotoSakuraMod(????)","Minty Spire (QoL Compilation)","StSLib","The Senshi","Unceasing Turn Reminder","everything is the same but u backflip on backflip"],"gold_per_floor":[111,81,96,0,14,40,40,68,68,68,68,84,84,84,84,163,163,176,101,151,164,74,74,74,74],"floor_reached":24,"language":"ENG","playtime":1355,"items_purged":[],"score":420,"play_id":"b2e5d7c7-db22-4cb3-9800-64e5bfe43332","local_time":"20210216140857","is_ascension_mode":true,"campfire_choices":[{"data":"theSenshi:MoonCrisisMakeUp","floor":7,"key":"SMITH"},{"data":"theSenshi:MoonGorgeousMeditation","floor":11,"key":"SMITH"},{"floor":13,"key":"REST"},{"data":"theSenshi:MoonCrisisMakeUp","floor":15,"key":"SMITH"},{"data":"theSenshi:TuxedoMaskAssists","floor":23,"key":"SMITH"}],"circlet_count":0,"master_deck":["AscendersBane","theSenshi:SailorKick","theSenshi:SailorKick","theSenshi:SailorKick","theSenshi:SailorBlock","theSenshi:SailorBlock+1","theSenshi:SailorBlock","theSenshi:SailorBlock","theSenshi:RoseThrow+1","theSenshi:MoonPrismPowerMakeUp","CurseOfTheBell","theSenshi:MoonCrisisMakeUp+1","theSenshi:SailorChibiMoonAssists","theSenshi:SailorChibiMoonAssists","theSenshi:MoonCrisisMakeUp+1","theSenshi:MoonKick","theSenshi:MoonTiaraMagic","theSenshi:InTheNameOfTheMoon","theSenshi:MoonGorgeousMeditation+1","theSenshi:TuxedoMaskAssists+1","theSenshi:MoonEternalMakeUp","theSenshi:SchoolBag","theSenshi:MoonlightKnight"],"relics":["Calling Bell","War Paint","Letter Opener","Ice Cream","Omamori","Kunai","Toy Ornithopter","Black Star"],"acts_visited":["Exordium","TheCity"],"potions_floor_usage":[6,21],"damage_taken":[{"damage":0,"enemies":"Cultist","floor":1,"turns":4},{"damage":13,"enemies":"Small Slimes","floor":3,"turns":5},{"damage":12,"enemies":"Jaw Worm","floor":5,"turns":3},{"damage":19,"enemies":"3 Sentries","floor":6,"turns":10},{"damage":9,"enemies":"Lagavulin","floor":8,"turns":7},{"damage":4,"enemies":"Blue Slaver","floor":12,"turns":4},{"damage":3,"enemies":"Hexaghost","floor":16,"turns":11},{"damage":26,"enemies":"3 Byrds","floor":18,"turns":6},{"damage":14,"enemies":"Chosen","floor":21,"turns":5},{"damage":24,"enemies":"Sentry and Sphere","floor":24,"turns":3}],"seed_played":"-4086893705659127018","potions_obtained":[{"floor":3,"key":"LiquidBronze"},{"floor":5,"key":"Fire Potion"},{"floor":6,"key":"AttackPotion"}],"is_trial":false,"path_per_floor":["M","$","M","$","M","E","R","E","T","?","R","M","R","?","R","B",null,"M","?","?","M","$","R","M"],"character_chosen":"THE_SENSHI","items_purchased":["theSenshi:SailorChibiMoonAssists","theSenshi:MoonCrisisMakeUp","theSenshi:MoonKick","theSenshi:MoonlightKnight"],"campfire_rested":1,"item_purchase_floors":[2,4,4,22],"current_hp_per_floor":[68,68,55,55,43,24,24,15,15,15,15,11,33,33,33,30,64,38,38,31,22,22,22,0,0],"gold":74,"neow_bonus":"BOSS_RELIC","is_daily":false,"chose_seed":false,"campfire_upgraded":4,"win_rate":0.0,"timestamp":1613513337,"path_taken":["M","$","M","$","M","E","R","E","T","?","R","M","R","?","R","BOSS","M","?","?","M","$","R","?"],"items_purchased_type":["Card","Card","Card","Card"],"build_version":"2020-12-22","purchased_purges":0,"victory":false,"max_hp_per_floor":[75,75,75,75,75,75,75,75,75,75,75,75,75,75,75,75,75,75,75,75,75,75,75,75,75],"card_choices":[{"not_picked":["theSenshi:PlutosSolemnity","theSenshi:SailorJupiterAssists"],"picked":"theSenshi:MoonCrisisMakeUp","floor":1},{"not_picked":["theSenshi:MoonKick","theSenshi:LunasBite"],"picked":"theSenshi:SailorChibiMoonAssists","floor":3},{"not_picked":["theSenshi:SailorVenusAssists","theSenshi:MoonPunch"],"picked":"theSenshi:MoonTiaraMagic","floor":5},{"not_picked":["theSenshi:GatheringStrength","theSenshi:MoonsReflection"],"picked":"theSenshi:InTheNameOfTheMoon","floor":6},{"not_picked":["theSenshi:MoonCrystalPowerMakeUp","theSenshi:KlutzyLuck"],"picked":"theSenshi:MoonGorgeousMeditation","floor":8},{"not_picked":["theSenshi:MoonTiaraMagic","theSenshi:SailorMarsAssists"],"picked":"theSenshi:TuxedoMaskAssists","floor":12},{"not_picked":["theSenshi:SilverCrystal","theSenshi:SailorPlutoAssists"],"picked":"theSenshi:MoonEternalMakeUp","floor":16},{"not_picked":["theSenshi:MercurysCunning","theSenshi:SailorMarsAssists","theSenshi:MoonsReflection"],"picked":"SKIP","floor":18},{"not_picked":["theSenshi:SailorMercuryAssists","theSenshi:Sidestep"],"picked":"theSenshi:SchoolBag","floor":21}],"player_experience":947049,"relics_obtained":[{"floor":0,"key":"War Paint"},{"floor":0,"key":"Letter Opener"},{"floor":0,"key":"Ice Cream"},{"floor":6,"key":"Omamori"},{"floor":8,"key":"Kunai"},{"floor":9,"key":"Toy Ornithopter"}],"event_choices":[{"damage_healed":0,"gold_gain":0,"player_choice":"Ignored","damage_taken":0,"max_hp_gain":0,"max_hp_loss":0,"event_name":"Golden Wing","floor":10,"gold_loss":0},{"damage_healed":0,"gold_gain":0,"player_choice":"Ignored","damage_taken":0,"max_hp_gain":0,"max_hp_loss":0,"event_name":"Liars Game","floor":14,"gold_loss":0},{"cards_removed":["theSenshi:SailorKick"],"damage_healed":0,"gold_gain":0,"player_choice":"Gave Gold","damage_taken":0,"max_hp_gain":0,"max_hp_loss":0,"event_name":"Beggar","floor":19,"gold_loss":75},{"damage_healed":0,"gold_gain":50,"player_choice":"Touch","damage_taken":7,"max_hp_gain":0,"max_hp_loss":0,"event_name":"FaceTrader","floor":20,"gold_loss":0}],"is_beta":false,"boss_relics":[{"not_picked":["Pandora\u0027s Box","Coffee Dripper"],"picked":"Black Star"}],"items_purged_floors":[],"is_endless":false,"potions_floor_spawned":[3,5,6],"killed_by":"Sentry and Sphere","ascension_level":17}}