{"host":"clf2hd4adhiiw0zf","time":1613459245,"event":{"mods":["AchievementEnabler","BaseMod","Beaked The Cultist","Bestiary","Dark Map","Downfall","Gremlin Mod","Hermit","Jorbs\u0027s Wanderer Trilogy","Marisa????????","Minty Spire (QoL Compilation)","Shop Mod","StSLib","The Cursed","Wide Potions"],"gold_per_floor":[99,99,114,125,135,435,435,460,475,489,503,536,436,436,465,477,477,477],"floor_reached":16,"language":"ENG","playtime":367,"items_purged":[],"score":328,"play_id":"52918f38-e03f-49e2-8eb2-8b27c6f094bb","local_time":"20210216000725","is_ascension_mode":true,"campfire_choices":[{"data":"champ:Execute","floor":1.0,"key":"SMITH"},{"data":"champ:PerfectedStrike","floor":13,"key":"SMITH"}],"circlet_count":0,"master_deck":["AscendersBane","champ:Strike","champ:Strike","champ:Strike","champ:Strike","champ:Defend","champ:Defend","champ:Defend","champ:Defend","champ:Execute+1","champ:Taunt","champ:Execute+1","champ:Duel","champ:Haymaker","champ:ShieldWall","CurseOfTheBell","CurseOfTheBell","champ:FlashCut","champ:SteelEdge","champ:TornadoPunch","champ:PerfectedStrike+1"],"relics":["champ:PowerArmor","downfall:ExtraCursedBell","Akabeko","Kunai","Old Coin","Guardian:PocketSentry","Bronze Scales","Gremlin Horn","downfall:HeartBlessingGreen","MawBank"],"acts_visited":["Exordium"],"potions_floor_usage":[8,16],"damage_taken":[{"damage":10.0,"enemies":"2 Louse","floor":3.0,"turns":2.0},{"damage":10.0,"enemies":"Cultist","floor":4.0,"turns":3.0},{"damage":10.0,"enemies":"Jaw Worm","floor":5.0,"turns":2.0},{"damage":20,"enemies":"Lagavulin","floor":8,"turns":5},{"damage":10,"enemies":"downfall:LooterAlt","floor":9,"turns":1},{"damage":13,"enemies":"Gremlin Gang","floor":10,"turns":3},{"damage":14,"enemies":"3 Louse","floor":11,"turns":2},{"damage":10,"enemies":"3 Sentries","floor":12,"turns":4},{"damage":17,"enemies":"Exordium Wildlife","floor":15,"turns":2},{"damage":54,"enemies":"DF_ARCHETYPE_STREAMLINE","floor":16,"turns":6}],"seed_played":"7080270506565229315","potions_obtained":[{"floor":3.0,"key":"Weak Potion"},{"floor":5.0,"key":"SkillPotion"},{"floor":11,"key":"DuplicationPotion"}],"is_trial":false,"path_per_floor":["R","?","M","M","M","?","T","E","M","M","M","E","R","?","M","B"],"character_chosen":"THE_CHAMP","items_purchased":[],"campfire_rested":0,"item_purchase_floors":[],"current_hp_per_floor":[73,73,73,73,73,73,73,73,73,70,66,66,66,61,54,0,0,0],"gold":477,"neow_bonus":"BOSS_RELIC","is_daily":false,"chose_seed":false,"campfire_upgraded":2,"win_rate":0.0,"timestamp":1613459245,"path_taken":["R","?","M","?","?","?","T","E","M","M","M","E","R","?","M","BOSS"],"items_purchased_type":[],"build_version":"2020-12-22","purchased_purges":0,"victory":false,"max_hp_per_floor":[81,81,81,81,81,81,81,81,81,81,81,81,81,81,81,81,81,81],"card_choices":[{"not_picked":["champ:EnragedBash","champ:ShieldSigil"],"picked":"champ:Duel","floor":3.0},{"not_picked":["champ:DefensiveShout","champ:AdrenalArmor"],"picked":"champ:Haymaker","floor":4.0},{"not_picked":["champ:PreciseThrust","champ:EndlessRage"],"picked":"champ:ShieldWall","floor":5.0},{"not_picked":["champ:FalseCounter","champ:SetATrap"],"picked":"champ:FlashCut","floor":8},{"not_picked":["champ:RisingSlash","champ:ShieldSigil","champ:Shatter"],"picked":"SKIP","floor":9},{"not_picked":["champ:ViciousMockery","champ:FlashCut"],"picked":"champ:SteelEdge","floor":10},{"not_picked":["champ:DefensiveShout","champ:BerserkersShout"],"picked":"champ:TornadoPunch","floor":11},{"not_picked":["champ:StanceDance","champ:FancyFootwork"],"picked":"champ:PerfectedStrike","floor":12},{"not_picked":["champ:DefensiveShout","champ:Backstep","champ:EnragedBash"],"picked":"SKIP","floor":15}],"player_experience":332542,"relics_obtained":[{"floor":6,"key":"Akabeko"},{"floor":6,"key":"Kunai"},{"floor":6,"key":"Old Coin"},{"floor":7,"key":"Guardian:PocketSentry"},{"floor":8,"key":"Bronze Scales"},{"floor":12,"key":"Gremlin Horn"}],"event_choices":[{"damage_healed":0,"gold_gain":0,"player_choice":"Success","damage_taken":5,"relics_obtained":["MawBank"],"max_hp_gain":0,"max_hp_loss":0,"event_name":"Scrap Ooze","floor":14,"gold_loss":0}],"is_beta":false,"boss_relics":[],"items_purged_floors":[],"is_endless":false,"potions_floor_spawned":[3,5,11],"killed_by":"DF_ARCHETYPE_STREAMLINE","ascension_level":20}}