{"host":"xr2w6q7a088fu8w2","time":1613479009,"event":{"mods":["AchievementEnabler","BaseMod","Colored Powertips","Minty Spire (QoL Compilation)","MostiFishMod","Relic Filter Mod","Reliquary","StSLib"],"gold_per_floor":[109,59,78,92,-1383,-1383,-1383,-1339,-1339,-1339,-1339,-1339,14,14,14,144,144,160,180,95,138,162,162,180,180,205,205,218,242,265,289,289,408,408,427,441,101,165,165,201,217,217,286,324,324,324,345,389,389,389],"floor_reached":51,"language":"ZHS","playtime":1318,"items_purged":["Defend_G","Defend_G"],"score":926,"play_id":"693cb0e5-f83e-4037-b19b-c1161e0f41c3","local_time":"20210216203649","is_ascension_mode":true,"campfire_choices":[{"data":"Neutralize","floor":6,"key":"SMITH"},{"data":"Finisher","floor":11,"key":"SMITH"},{"data":"Poisoned Stab","floor":15,"key":"SMITH"},{"data":"Skewer","floor":23,"key":"SMITH"},{"data":"Die Die Die","floor":25,"key":"SMITH"},{"data":"Sucker Punch","floor":27,"key":"SMITH"},{"data":"Flying Knee","floor":32,"key":"SMITH"},{"data":"Survivor","floor":42,"key":"SMITH"},{"floor":46,"key":"REST"},{"floor":49,"key":"REST"}],"circlet_count":0,"master_deck":["Strike_G+1","Strike_G","Strike_G","Strike_G","Strike_G","Defend_G","Defend_G","Survivor+1","Neutralize+1","Finisher+1","Poisoned Stab+1","Dagger Spray+1","Decay","Flying Knee+1","Die Die Die+1","Sucker Punch+1","Skewer+1","Slice","Backstab+1","Endless Agony+1","Flying Knee+1","Deflect","Backstab+1"],"relics":["Ring of the Snake","DaveBox","SentryEyes","SynthV:TestCard","SynthV:MejaisSoulstealer","Golden Idol","Lizard Tail","reliquary:PurpleTingedLeaf","Sozu","Tiny Chest","Red Mask","FeatherPendant","Frozen Egg 2","Tough Bandages","Incense Burner","Tough Bandages","Mercury Hourglass","Bottled Flame","reliquary:Buckler"],"acts_visited":["Exordium","TheCity","TheBeyond"],"potions_floor_usage":[8,33],"damage_taken":[{"damage":0,"enemies":"Small Slimes","floor":1,"turns":2},{"damage":0,"enemies":"Jaw Worm","floor":3,"turns":2},{"damage":0,"enemies":"Cultist","floor":4,"turns":2},{"damage":0,"enemies":"Lagavulin","floor":8,"turns":2},{"damage":0,"enemies":"Exordium Thugs","floor":13,"turns":2},{"damage":5,"enemies":"Hexaghost","floor":16,"turns":4},{"damage":0,"enemies":"Spheric Guardian","floor":18,"turns":2},{"damage":0,"enemies":"2 Thieves","floor":19,"turns":2},{"damage":0,"enemies":"Masked Bandits","floor":21,"turns":2},{"damage":0,"enemies":"Cultist and Chosen","floor":22,"turns":2},{"damage":0,"enemies":"Snake Plant","floor":24,"turns":2},{"damage":3,"enemies":"Centurion and Healer","floor":28,"turns":2},{"damage":0,"enemies":"Shelled Parasite and Fungi","floor":29,"turns":1},{"damage":2,"enemies":"Snake Plant","floor":30,"turns":2},{"damage":0,"enemies":"3 Cultists","floor":31,"turns":3},{"damage":36,"enemies":"Automaton","floor":33,"turns":5},{"damage":0,"enemies":"Orb Walker","floor":35,"turns":2},{"damage":0,"enemies":"3 Shapes","floor":36,"turns":1},{"damage":0,"enemies":"2 Orb Walkers","floor":38,"turns":1},{"damage":0,"enemies":"Reptomancer","floor":40,"turns":2},{"damage":2,"enemies":"Transient","floor":41,"turns":5},{"damage":45,"enemies":"Nemesis","floor":44,"turns":3},{"damage":0,"enemies":"3 Darklings","floor":47,"turns":1},{"damage":0,"enemies":"Reptomancer","floor":48,"turns":1},{"damage":57,"enemies":"Time Eater","floor":50,"turns":5}],"seed_played":"3129586215418070006","potions_obtained":[{"floor":4,"key":"CunningPotion"},{"floor":16,"key":"AttackPotion"}],"is_trial":false,"path_per_floor":["M","?","M","M","$","R","?","E","T","$","R","?","M","$","R","B",null,"M","M","?","?","M","R","M","R","T","R","M","M","M","M","R","B",null,"M","M","$","?","?","E","M","R","T","E","T","R","M","E","R","B",null],"character_chosen":"THE_SILENT","items_purchased":["SynthV:MejaisSoulstealer","Frozen Egg 2"],"campfire_rested":2,"item_purchase_floors":[5,37],"current_hp_per_floor":[77,77,77,77,77,77,71,71,71,71,71,71,71,71,71,67,71,71,71,71,71,71,71,71,71,71,71,68,68,66,67,67,32,71,71,71,71,71,71,71,69,69,69,24,24,45,45,45,66,11],"gold":389,"neow_bonus":"TEN_PERCENT_HP_BONUS","is_daily":false,"chose_seed":false,"campfire_upgraded":8,"win_rate":0.0,"timestamp":1613479009,"path_taken":["M","?","M","M","$","R","?","E","T","$","R","?","?","?","R","BOSS","M","M","?","?","M","R","M","R","T","R","M","M","M","M","R","BOSS","M","M","$","?","?","E","M","R","T","E","?","R","?","E","R","BOSS"],"items_purchased_type":["Relic","Relic"],"build_version":"2020-12-22","purchased_purges":2,"victory":true,"max_hp_per_floor":[77,77,77,77,77,77,71,71,71,71,71,71,71,71,71,71,71,71,71,71,71,71,71,71,71,71,71,71,71,71,71,71,71,71,71,71,71,71,71,71,71,71,71,71,71,71,71,71,71,71],"card_choices":[{"not_picked":["Blade Dance","Bane"],"picked":"Finisher","floor":1},{"not_picked":["Catalyst","Expertise","Leg Sweep","Slice"],"picked":"Poisoned Stab","floor":3},{"not_picked":["MostiFishMod:PerfectParry","Eviscerate","Prepared","Finisher","Sucker Punch"],"picked":"SKIP","floor":4},{"not_picked":["MostiFishMod:PoisonShield","Setup","Poisoned Stab","Noxious Fumes"],"picked":"Dagger Spray","floor":8},{"not_picked":["MostiFishMod:PreservedThorns","Noxious Fumes","Caltrops","Skewer"],"picked":"Flying Knee","floor":13},{"not_picked":["Burst","Malaise","Wraith Form v2","MostiFishMod:LethalBlade"],"picked":"Die Die Die","floor":16},{"not_picked":["Poisoned Stab","Underhanded Strike","MostiFishMod:VineMother","PiercingWail"],"picked":"Sucker Punch","floor":18},{"not_picked":["Choke","Backflip+1","Bane+1","Eviscerate+1"],"picked":"Skewer","floor":19},{"not_picked":["Dodge and Roll","Acrobatics","MostiFishMod:PerfectParry+1","Choke"],"picked":"Slice","floor":21},{"not_picked":["Calculated Gamble+1","Distraction+1","MostiFishMod:PreservedThorns","Dodge and Roll"],"picked":"Backstab+1","floor":22},{"not_picked":["Blade Dance+1","Dagger Throw","Backflip","Underhanded Strike"],"picked":"Endless Agony","floor":24},{"not_picked":["Prepared+1","Leg Sweep+1","Quick Slash","Malaise","Acrobatics"],"picked":"SKIP","floor":28},{"not_picked":["Flying Knee","MostiFishMod:PerfectParry","Cloak And Dagger","Heel Hook","Slice"],"picked":"SKIP","floor":29},{"not_picked":["MostiFishMod:Dislodge","MostiFishMod:PoisonShield","Dodge and Roll","Prepared","Outmaneuver"],"picked":"SKIP","floor":30},{"not_picked":["Predator","Deadly Poison","Dagger Throw","Sucker Punch+1","Dagger Spray"],"picked":"SKIP","floor":31},{"not_picked":["MostiFishMod:PreservedThorns+1","Choke+1","Reflex+1","Expertise+1"],"picked":"Flying Knee+1","floor":35},{"not_picked":["Prepared+1","Acrobatics","MostiFishMod:InvigoratingSolution+1","Cloak And Dagger+1","Outmaneuver+1"],"picked":"SKIP","floor":36},{"not_picked":["Doppelganger","Dagger Spray","Outmaneuver","Choke","PiercingWail+1"],"picked":"SKIP","floor":40},{"not_picked":["Deadly Poison","Accuracy+1","Dagger Spray","Blade Dance+1","Backflip"],"picked":"SKIP","floor":41},{"not_picked":["Backflip","Doppelganger","Bouncing Flask","Night Terror"],"picked":"Deflect","floor":44},{"not_picked":["Dagger Spray","Predator+1","Footwork+1","Setup"],"picked":"Backstab+1","floor":47},{"not_picked":["PiercingWail+1","Underhanded Strike","Bane","Prepared+1","Leg Sweep"],"picked":"SKIP","floor":48}],"player_experience":95420,"relics_obtained":[{"floor":1,"key":"SynthV:TestCard"},{"floor":8,"key":"Lizard Tail"},{"floor":9,"key":"reliquary:PurpleTingedLeaf"},{"floor":21,"key":"Red Mask"},{"floor":38,"key":"Tough Bandages"},{"floor":40,"key":"Incense Burner"},{"floor":43,"key":"reliquary:SculptingSteel"},{"floor":44,"key":"Mercury Hourglass"},{"floor":45,"key":"Bottled Flame"},{"floor":48,"key":"reliquary:Buckler"}],"event_choices":[{"cards_removed":["Defend_G"],"damage_healed":0,"gold_gain":0,"player_choice":"Card Removal","damage_taken":0,"max_hp_gain":0,"max_hp_loss":0,"event_name":"The Cleric","floor":2,"gold_loss":50},{"damage_healed":0,"gold_gain":0,"player_choice":"Lose Max HP","damage_taken":0,"relics_obtained":["Golden Idol"],"max_hp_gain":0,"max_hp_loss":6,"event_name":"Golden Idol","floor":7,"gold_loss":0},{"damage_healed":0,"gold_gain":0,"player_choice":"Cursed","damage_taken":0,"max_hp_gain":0,"max_hp_loss":0,"event_name":"Wheel of Change","floor":12,"gold_loss":0,"cards_obtained":["Decay"]},{"damage_healed":0,"gold_gain":0,"player_choice":"Obtained Relic","damage_taken":0,"relics_obtained":["Tiny Chest"],"max_hp_gain":0,"max_hp_loss":0,"event_name":"Addict","floor":20,"gold_loss":85},{"damage_healed":0,"gold_gain":0,"player_choice":"Fought Bandits","damage_taken":0,"max_hp_gain":0,"max_hp_loss":0,"event_name":"Masked Bandits","floor":21,"gold_loss":0},{"damage_healed":0,"gold_gain":0,"player_choice":"Fight","damage_taken":0,"max_hp_gain":0,"max_hp_loss":0,"event_name":"Mysterious Sphere","floor":38,"gold_loss":0},{"damage_healed":0,"gold_gain":0,"player_choice":"Forge","damage_taken":0,"max_hp_gain":0,"max_hp_loss":0,"event_name":"Accursed Blacksmith","floor":39,"gold_loss":0,"cards_upgraded":["Endless Agony"]}],"is_beta":false,"boss_relics":[{"not_picked":["MoonlightInvasionPlan","HoveringKite"],"picked":"Sozu"},{"not_picked":["SacredBark","SlaversCollar"],"picked":"FeatherPendant"}],"items_purged_floors":[5,37],"is_endless":false,"potions_floor_spawned":[4,16,18,19,28,29,33,35,36,38,47],"ascension_level":3}}