{"host":"g6de5jjas85bb8qt","time":1613496636,"event":{"mods":["2.2 Compatiblity","BaseMod","BetterRewards","Colored Map","Minty Spire (QoL Compilation)","StSLib","The Animator","The Marked"],"gold_per_floor":[119,137,137,149,165,200,200,210,235,247,280,295,295,315,315,417,417,417,342,342,42,42,42,42,42,42,42,42,42,42,42,42,42,42,42,42],"floor_reached":35,"language":"ENG","playtime":2066,"items_purged":["theMarked:Strike"],"score":547,"play_id":"01c9ea1b-86a5-404f-991d-9b66bbf16fce","local_time":"20210216193036","is_ascension_mode":false,"campfire_choices":[{"data":"theMarked:RepellingDischarge","floor":7,"key":"SMITH"},{"data":"theMarked:ComboAttacks","floor":15,"key":"SMITH"},{"data":"theMarked:StartUp","floor":23,"key":"SMITH"},{"data":"theMarked:Abjuration","floor":25,"key":"SMITH"},{"data":"theMarked:Electrocute","floor":32,"key":"SMITH"}],"circlet_count":0,"master_deck":["theMarked:Strike","theMarked:Strike","theMarked:Strike","theMarked:Strike","theMarked:Defend","theMarked:Defend","theMarked:Defend","theMarked:Defend","theMarked:SoldierOfQuellstein","theMarked:Improvise+1","theMarked:Improvise+1","theMarked:TwofoldDefense","theMarked:RepellingDischarge+1","theMarked:OneWithTheBlade+1","theMarked:ComboAttacks+1","theMarked:EnhanceMovement","theMarked:Abjuration+1","theMarked:EnhanceMovement","theMarked:StartUp+1","theMarked:Electrocute+1","theMarked:ParalyzingBlade","theMarked:Static","theMarked:Convert+1","theMarked:Challenge"],"relics":["theMarked:BronzeBlade","theMarked:Winder","Boot","Oddly Smooth Stone","Omamori","Ectoplasm","Lee\u0027s Waffle","War Paint","Lantern"],"acts_visited":["Exordium","TheCity","TheBeyond"],"potions_floor_usage":[5,6,11,27,33],"damage_taken":[{"damage":0,"enemies":"Cultist","floor":1,"turns":3},{"damage":5,"enemies":"2 Louse","floor":2,"turns":3},{"damage":6,"enemies":"Jaw Worm","floor":4,"turns":3},{"damage":10,"enemies":"3 Louse","floor":5,"turns":2},{"damage":7,"enemies":"Lagavulin","floor":6,"turns":6},{"damage":0,"enemies":"Large Slime","floor":8,"turns":3},{"damage":1,"enemies":"Blue Slaver","floor":10,"turns":4},{"damage":7,"enemies":"Gremlin Nob","floor":11,"turns":3},{"damage":0,"enemies":"3 Louse","floor":12,"turns":3},{"damage":0,"enemies":"Red Slaver","floor":14,"turns":5},{"damage":10,"enemies":"The Guardian","floor":16,"turns":16},{"damage":0,"enemies":"Chosen","floor":18,"turns":4},{"damage":7,"enemies":"2 Thieves","floor":19,"turns":5},{"damage":6,"enemies":"Centurion and Healer","floor":22,"turns":6},{"damage":2,"enemies":"Book of Stabbing","floor":24,"turns":6},{"damage":0,"enemies":"Sentry and Sphere","floor":27,"turns":3},{"damage":0,"enemies":"Snecko","floor":28,"turns":4},{"damage":0,"enemies":"Snake Plant","floor":29,"turns":5},{"damage":6,"enemies":"Centurion and Healer","floor":30,"turns":5},{"damage":1,"enemies":"Cultist and Chosen","floor":31,"turns":6},{"damage":23,"enemies":"Automaton","floor":33,"turns":9},{"damage":9,"enemies":"3 Darklings","floor":35,"turns":4}],"seed_played":"-6503901377233744380","potions_obtained":[{"floor":1,"key":"Explosive Potion"},{"floor":2,"key":"Regen Potion"},{"floor":5,"key":"ColorlessPotion"},{"floor":6,"key":"theMarked:HoverShot"},{"floor":11,"key":"DuplicationPotion"},{"floor":18,"key":"theMarked:SummonPotion"},{"floor":27,"key":"theMarked:SummonPotion"},{"floor":29,"key":"EssenceOfSteel"}],"is_trial":false,"path_per_floor":["M","M","?","M","M","E","R","M","T","M","E","M","?","M","R","B",null,"M","M","?","$","M","R","E","R","T","M","M","M","M","M","R","B",null,"M"],"character_chosen":"THE_DEFAULT","items_purchased":["theMarked:Winder","theMarked:StartUp","Lee\u0027s Waffle"],"campfire_rested":0,"item_purchase_floors":[0,21,21],"current_hp_per_floor":[60,55,55,49,39,47,47,47,47,46,39,39,62,62,62,52,70,70,63,50,82,76,76,74,74,74,74,74,74,68,67,67,44,82,73,73],"gold":42,"neow_bonus":"","is_daily":false,"chose_seed":false,"campfire_upgraded":5,"win_rate":0.0,"timestamp":1613496636,"path_taken":["M","?","?","M","M","E","R","M","T","?","E","M","?","M","R","BOSS","M","M","?","$","M","R","E","R","T","M","M","M","M","M","R","BOSS","M"],"items_purchased_type":["Relic","Card","Relic"],"build_version":"2020-12-22","purchased_purges":1,"victory":false,"max_hp_per_floor":[70,70,70,70,70,70,70,70,70,70,70,70,70,70,70,70,70,70,70,75,82,82,82,82,82,82,82,82,82,82,82,82,82,82,82,82],"card_choices":[{"not_picked":["theMarked:ContemptForTheProud","theMarked:Aftermath"],"picked":"theMarked:Improvise","floor":1},{"not_picked":["theMarked:ResourceFulStrike","theMarked:Parkour","theMarked:LightningStrikesTwice"],"picked":"SKIP","floor":2},{"not_picked":["theMarked:ResourceFulStrike","theMarked:ShockingTouch"],"picked":"theMarked:Improvise","floor":4},{"not_picked":["theMarked:TakeCover","theMarked:WastefulAttack"],"picked":"theMarked:TwofoldDefense","floor":5},{"not_picked":["theMarked:ThrowWeapon","theMarked:Overcharge"],"picked":"theMarked:RepellingDischarge","floor":6},{"not_picked":["theMarked:Parkour","theMarked:LightningStrikesTwice"],"picked":"theMarked:OneWithTheBlade","floor":8},{"not_picked":["theMarked:Memento","theMarked:ChainLightning","theMarked:EmpowerWeapon"],"picked":"SKIP","floor":10},{"not_picked":["theMarked:ChainLightning","theMarked:EmpowerWeapon","theMarked:GodGivenPower"],"picked":"SKIP","floor":11},{"not_picked":["theMarked:Convert","theMarked:EnhanceMovement"],"picked":"theMarked:ComboAttacks","floor":12},{"not_picked":["theMarked:EmpowerWeapon","theMarked:Polarize"],"picked":"theMarked:EnhanceMovement","floor":14},{"not_picked":["theMarked:ThrowWeapon","theMarked:DispelDoubt"],"picked":"theMarked:Abjuration","floor":16},{"not_picked":["theMarked:KeepCalmAndFight","theMarked:Seal"],"picked":"theMarked:EnhanceMovement","floor":18},{"not_picked":["theMarked:BanishingStrike","theMarked:TakeCover","theMarked:Frustration"],"picked":"SKIP","floor":19},{"not_picked":["theMarked:SelfDefenseTraining","theMarked:AttractMetal"],"picked":"theMarked:Electrocute","floor":22},{"not_picked":["theMarked:ChainLightning","theMarked:ElectricStrings+1","theMarked:ResourceFulStrike+1"],"picked":"SKIP","floor":24},{"not_picked":["theMarked:Parkour","theMarked:TwofoldDefense"],"picked":"theMarked:ParalyzingBlade","floor":27},{"not_picked":["theMarked:Electrify","theMarked:Standoff+1"],"picked":"theMarked:Static","floor":28},{"not_picked":["theMarked:WastefulAttack","theMarked:EternalStudent","theMarked:HeightenedSenses+1"],"picked":"SKIP","floor":29},{"not_picked":["theMarked:Electrocute","theMarked:Maelstrom","theMarked:Memento"],"picked":"SKIP","floor":30},{"not_picked":["theMarked:ChainLightning","theMarked:SelfDefenseTraining"],"picked":"theMarked:Convert+1","floor":31},{"not_picked":["theMarked:Abjuration","theMarked:Snap"],"picked":"theMarked:Challenge","floor":33}],"player_experience":453225,"relics_obtained":[{"floor":6,"key":"Boot"},{"floor":9,"key":"Oddly Smooth Stone"},{"floor":11,"key":"Omamori"},{"floor":24,"key":"War Paint"},{"floor":26,"key":"Lantern"}],"event_choices":[{"damage_healed":0,"gold_gain":0,"player_choice":"Upgraded","damage_taken":0,"max_hp_gain":0,"max_hp_loss":0,"event_name":"Upgrade Shrine","floor":3,"gold_loss":0,"cards_upgraded":["theMarked:Improvise"]},{"damage_healed":23,"gold_gain":0,"player_choice":"Banana","damage_taken":0,"max_hp_gain":0,"max_hp_loss":0,"event_name":"Big Fish","floor":13,"gold_loss":0},{"damage_healed":0,"gold_gain":0,"player_choice":"Shed Blood","damage_taken":18,"max_hp_gain":5,"max_hp_loss":0,"event_name":"Forgotten Altar","floor":20,"gold_loss":0}],"is_beta":false,"boss_relics":[{"not_picked":["Empty Cage","Black Star"],"picked":"Ectoplasm"},{"not_picked":["theMarked:Eyepatch","Astrolabe"],"picked":"theMarked:BronzeBlade"}],"items_purged_floors":[21],"is_endless":false,"potions_floor_spawned":[1,2,5,6,11,18,27,29,30],"killed_by":"3 Darklings","ascension_level":0}}