{"host":"9rehsd5oi9uaydbk","time":1613455677,"event":{"mods":["AchievementEnabler","Act Like it!","Aspiration","BaseMod","Better Third Choice","Colored Powertips","Curses Come First","Downfall","Hermit","Hubris","Jorbs\u0027s Wanderer Trilogy","Minty Spire (QoL Compilation)","StSLib","The Marked","The Runesmith"],"gold_per_floor":[115,46,46,66,66,109,132,97,97,131,149,170,170,170,170,294,294,313,238,264,282,296,296,336,110,110,110,110,60,81,97,97,97,97],"floor_reached":33,"language":"ENG","playtime":1432,"items_purged":[],"score":300,"play_id":"da982bbb-f9fb-41e0-9498-f5c04605ff48","local_time":"20210216010757","is_ascension_mode":false,"campfire_choices":[{"floor":13,"key":"REST"},{"data":"Runesmith:RunicBlueprint","floor":15,"key":"SMITH"},{"floor":23,"key":"REST"},{"floor":32,"key":"REST"}],"circlet_count":0,"master_deck":["Runesmith:Strike_RS","Runesmith:Strike_RS","Runesmith:Strike_RS","Runesmith:Strike_RS","Runesmith:Defend_RS","Runesmith:Defend_RS","Runesmith:Defend_RS","Runesmith:Defend_RS","Runesmith:CraftFirestone","Runesmith:Fortify","Runesmith:BackupBattery","Runesmith:Firestorm+1","Runesmith:RunicBlueprint+1","Runesmith:HammerAndChisel","Runesmith:HammerThrow","Runesmith:RuneHurl","Runesmith:CraftMedicinae","Runesmith:CraftProtectio+1","Runesmith:CraftSpiculum","Runesmith:Supernova","Runesmith:UnstableHammer","Runesmith:RuneHurl+1"],"relics":["Runesmith:BrokenRuby","NeowsBlessing","Golden Idol","Regal Pillow","PreservedInsect","Runesmith:MiniCore","aspiration:FrozenJewel","Oddly Smooth Stone","hubris:Metronome","Anchor","Shuriken"],"acts_visited":["Exordium","TheCity"],"potions_floor_usage":[7,10,12,19,24,30,30,30,30,31,31],"damage_taken":[{"damage":0,"enemies":"Cultist","floor":1,"turns":1},{"damage":1,"enemies":"2 Louse","floor":4,"turns":2},{"damage":0,"enemies":"3 Sentries","floor":6,"turns":2},{"damage":11,"enemies":"Jaw Worm","floor":7,"turns":2},{"damage":20,"enemies":"Gremlin Nob","floor":10,"turns":4},{"damage":8,"enemies":"3 Louse","floor":11,"turns":4},{"damage":3,"enemies":"Red Slaver","floor":12,"turns":4},{"damage":33,"enemies":"Slime Boss","floor":16,"turns":7},{"damage":20,"enemies":"3 Byrds","floor":18,"turns":5},{"damage":10,"enemies":"2 Thieves","floor":19,"turns":5},{"damage":12,"enemies":"Snecko","floor":21,"turns":7},{"damage":11,"enemies":"Snake Plant","floor":22,"turns":5},{"damage":22,"enemies":"Book of Stabbing","floor":24,"turns":5},{"damage":8,"enemies":"Chosen and Byrds","floor":30,"turns":6},{"damage":10,"enemies":"Centurion and Healer","floor":31,"turns":6},{"damage":68,"enemies":"Collector","floor":33,"turns":7}],"seed_played":"6332859558119410223","potions_obtained":[{"floor":4,"key":"Fire Potion"},{"floor":6,"key":"champ:CounterPotion"},{"floor":11,"key":"PowerPotion"},{"floor":16,"key":"GamblersBrew"},{"floor":18,"key":"Block Potion"},{"floor":22,"key":"EssenceOfSteel"},{"floor":24,"key":"EntropicBrew"}],"is_trial":false,"path_per_floor":["M","$","?","M","?","E","M","?","T","E","M","M","R","?","R","B",null,"M","M","T","M","M","R","E","$","T","?","?","$","M","M","R","B"],"character_chosen":"RUNESMITH_CLASS","items_purchased":["Runesmith:Firestorm","Regen Potion","Anchor","Block Potion"],"campfire_rested":3,"item_purchase_floors":[2,25,25,29],"current_hp_per_floor":[70,70,65,64,52,52,41,57,57,37,29,26,60,60,60,27,65,45,35,35,25,14,48,26,26,26,26,20,20,27,21,55,0,0],"gold":97,"neow_bonus":"THREE_ENEMY_KILL","is_daily":false,"chose_seed":false,"campfire_upgraded":1,"win_rate":0.0,"timestamp":1613455677,"path_taken":["M","$","?","M","?","E","M","?","T","E","M","M","R","?","R","BOSS","M","M","?","?","M","R","E","$","T","?","?","$","M","?","R","BOSS"],"items_purchased_type":["Card","Potion","Relic","Potion"],"build_version":"2020-12-22","purchased_purges":0,"victory":false,"max_hp_per_floor":[70,70,65,65,65,65,65,65,65,65,65,65,65,65,65,65,65,65,65,65,65,65,65,65,65,65,65,65,65,65,65,65,65,65],"card_choices":[{"not_picked":["Runesmith:RuneHurl","Runesmith:StaticCage"],"picked":"Runesmith:BackupBattery","floor":1},{"not_picked":["Runesmith:Repurpose","Runesmith:EnergizedChisel"],"picked":"Runesmith:RunicBlueprint","floor":4},{"not_picked":["Runesmith:BackupBattery","Runesmith:EnergizedChisel"],"picked":"Runesmith:HammerAndChisel","floor":6},{"not_picked":["Runesmith:MakeshiftArmor","Runesmith:Malloc"],"picked":"Runesmith:HammerThrow","floor":7},{"not_picked":["Runesmith:Repurpose","Runesmith:HammerTime","Runesmith:UnstableHammer"],"picked":"SKIP","floor":10},{"not_picked":["Runesmith:ShiftingStrike","Runesmith:DoubleUp","Runesmith:CraftProtectio"],"picked":"SKIP","floor":11},{"not_picked":["Runesmith:LightningRod","Runesmith:Retool"],"picked":"Runesmith:RuneHurl","floor":12},{"not_picked":["Runesmith:LightningRod","Runesmith:CraftIndustria"],"picked":"Runesmith:CraftMedicinae","floor":16},{"not_picked":["Runesmith:Grindstone","Runesmith:ShiftingStrike"],"picked":"Runesmith:CraftProtectio+1","floor":18},{"not_picked":["Runesmith:CraftProtectio","Runesmith:NanitesCloud"],"picked":"Runesmith:CraftSpiculum","floor":19},{"not_picked":["Runesmith:ChaoticBlast","Runesmith:HammerThrow+1","Runesmith:ShiftingStrike"],"picked":"SKIP","floor":21},{"not_picked":["Runesmith:CraftPrismatica","Runesmith:ChaoticBlast+1","Runesmith:CraftProtectio+1"],"picked":"SKIP","floor":22},{"not_picked":["Runesmith:ReplicatingBarrier","Runesmith:EarthShield"],"picked":"Runesmith:Supernova","floor":24},{"not_picked":["Runesmith:Terraform","Runesmith:MakeshiftArmor"],"picked":"Runesmith:UnstableHammer","floor":30},{"not_picked":["Runesmith:UnstableHammer","Runesmith:Attraction"],"picked":"Runesmith:RuneHurl+1","floor":31}],"player_experience":209263,"relics_obtained":[{"floor":6,"key":"PreservedInsect"},{"floor":9,"key":"Runesmith:MiniCore"},{"floor":10,"key":"aspiration:FrozenJewel"},{"floor":20,"key":"Oddly Smooth Stone"},{"floor":24,"key":"hubris:Metronome"},{"floor":26,"key":"Shuriken"}],"event_choices":[{"damage_healed":0,"gold_gain":0,"player_choice":"Lose Max HP","damage_taken":0,"relics_obtained":["Golden Idol"],"max_hp_gain":0,"max_hp_loss":5,"event_name":"Golden Idol","floor":3,"gold_loss":0},{"damage_healed":0,"gold_gain":0,"player_choice":"Relic ","damage_taken":12,"max_hp_gain":0,"max_hp_loss":0,"event_name":"betterThird:BetterScrap","floor":5,"gold_loss":0,"cards_obtained":["Doom and Gloom"]},{"damage_healed":16,"gold_gain":0,"player_choice":"Healed","damage_taken":0,"max_hp_gain":0,"max_hp_loss":0,"event_name":"The Cleric","floor":8,"gold_loss":35},{"damage_healed":0,"gold_gain":0,"player_choice":"Forge","damage_taken":0,"max_hp_gain":0,"max_hp_loss":0,"event_name":"Accursed Blacksmith","floor":14,"gold_loss":0,"cards_upgraded":["Runesmith:Firestorm"]},{"damage_healed":0,"gold_gain":0,"player_choice":"Ignored","damage_taken":0,"max_hp_gain":0,"max_hp_loss":0,"event_name":"Ghosts","floor":27,"gold_loss":0},{"damage_healed":0,"gold_gain":0,"player_choice":"","damage_taken":6,"max_hp_gain":0,"max_hp_loss":0,"event_name":"Knowing Skull","floor":28,"potions_obtained":[],"gold_loss":0,"cards_obtained":[]}],"is_beta":false,"boss_relics":[{"not_picked":["Snecko Eye","aspiration:RitualDagger","Philosopher\u0027s Stone"]}],"items_purged_floors":[],"is_endless":false,"potions_floor_spawned":[4,6,11,16,18,22,24],"killed_by":"Collector","ascension_level":0}}