{"host":"1eshbq9n813iloto","time":1613481757,"event":{"mods":["BaseMod","Better Third Choice","Hermit","Infinite Spire","Minty Spire (QoL Compilation)","StSLib","The Blackbeard","The Cursed","TheBandit"],"gold_per_floor":[109,126,126,54,66,92,111,145,145,145,175,175,100,100,100,196,196,209,209,223,223,243,277,277,291,291,311,36,36,36],"floor_reached":29,"language":"ENG","playtime":1937,"items_purged":["TheCursedMod:Strike_TheCursed"],"score":253,"play_id":"d28d8044-a0fd-4535-a41b-52dcf02b8054","local_time":"20210216082237","is_ascension_mode":false,"campfire_choices":[{"data":"TheCursedMod:CursedMace","floor":10,"key":"SMITH"},{"data":"TheCursedMod:CursedBoomerang","floor":15,"key":"SMITH"}],"circlet_count":0,"master_deck":["TheCursedMod:Defend_TheCursed","TheCursedMod:Defend_TheCursed","TheCursedMod:Defend_TheCursed","TheCursedMod:Defend_TheCursed","TheCursedMod:CursedWand","TheCursedMod:CleanUpWorkshop","TheCursedMod:Dregs","TheCursedMod:CursedMace+1","TheCursedMod:CursedBoomerang+1","TheCursedMod:CollectTribute","TheCursedMod:AbyssShockwave","TheCursedMod:ReleasedKnowledge","TheCursedMod:HellfireBreathing","TheCursedMod:CircleOfCorruption","TheCursedMod:Hemoplague","TheCursedMod:ManaCirculation","TheCursedMod:VoidForm+1","TheCursedMod:LuckyCharm+1","TheCursedMod:CursedBoomerang+1","TheCursedMod:RapidMovement+1","TheCursedMod:SmokeScreen","infinitespire:Punishment","TheCursedMod:RapidMovement+1","TheCursedMod:CircleOfBlood","TheCursedMod:DemonicPact","TheCursedMod:CursedBlade"],"relics":["TheCursedMod:BlackMagic101","NeowsBlessing","Lantern","Blood Vial","Mummified Hand","Odd Mushroom","Bottled Flame","Boot","Astrolabe","NlothsMask","Peace Pipe","Oddly Smooth Stone"],"acts_visited":["Exordium","TheCity"],"potions_floor_usage":[8,8,16,16,29],"damage_taken":[{"damage":0,"enemies":"Small Slimes","floor":1,"turns":1},{"damage":0,"enemies":"Cultist","floor":2,"turns":1},{"damage":0,"enemies":"Jaw Worm","floor":5,"turns":1},{"damage":3,"enemies":"Gremlin Nob","floor":6,"turns":3},{"damage":1,"enemies":"Exordium Wildlife","floor":7,"turns":2},{"damage":15,"enemies":"Lagavulin","floor":8,"turns":5},{"damage":7,"enemies":"The Mushroom Lair","floor":11,"turns":2},{"damage":5,"enemies":"The Guardian","floor":16,"turns":6},{"damage":5,"enemies":"Chosen","floor":18,"turns":2},{"damage":10,"enemies":"Shell Parasite","floor":20,"turns":3},{"damage":7,"enemies":"Shelled Parasite and Fungi","floor":22,"turns":5},{"damage":25,"enemies":"Nightmare","floor":23,"turns":9},{"damage":21,"enemies":"Snake Plant","floor":25,"turns":3},{"damage":0,"enemies":"3 Cultists","floor":27,"turns":5},{"damage":10,"enemies":"Shelled Parasite and Fungi","floor":29,"turns":3}],"seed_played":"8505014788020499723","potions_obtained":[{"floor":2,"key":"FearPotion"},{"floor":5,"key":"DuplicationPotion"},{"floor":8,"key":"ColorlessPotion"},{"floor":11,"key":"SkillPotion"},{"floor":18,"key":"BlessingOfTheForge"},{"floor":23,"key":"FearPotion"},{"floor":25,"key":"Strength Potion"}],"is_trial":false,"path_per_floor":["M","M","?","$","M","E","M","E","T","R","?","T","$","T","R","B",null,"M","?","M","?","M","NM","?","M","T","M","$","M"],"character_chosen":"THE_CURSED","items_purchased":["TheCursedMod:AbyssShockwave","TheCursedMod:DemonicPact","TheCursedMod:CursedBlade","Oddly Smooth Stone"],"campfire_rested":0,"item_purchase_floors":[4,28,28,28],"current_hp_per_floor":[75,75,75,75,75,72,71,56,56,56,51,51,51,51,51,48,75,70,70,62,48,43,20,20,1,1,3,3,0,0],"gold":36,"neow_bonus":"THREE_ENEMY_KILL","is_daily":false,"chose_seed":false,"campfire_upgraded":2,"win_rate":0.0,"timestamp":1613481757,"path_taken":["M","M","?","?","?","E","M","E","T","R","?","?","$","?","R","BOSS","M","?","?","?","M","NM","?","M","T","M","?","M"],"items_purchased_type":["Card","Card","Card","Relic"],"build_version":"2020-12-13","purchased_purges":1,"victory":false,"max_hp_per_floor":[75,75,75,75,75,75,75,75,75,75,75,75,75,75,75,75,75,75,75,75,80,80,80,80,80,80,80,80,80,80],"card_choices":[{"not_picked":["TheCursedMod:PrepareRite","TheCursedMod:ReleasedStrength"],"picked":"TheCursedMod:CursedMace","floor":1},{"not_picked":["TheCursedMod:RavingStaff","TheCursedMod:Mangle"],"picked":"TheCursedMod:CursedBoomerang","floor":2},{"not_picked":["TheCursedMod:CursedAmulet","TheCursedMod:HellfireBreathing"],"picked":"TheCursedMod:ReleasedKnowledge","floor":5},{"not_picked":["TheCursedMod:SpitefulPray","TheCursedMod:BloodBarrier","TheCursedMod:CircleOfCorruption"],"picked":"SKIP","floor":6},{"not_picked":["TheCursedMod:Stigma","TheCursedMod:Mangle"],"picked":"TheCursedMod:HellfireBreathing","floor":7},{"not_picked":["TheCursedMod:CursedAmulet","TheCursedMod:FuryStrike"],"picked":"TheCursedMod:CircleOfCorruption","floor":8},{"not_picked":["TheCursedMod:RapidMovement","TheCursedMod:CircleOfBlood"],"picked":"TheCursedMod:Hemoplague","floor":11},{"not_picked":["TheCursedMod:DarkBarrier","TheCursedMod:OutForBlood"],"picked":"TheCursedMod:ManaCirculation","floor":16},{"not_picked":["TheCursedMod:Obscuration","TheCursedMod:Mangle"],"picked":"TheCursedMod:RapidMovement+1","floor":18},{"not_picked":["TheCursedMod:TacticalStrike","TheCursedMod:LuckyCharm"],"picked":"TheCursedMod:SmokeScreen","floor":20},{"not_picked":["TheCursedMod:CircleOfCorruption","TheCursedMod:BloodBarrier","TheCursedMod:CursedBlade"],"picked":"SKIP","floor":22},{"not_picked":["infinitespire:NeuralNetwork","infinitespire:Fortify"],"picked":"infinitespire:Punishment","floor":23},{"not_picked":["TheCursedMod:CursedArmor","TheCursedMod:StingEye","TheCursedMod:RavingStaff"],"picked":"SKIP","floor":23},{"not_picked":["TheCursedMod:RavingStaff","TheCursedMod:Stretching"],"picked":"TheCursedMod:RapidMovement+1","floor":25},{"not_picked":["TheCursedMod:SpitefulStrike","TheCursedMod:CircleOfAmplification"],"picked":"TheCursedMod:CircleOfBlood","floor":27}],"player_experience":12736,"relics_obtained":[{"floor":6,"key":"Lantern"},{"floor":8,"key":"Blood Vial"},{"floor":9,"key":"Mummified Hand"},{"floor":11,"key":"Odd Mushroom"},{"floor":12,"key":"Bottled Flame"},{"floor":14,"key":"Boot"},{"floor":23,"key":"Peace Pipe"}],"event_choices":[{"damage_healed":0,"gold_gain":0,"player_choice":"1 cards matched","damage_taken":0,"max_hp_gain":0,"max_hp_loss":0,"event_name":"Match and Keep!","floor":3,"gold_loss":0,"cards_obtained":["TheCursedMod:CollectTribute"]},{"damage_healed":0,"gold_gain":0,"player_choice":"Fought Mushrooms","damage_taken":0,"max_hp_gain":0,"max_hp_loss":0,"event_name":"Mushrooms","floor":11,"gold_loss":0},{"damage_healed":0,"gold_gain":0,"player_choice":"Trade","damage_taken":0,"relics_obtained":["NlothsMask"],"max_hp_gain":0,"max_hp_loss":0,"event_name":"FaceTrader","floor":19,"gold_loss":0},{"damage_healed":0,"gold_gain":0,"player_choice":"Shed Blood","damage_taken":19,"max_hp_gain":5,"max_hp_loss":0,"event_name":"Forgotten Altar","floor":21,"gold_loss":0},{"damage_healed":0,"gold_gain":0,"player_choice":"Ignored","damage_taken":0,"max_hp_gain":0,"max_hp_loss":0,"event_name":"Vampires","floor":24,"gold_loss":0}],"is_beta":false,"boss_relics":[{"not_picked":["Calling Bell","SlaversCollar"],"picked":"Astrolabe"}],"items_purged_floors":[13],"is_endless":true,"potions_floor_spawned":[2,5,8,11,18,23,25],"killed_by":"Shelled Parasite and Fungi","ascension_level":0}}