{"host":"sc0o2qwpf9j16a4i","time":1613490296,"event":{"mods":["AchievementEnabler","BaseMod","BetterRewards","Block Reminder","Colored Map","Colored Powertips","Custom Start","Highlight Path","Minty Spire (QoL Compilation)","Relic Stats"],"gold_per_floor":[114,126,137,137,137,137,173,173,251,285,210,210,225,261,261,357,357,375,388,388,313,332,332,332,332],"floor_reached":24,"language":"ENG","playtime":792,"items_purged":[],"score":428,"play_id":"f651ece0-a736-423a-a2a7-881ae9bdaf40","local_time":"20210216174456","is_ascension_mode":true,"campfire_choices":[{"data":"Bash","floor":6.0,"key":"SMITH"},{"floor":8.0,"key":"REST"},{"floor":15.0,"key":"REST"},{"floor":23.0,"key":"REST"}],"circlet_count":0,"master_deck":["AscendersBane","Strike_R","Strike_R","Strike_R","Strike_R","Defend_R+1","Defend_R+1","Defend_R","Defend_R","Bash+1","Clothesline","Metallicize","Armaments","Shrug It Off","Carnage","Demon Form","Shrug It Off"],"relics":["Burning Blood","TungstenRod","Bloody Idol","Blood Vial","Omamori","Kunai","Regal Pillow","Toy Ornithopter","Snecko Eye"],"acts_visited":["Exordium","TheCity"],"potions_floor_usage":[24,24],"damage_taken":[{"damage":6.0,"enemies":"Jaw Worm","floor":1.0,"turns":4.0},{"damage":4.0,"enemies":"Small Slimes","floor":2.0,"turns":4.0},{"damage":1.0,"enemies":"2 Louse","floor":3.0,"turns":4.0},{"damage":25.0,"enemies":"Lagavulin","floor":7.0,"turns":7.0},{"damage":16.0,"enemies":"3 Sentries","floor":10.0,"turns":13.0},{"damage":0.0,"enemies":"Large Slime","floor":13.0,"turns":6.0},{"damage":18.0,"enemies":"Gremlin Nob","floor":14.0,"turns":4.0},{"damage":68.0,"enemies":"Slime Boss","floor":16.0,"turns":16.0},{"damage":14.0,"enemies":"Shell Parasite","floor":18.0,"turns":4.0},{"damage":11.0,"enemies":"3 Byrds","floor":19.0,"turns":8.0},{"damage":20.0,"enemies":"Shelled Parasite and Fungi","floor":22.0,"turns":4.0},{"damage":87,"enemies":"Gremlin Leader","floor":24,"turns":5}],"seed_played":"-8299021304500776023","potions_obtained":[{"floor":3.0,"key":"LiquidBronze"},{"floor":7.0,"key":"SkillPotion"},{"floor":10.0,"key":"Swift Potion"},{"floor":18.0,"key":"FearPotion"},{"floor":22.0,"key":"SpeedPotion"}],"is_trial":false,"path_per_floor":["M","M","M","?","?","R","E","R","T","E","?","?","M","E","R","B",null,"M","M","?","?","M","R","E"],"character_chosen":"IRONCLAD","items_purchased":[],"campfire_rested":3,"item_purchase_floors":[],"current_hp_per_floor":[50,52,57,57,53,53,36,56,56,48,48,29,37,27,62,12,54,48,45,45,45,38,68,0,0],"gold":332,"neow_bonus":"ONE_RARE_RELIC","is_daily":false,"chose_seed":false,"campfire_upgraded":1,"win_rate":0.0,"timestamp":1613490296,"path_taken":["M","M","M","?","?","R","E","R","T","E","?","?","?","E","R","BOSS","M","M","?","?","M","R","E"],"items_purchased_type":[],"build_version":"2020-12-22","purchased_purges":0,"victory":false,"max_hp_per_floor":[75,75,75,68,68,68,68,68,68,68,68,68,68,68,68,68,68,68,68,68,68,68,68,68,68],"relic_stats":{"Blood Vial":16,"Regal Pillow":25,"counters":[12,79],"Bloody Idol":5,"Snecko Eye":[37,24,37,51],"Kunai":[13],"obtain_stats":[{"Blood Vial":5,"Regal Pillow":10,"Golden Idol":4,"Bloody Idol":20,"Snecko Eye":17,"Omamori":7,"Kunai":9,"Burning Blood":0,"TungstenRod":0,"Toy Ornithopter":14},{"Blood Vial":3,"Regal Pillow":5,"Golden Idol":3,"Bloody Idol":10,"Snecko Eye":8,"Omamori":4,"Kunai":4,"Burning Blood":0,"TungstenRod":0,"Toy Ornithopter":7},{"Blood Vial":12,"Regal Pillow":32,"Golden Idol":12,"Bloody Idol":70,"Snecko Eye":58,"Omamori":19,"Kunai":19,"Burning Blood":0,"TungstenRod":0,"Toy Ornithopter":42}],"Burning Blood":66,"TungstenRod":41,"Toy Ornithopter":15},"card_choices":[{"not_picked":["True Grit","Shrug It Off"],"picked":"Clothesline","floor":1.0},{"not_picked":["Clothesline","Perfected Strike"],"picked":"Metallicize","floor":2.0},{"not_picked":["Metallicize","Flex"],"picked":"Anger","floor":3.0},{"not_picked":["Havoc","Sever Soul"],"picked":"Armaments","floor":7.0},{"not_picked":["Cleave","Havoc"],"picked":"Shrug It Off","floor":10.0},{"not_picked":["Fiend Fire","Second Wind"],"picked":"Carnage","floor":13.0},{"not_picked":["Body Slam","Armaments","Infernal Blade"],"picked":"SKIP","floor":14.0},{"not_picked":["Juggernaut","Exhume"],"picked":"Demon Form","floor":16.0},{"not_picked":["Sword Boomerang","Anger","Thunderclap"],"picked":"SKIP","floor":18.0},{"not_picked":["Thunderclap","Havoc+1","Sword Boomerang"],"picked":"SKIP","floor":19.0},{"not_picked":["Twin Strike+1","Armaments"],"picked":"Shrug It Off","floor":22.0}],"player_experience":1449246,"relics_obtained":[{"floor":7.0,"key":"Omamori"},{"floor":9.0,"key":"Kunai"},{"floor":10.0,"key":"Regal Pillow"},{"floor":14.0,"key":"Toy Ornithopter"}],"event_choices":[{"damage_healed":0.0,"max_hp_gain":0.0,"max_hp_loss":7.0,"gold_gain":0.0,"event_name":"Golden Idol","player_choice":"Lose Max HP","floor":4.0,"gold_loss":0.0,"damage_taken":0.0,"relics_obtained":["Golden Idol"]},{"damage_healed":0.0,"max_hp_gain":0.0,"max_hp_loss":0.0,"gold_gain":0.0,"event_name":"Scrap Ooze","player_choice":"Success","floor":5.0,"gold_loss":0.0,"damage_taken":5.0,"relics_obtained":["Blood Vial"]},{"cards_removed":["Strike_R"],"damage_healed":0.0,"max_hp_gain":0.0,"max_hp_loss":0.0,"gold_gain":0.0,"event_name":"The Cleric","player_choice":"Card Removal","floor":11.0,"gold_loss":75.0,"damage_taken":0.0},{"damage_healed":0.0,"max_hp_gain":0.0,"max_hp_loss":0.0,"gold_gain":0.0,"event_name":"Shining Light","player_choice":"Entered Light","floor":12.0,"gold_loss":0.0,"damage_taken":20.0,"cards_upgraded":["Defend_R","Defend_R"]},{"damage_healed":0.0,"max_hp_gain":0.0,"max_hp_loss":0.0,"gold_gain":0.0,"event_name":"Forgotten Altar","player_choice":"Gave Idol","floor":20.0,"relics_lost":["Golden Idol"],"gold_loss":0.0,"damage_taken":0.0,"relics_obtained":["Bloody Idol"]},{"cards_removed":["Anger"],"damage_healed":0.0,"max_hp_gain":0.0,"max_hp_loss":0.0,"gold_gain":0.0,"event_name":"Beggar","player_choice":"Gave Gold","floor":21.0,"gold_loss":75.0,"damage_taken":0.0}],"is_beta":false,"boss_relics":[{"not_picked":["Empty Cage","Calling Bell"],"picked":"Snecko Eye"}],"items_purged_floors":[],"is_endless":false,"potions_floor_spawned":[3,7,10,18,22],"killed_by":"Gremlin Leader","ascension_level":20}}