{"host":"cd7awanv0x2msn9z","time":1613493717,"event":{"mods":["BaseMod","Downfall","Minty Spire (QoL Compilation)","Replay The Spire","StSLib","SuperFastMode"],"gold_per_floor":[116,116,116,116,116,116,41,60,85,125,125,146,496,521,521,521,521],"floor_reached":16,"language":"ZHS","playtime":520,"items_purged":["Regret"],"score":123,"play_id":"b4d475fd-0736-473a-aec8-b5d75a80b2c2","local_time":"20210217004157","is_ascension_mode":false,"campfire_choices":[{"data":"Rage","floor":6.0,"key":"SMITH"},{"data":"Warcry","floor":11,"key":"SMITH"},{"data":"Intimidate","floor":15,"key":"SMITH"}],"circlet_count":0,"master_deck":["Strike_R","Strike_R+1","Strike_R","Strike_R","Strike_R+1","Defend_R","Defend_R","Defend_R","Bash","Rage+1","Warcry+1","Looming Evil","downfall:Bewildered","Sickly","Intimidate+1"],"relics":["Burning Blood","NeowsBlessing","Letter Opener","Golden Idol","Ancient Tea Set","ReplayTheSpireMod:Spearhead","Ring of Fury","Ring of Greed","Blue Doll","Old Coin"],"acts_visited":["Exordium"],"potions_floor_usage":[16,16],"damage_taken":[{"damage":0.0,"enemies":"Jaw Worm","floor":1.0,"turns":1.0},{"damage":0.0,"enemies":"Small Slimes","floor":8.0,"turns":1.0},{"damage":0.0,"enemies":"Lagavulin","floor":10.0,"turns":1.0},{"damage":2,"enemies":"2 Louse","floor":12,"turns":2},{"damage":14,"enemies":"Blue Slaver","floor":14,"turns":3},{"damage":19,"enemies":"Fading Forest","floor":16,"turns":7}],"seed_played":"-1435068885755780656","potions_obtained":[{"floor":1.0,"key":"DuplicationPotion"},{"floor":12,"key":"LiquidBronze"}],"is_trial":false,"path_per_floor":["M","?","?","?","?","R","$","M","T","E","R","M","?","M","R","B"],"character_chosen":"IRONCLAD","items_purchased":[],"campfire_rested":0,"item_purchase_floors":[],"current_hp_per_floor":[80,80,64,64,64,64,64,70,70,74,74,74,74,66,66,47,47],"gold":521,"neow_bonus":"THREE_ENEMY_KILL","is_daily":false,"chose_seed":false,"campfire_upgraded":3,"win_rate":0.0,"timestamp":1613493717,"path_taken":["M","?","?","?","?","R","?","M","T","E","R","?","?","M","R","BOSS"],"items_purchased_type":[],"build_version":"2020-12-22","purchased_purges":1,"victory":false,"max_hp_per_floor":[80,80,80,80,74,74,74,74,74,74,74,74,74,74,74,74,74],"card_choices":[{"not_picked":["Headbutt","Iron Wave"],"picked":"Rage","floor":1.0},{"not_picked":["True Grit","Anger","Cleave"],"picked":"SKIP","floor":8.0},{"not_picked":["Iron Wave","Battle Trance"],"picked":"Warcry","floor":10.0},{"not_picked":["Sword Boomerang","Heavy Blade","Thunderclap"],"picked":"SKIP","floor":12},{"not_picked":["Whirlwind","Ghostly Armor"],"picked":"Intimidate","floor":14}],"player_experience":61176,"relics_obtained":[{"floor":9.0,"key":"Ancient Tea Set"},{"floor":10.0,"key":"ReplayTheSpireMod:Spearhead"},{"floor":13,"key":"Ring of Fury"},{"floor":13,"key":"Ring of Greed"},{"floor":13,"key":"Blue Doll"},{"floor":13,"key":"Old Coin"}],"event_choices":[{"damage_healed":0.0,"max_hp_gain":0.0,"max_hp_loss":0.0,"gold_gain":0.0,"event_name":"Big Fish","player_choice":"Box","floor":2.0,"gold_loss":0.0,"damage_taken":0.0,"relics_obtained":["Letter Opener"],"cards_obtained":["Regret"]},{"damage_healed":0.0,"max_hp_gain":0.0,"max_hp_loss":0.0,"gold_gain":0.0,"event_name":"Shining Light","player_choice":"Entered Light","floor":3.0,"gold_loss":0.0,"damage_taken":16.0,"cards_upgraded":["Strike_R","Strike_R"]},{"damage_healed":0.0,"max_hp_gain":0.0,"max_hp_loss":6.0,"gold_gain":0.0,"event_name":"Golden Idol","player_choice":"Lose Max HP","floor":5.0,"gold_loss":0.0,"damage_taken":0.0,"relics_obtained":["Golden Idol"]}],"is_beta":false,"boss_relics":[],"items_purged_floors":[7],"is_endless":false,"potions_floor_spawned":[1,12],"killed_by":"Fading Forest","ascension_level":0}}