{"host":"dn6kke80v5f7isus","time":1613462111,"event":{"mods":["AchievementEnabler","Act Like it!","BaseMod","Colored Powertips","Custom Start","Defuse TimeMaze Blight","Energized Spire","Gremlin Skip","Highlight Path","Hubris","Infinite Spire","Marisa????????","Minty Spire (QoL Compilation)","Quick Restart","Rare Cards Sparkle","Reliquary","Replay The Spire","StSLib","The Forsaken","The Hierophant","The Servant 0.9.4","Uncapped","Unceasing Turn Reminder"],"gold_per_floor":[112,112,112,130,55,55,73,91,91,91,121,141,152,166,166,269,269,287,258,258,269,11,38,58,83,163,6178,6188,6188,6188,6188,6188,6284,6284,6295,6348,6009,6009,6035,6062,6078,6078,6105,6119,5332,5332,5332],"floor_reached":46,"language":"ENG","playtime":1977,"items_purged":["theForsaken:TheForsaken_Strike","theForsaken:TheForsaken_Strike+1","theForsaken:TheForsaken_Strike+1","theForsaken:TheForsaken_Defend"],"score":542,"play_id":"7b88ca8a-9cf3-4d3c-b8e0-b7ddfc6673e8","local_time":"20210216025511","is_ascension_mode":false,"campfire_choices":[{"floor":6.0,"key":"REST"},{"data":"theForsaken:QuickAttack","floor":10.0,"key":"SMITH"},{"data":"theForsaken:Confusion","floor":15.0,"key":"SMITH"},{"floor":30,"key":"RECALL"},{"data":"infinitespire:NeuralNetwork","floor":32,"key":"SMITH"},{"data":"theForsaken:CorruptedForm","floor":42,"key":"SMITH"}],"circlet_count":0,"master_deck":["theForsaken:TheForsaken_Strike","theForsaken:TheForsaken_Defend","theForsaken:TheForsaken_Defend","theForsaken:TheForsaken_Defend","theForsaken:Smite+1","theForsaken:Penitence+1","theForsaken:BountifulSunlight+1","theForsaken:QuickAttack+1","theForsaken:Confusion+1","theForsaken:HymnOfPatience+1","theForsaken:BlessedWeapon+1","theForsaken:QuickAttack+1","infinitespire:Fortify+1","infinitespire:NeuralNetwork+1","theForsaken:AncientWords+1","theForsaken:QuickAttack+1","theForsaken:CorruptedForm+1","theForsaken:MagicWeapon+1","theForsaken:BountifulSunlight+1","theForsaken:MagicWeapon"],"relics":["theForsaken:JudgementScales","NeowsBlessing","hubris:FruitBowl","hubris:EvacipatedBox","reliquary:FingerTrap","hubris:Towel","Replay:Bottled Eggs","Nunchaku","Coffee Dripper","Replay:Ringing Soul","Replay:Baseball","White Beast Statue","Toxic Egg 2","hubris:TerracottaHorce","Replay:Mystery Machine","Honey Jar","Calipers","Pear","Simple Rune","Omamori","Happy Flower","reliquary:Stiletto","Guide Book","infinitespire:Joker Card"],"acts_visited":["Exordium","TheCity","TheBeyond"],"potions_floor_usage":[33,33,33,40,41,46],"damage_taken":[{"damage":0.0,"enemies":"Cultist","floor":1.0,"turns":1.0},{"damage":0.0,"enemies":"2 Louse","floor":4.0,"turns":2.0},{"damage":0.0,"enemies":"Jaw Worm","floor":7.0,"turns":1.0},{"damage":6.0,"enemies":"Blue Slaver","floor":8.0,"turns":4.0},{"damage":10.0,"enemies":"Replay:BlueRogue","floor":11.0,"turns":9.0},{"damage":1.0,"enemies":"Exordium Wildlife","floor":12.0,"turns":3.0},{"damage":0.0,"enemies":"Large Slime","floor":13.0,"turns":2.0},{"damage":1.0,"enemies":"3 Louse","floor":14.0,"turns":3.0},{"damage":24.0,"enemies":"Slime Boss","floor":16.0,"turns":6.0},{"damage":4.0,"enemies":"Chosen","floor":18.0,"turns":5.0},{"damage":31.0,"enemies":"2 Thieves","floor":19.0,"turns":5.0},{"damage":22.0,"enemies":"Snake Plant","floor":21.0,"turns":5.0},{"damage":37.0,"enemies":"Slavers","floor":23.0,"turns":7.0},{"damage":17.0,"enemies":"Centurion and Healer","floor":24.0,"turns":6.0},{"damage":67.0,"enemies":"Nightmare","floor":25.0,"turns":11.0},{"damage":24.0,"enemies":"Shelled Parasite and Fungi","floor":27.0,"turns":6.0},{"damage":4.0,"enemies":"Cultist and Chosen","floor":28.0,"turns":6.0},{"damage":46,"enemies":"Collector","floor":33,"turns":8},{"damage":0,"enemies":"Orb Walker","floor":35,"turns":3},{"damage":44,"enemies":"2 Orb Walkers","floor":36,"turns":5},{"damage":3,"enemies":"Giant Head","floor":40,"turns":6},{"damage":0,"enemies":"3 Darklings","floor":41,"turns":3},{"damage":0,"enemies":"Jaw Worm Horde","floor":44,"turns":5},{"damage":0,"enemies":"Writhing Mass","floor":46,"turns":1}],"seed_played":"-2166509103799017141","potions_obtained":[{"floor":1.0,"key":"BlessingOfTheForge"},{"floor":7.0,"key":"DuplicationPotion"},{"floor":11.0,"key":"Fire Potion"},{"floor":12.0,"key":"LiquidBronze"},{"floor":18.0,"key":"Swift Potion"},{"floor":24.0,"key":"Weak Potion"},{"floor":25.0,"key":"FearPotion"},{"floor":27.0,"key":"AttackPotion"},{"floor":28.0,"key":"SteroidPotion"},{"floor":33,"key":"Milkshake"},{"floor":35,"key":"BlessingOfTheForge"},{"floor":36,"key":"SkillPotion"},{"floor":40,"key":"Adrenaline Potion"},{"floor":41,"key":"Swift Potion"},{"floor":44,"key":"SkillPotion"}],"is_trial":false,"path_per_floor":["M","$","?","M","$","R","M","M","T","R","E","M","M","M","R","B",null,"M","M","?","M","$","E","M","NM","T","M","M","?","R","AVR","R","B",null,"M","?","$","?","T","E","M","R","T","M","$","M"],"character_chosen":"THE_FORSAKEN","items_purchased":["hubris:FruitBowl","hubris:EvacipatedBox","reliquary:FingerTrap","Replay:Ringing Soul","Pear","reliquary:Stiletto","Guide Book","infinitespire:Joker Card","theForsaken:MagicWeapon"],"campfire_rested":1,"item_purchase_floors":[2,2,2,22,37,45,45,45,45],"current_hp_per_floor":[65,17,17,21,21,40,40,57,57,57,57,58,58,65,65,54,65,61,49,49,46,46,27,36,23,23,146,147,147,147,151,151,127,147,158,130,145,145,145,181,185,185,185,189,193,193,193],"gold":5332,"neow_bonus":"THREE_ENEMY_KILL","is_daily":false,"chose_seed":false,"campfire_upgraded":4,"win_rate":0.0,"timestamp":1613462111,"path_taken":["M","?","?","M","$","R","M","M","T","R","E","M","?","M","R","BOSS","M","M","?","M","$","E","M","NM","T","M","?","?","R","AVR","R","BOSS","M","?","$","?","?","E","M","R","T","?","$","M"],"items_purchased_type":["Relic","Relic","Relic","Relic","Relic","Relic","Relic","Relic","Card"],"build_version":"2020-12-22","purchased_purges":4,"victory":false,"max_hp_per_floor":[65,65,65,65,65,65,65,65,65,65,65,65,65,65,65,65,65,65,65,65,65,65,65,65,65,65,150,150,150,150,154,154,154,154,158,162,177,177,177,181,185,185,185,189,193,193,193],"card_choices":[{"not_picked":["theForsaken:ScorchingSunlight","theForsaken:BlightOfFamine"],"picked":"theForsaken:BountifulSunlight","floor":1.0},{"not_picked":["theForsaken:DarkBarrier","theForsaken:WordOfPower","theForsaken:RainingSunlight"],"picked":"SKIP","floor":4.0},{"not_picked":["theForsaken:InspiringBlow","theForsaken:PreciseStrike"],"picked":"theForsaken:QuickAttack","floor":7.0},{"not_picked":["theForsaken:FuryStrikes","theForsaken:HymnOfRest","theForsaken:ShieldBash"],"picked":"SKIP","floor":8.0},{"not_picked":["theForsaken:SolarFlare","theForsaken:SpinAttack"],"picked":"theForsaken:Confusion","floor":11.0},{"not_picked":["theForsaken:InspiringBlow","theForsaken:Eulogy"],"picked":"theForsaken:HymnOfPatience","floor":12.0},{"not_picked":["theForsaken:InspiringBlow","theForsaken:Thunderbolt","theForsaken:ShieldCharge"],"picked":"SKIP","floor":13.0},{"not_picked":["theForsaken:DarkBarrier","theForsaken:FatRoll","theForsaken:BlindFaith"],"picked":"SKIP","floor":14.0},{"not_picked":["theForsaken:AncientWords","theForsaken:BindingThorns"],"picked":"theForsaken:BlessedWeapon","floor":18.0},{"not_picked":["theForsaken:CreepingInfection","theForsaken:SiphonStrike","theForsaken:Preservation"],"picked":"SKIP","floor":19.0},{"not_picked":["theForsaken:LightRoll","theForsaken:Riposte"],"picked":"theForsaken:QuickAttack","floor":21.0},{"not_picked":["theForsaken:AncientWords+1","theForsaken:RainingSunlight","theForsaken:WardingHymn"],"picked":"SKIP","floor":23.0},{"not_picked":["theForsaken:PanicDive","theForsaken:Devotion","theForsaken:CowardsBrand"],"picked":"SKIP","floor":24.0},{"not_picked":["theForsaken:CreepingInfection","theForsaken:Riposte+1","theForsaken:CorruptDeck"],"picked":"SKIP","floor":25.0},{"not_picked":["theForsaken:AncientWords","theForsaken:SolarFlare","theForsaken:Thunderbolt+1"],"picked":"SKIP","floor":27.0},{"not_picked":["theForsaken:PreciseStrike+1","theForsaken:PowerUp+1","theForsaken:PanicDive+1"],"picked":"SKIP","floor":28.0},{"not_picked":["theForsaken:ShieldBash+1","theForsaken:Backlash+1","theForsaken:FatRoll+1"],"picked":"theForsaken:AncientWords","floor":35},{"not_picked":["theForsaken:Parry+1","theForsaken:ChargeAttack","theForsaken:CreepingInfection+1"],"picked":"theForsaken:QuickAttack","floor":36},{"not_picked":["theForsaken:ShieldBash","theForsaken:DarkBargain+1","theForsaken:FatRoll+1"],"picked":"theForsaken:CorruptedForm","floor":40},{"not_picked":["theForsaken:HorrifyingStrike","theForsaken:Parry+1","theForsaken:PowerUp+1"],"picked":"theForsaken:MagicWeapon+1","floor":41},{"not_picked":["theForsaken:Backlash+1","theForsaken:Prudence","theForsaken:WordsOfPestilence"],"picked":"theForsaken:BountifulSunlight+1","floor":44}],"player_experience":488676,"relics_obtained":[{"floor":9.0,"key":"Replay:Bottled Eggs"},{"floor":11.0,"key":"Nunchaku"},{"floor":23.0,"key":"Replay:Baseball"},{"floor":25.0,"key":"White Beast Statue"},{"floor":26.0,"key":"Toxic Egg 2"},{"floor":36,"key":"Calipers"},{"floor":39,"key":"Simple Rune"},{"floor":40,"key":"Omamori"},{"floor":43,"key":"Happy Flower"}],"event_choices":[{"damage_healed":0.0,"max_hp_gain":0.0,"max_hp_loss":0.0,"gold_gain":0.0,"event_name":"NoteForYourself","player_choice":"Ignored","floor":20.0,"gold_loss":0.0,"damage_taken":0.0},{"damage_healed":0,"gold_gain":0,"player_choice":"POTION POTION POTION POTION POTION ","damage_taken":46,"max_hp_gain":0,"max_hp_loss":0,"event_name":"Knowing Skull","floor":29,"potions_obtained":["Venom Potion","Dexterity Potion","CultistPotion","CultistPotion","SpeedPotion"],"gold_loss":0,"cards_obtained":[]},{"damage_healed":0,"gold_gain":0,"player_choice":"Fight","damage_taken":0,"max_hp_gain":0,"max_hp_loss":0,"event_name":"Mysterious Sphere","floor":36,"gold_loss":0}],"is_beta":false,"boss_relics":[{"not_picked":["Ring of Chaos","Cursed Key","reliquary:RedCape"],"picked":"Coffee Dripper"},{"not_picked":["theForsaken:ArmorOfThorns","Replay:Ancient Bell","energizedSpire:StickyHand"],"picked":"Honey Jar"}],"items_purged_floors":[5,31,37,45],"is_endless":true,"potions_floor_spawned":[1,7,11,12,18,24,25,27,28,33,35,36,40,41,44],"killed_by":"Writhing Mass","ascension_level":0}}