{"host":"n5x0e04y88v3omrc","time":1613457187,"event":{"mods":["Aspiration","BaseMod","Colored Powertips","Downfall","Minty Spire (QoL Compilation)","Reimu£®≤©¿ˆ¡È√Œ£©","Remilia£®¿Ÿ√◊¿Ú—«£©","Replay The Spire","Shop Mod","StSLib","The Animator"],"gold_per_floor":[115,134,84,104,54,54,54,54,54,54,67,67,67,12,12,108,108,123,136,61,61,81,7,106,106,106],"floor_reached":25,"language":"ZHS","playtime":1226,"items_purged":["Strike_R"],"score":189,"play_id":"9097d9e1-279b-4a82-9f0d-2255ca13118b","local_time":"20210216143307","is_ascension_mode":false,"campfire_choices":[{"data":"Cleave","floor":6,"key":"SMITH"},{"floor":10,"key":"RECALL"},{"data":"Anger","floor":12,"key":"SMITH"},{"floor":15,"key":"REST"}],"circlet_count":0,"master_deck":["Strike_R","Strike_R","Strike_R","Defend_R","Defend_R","Defend_R","Bash","Cleave+1","Reckless Charge","Anger+1","Evolve","ReplayTheSpireMod:Limb From Limb+1","Iron Wave","Offering","Anger","Cleave","Evolve"],"relics":["Burning Blood","aspiration:Nostalgia","m_DevilBlood","GremlinMask","Dream Catcher","ChewingGum"],"acts_visited":["Exordium","TheCity"],"potions_floor_usage":[16,16,22],"damage_taken":[{"damage":6,"enemies":"Cultist","floor":1,"turns":3},{"damage":0,"enemies":"2 Louse","floor":2,"turns":2},{"damage":1,"enemies":"Jaw Worm","floor":4,"turns":3},{"damage":17,"enemies":"Exordium Thugs","floor":11,"turns":4},{"damage":30,"enemies":"Fading Forest","floor":16,"turns":11},{"damage":11,"enemies":"Chosen","floor":18,"turns":3},{"damage":35,"enemies":"Shell Parasite","floor":19,"turns":4},{"damage":29,"enemies":"Shelled Parasite and Fungi","floor":22,"turns":3},{"damage":25,"enemies":"Snecko","floor":25,"turns":3}],"seed_played":"-5495085138909366717","potions_obtained":[{"floor":1,"key":"Dexterity Potion"},{"floor":2,"key":"Fire Potion"},{"floor":18,"key":"Death Potion"},{"floor":22,"key":"Ancient Potion"}],"is_trial":false,"path_per_floor":["M","M","?","M","$","R","?","?","T","R","M","R","?","$","R","B",null,"M","M","$","?","M","$","?","M"],"character_chosen":"IRONCLAD","items_purchased":["Anger","ReplayTheSpireMod:Limb From Limb+1","Evolve"],"campfire_rested":1,"item_purchase_floors":[5,14,23],"current_hp_per_floor":[80,80,80,80,80,80,73,73,73,73,62,62,55,55,79,77,80,75,46,46,46,23,23,23,0,0],"gold":106,"neow_bonus":"NOSTALGIA","is_daily":false,"chose_seed":false,"campfire_upgraded":2,"win_rate":0.0,"timestamp":1613457187,"path_taken":["M","M","?","M","$","R","?","?","T","R","?","R","?","$","R","BOSS","M","M","$","?","M","?","?","M"],"items_purchased_type":["Card","Card","Card"],"build_version":"2020-12-22","purchased_purges":1,"victory":false,"max_hp_per_floor":[80,80,80,80,80,80,80,80,80,80,80,80,80,80,80,80,80,80,80,80,80,80,80,80,80,80],"card_choices":[{"not_picked":["Heavy Blade","Body Slam"],"picked":"Cleave","floor":1},{"not_picked":["Havoc","Clothesline"],"picked":"Reckless Charge","floor":2},{"not_picked":["Body Slam","Heavy Blade","hexamod:SixthSeal"],"picked":"SKIP","floor":4},{"not_picked":["ReplayTheSpireMod:Limb From Limb","hexamod:SpectersWail"],"picked":"Evolve","floor":11},{"not_picked":["Searing Blow","Headbutt"],"picked":"Iron Wave","floor":15},{"not_picked":["Demonic Infusion","Replay:Many Hands"],"picked":"Offering","floor":16},{"not_picked":["Warcry","Cleave","Anger"],"picked":"SKIP","floor":18},{"not_picked":["Entrench","Clash"],"picked":"Anger","floor":19},{"not_picked":["Rupture","ReplayTheSpireMod:Strike From Hell"],"picked":"Cleave","floor":22}],"player_experience":62847,"relics_obtained":[],"event_choices":[{"cards_removed":["Strike_R"],"damage_healed":0,"gold_gain":0,"player_choice":"Card Removal","damage_taken":0,"max_hp_gain":0,"max_hp_loss":0,"event_name":"The Cleric","floor":3,"gold_loss":50},{"cards_removed":["Defend_R"],"damage_healed":0,"gold_gain":0,"player_choice":"Card Removal","damage_taken":7,"max_hp_gain":0,"max_hp_loss":0,"event_name":"Golden Wing","floor":7,"gold_loss":0},{"damage_healed":0,"gold_gain":0,"player_choice":"Trade","damage_taken":0,"relics_obtained":["GremlinMask"],"max_hp_gain":0,"max_hp_loss":0,"event_name":"FaceTrader","floor":8,"gold_loss":0},{"damage_healed":0,"gold_gain":0,"player_choice":"Success","damage_taken":7,"relics_obtained":["Dream Catcher"],"max_hp_gain":0,"max_hp_loss":0,"event_name":"Scrap Ooze","floor":13,"gold_loss":0},{"damage_healed":0,"gold_gain":0,"player_choice":"Ignored","damage_taken":0,"max_hp_gain":0,"max_hp_loss":0,"event_name":"Vampires","floor":21,"gold_loss":0},{"damage_healed":0,"gold_gain":99,"player_choice":"Stole From Cult","damage_taken":0,"max_hp_gain":0,"max_hp_loss":0,"event_name":"Nest","floor":24,"gold_loss":0}],"is_beta":false,"boss_relics":[{"not_picked":["aspiration:RunicSpoon","bronze:MakeshiftBattery"],"picked":"ChewingGum"}],"items_purged_floors":[20],"is_endless":false,"potions_floor_spawned":[1,2,18,22],"killed_by":"Snecko","ascension_level":0}}