{"host":"8d3fefv2347kqkpz","time":1613443139,"event":{"mods":["AchievementEnabler","Aspiration","BaseMod","Better Vampires","BetterRewards","Colored Map","Colored Powertips","Downfall","Emptier Cage","Highlight Path","Marked Mod","Minty Spire (QoL Compilation)","Permanent Neow","Quick Restart","Rare Cards Sparkle","Relic Stats","Say the Spire","Spicy Shops","StSLib","Waifu the Spire"],"gold_per_floor":[99,116,130,130,130,149,174,174,194,194,211,238,238,31,45,45,45,45],"floor_reached":16,"language":"ZHS","playtime":3107,"items_purged":["bronze:Strike"],"score":102,"play_id":"e71b4564-0b52-4899-b7a0-cd7defcd5b3e","local_time":"20210216103859","is_ascension_mode":false,"campfire_choices":[{"data":"Apotheosis","floor":1.0,"key":"SMITH"},{"data":"bronze:Goto","floor":8.0,"key":"SMITH"},{"floor":13,"key":"REST"}],"circlet_count":0,"master_deck":["bronze:Strike","bronze:Strike","bronze:Strike","bronze:Defend","bronze:Defend","bronze:Defend","bronze:Defend","bronze:Replicate","bronze:Goto+1","Apotheosis+1","bronze:Overheat","bronze:Break","bronze:NullPointer"],"relics":["bronze:BronzeCore","Kunai","downfall:BrokenWingStatue","Membership Card"],"acts_visited":["Exordium"],"potions_floor_usage":[15,16],"damage_taken":[{"damage":1.0,"enemies":"Small Slimes","floor":2.0,"turns":4.0},{"damage":0.0,"enemies":"2 Louse","floor":3.0,"turns":2.0},{"damage":1.0,"enemies":"Jaw Worm","floor":6.0,"turns":4.0},{"damage":9.0,"enemies":"2 Fungi Beasts","floor":9.0,"turns":2.0},{"damage":10,"enemies":"Large Slime","floor":11,"turns":4},{"damage":32,"enemies":"3 Sentries","floor":12,"turns":9},{"damage":1,"enemies":"downfall:FleeingMerchant","floor":14,"turns":4},{"damage":6,"enemies":"Exordium Thugs","floor":15,"turns":4},{"damage":14,"enemies":"WA_ARCHETYPE_RETAIN","floor":16,"turns":6}],"seed_played":"5537201913286332847","potions_obtained":[{"floor":2.0,"key":"Weak Potion"},{"floor":3.0,"key":"ColorlessPotion"},{"floor":15,"key":"Fire Potion"}],"is_trial":false,"path_per_floor":["R","M","M","?","?","M","T","R","M","?","M","E","R","$","M","B"],"character_chosen":"THE_AUTOMATON","items_purchased":["Membership Card"],"campfire_rested":1,"item_purchase_floors":[14],"current_hp_per_floor":[63,62,62,55,55,54,54,54,45,45,35,3,21,20,14,0,0,0],"gold":45,"neow_bonus":"RANDOM_COLORLESS_2","is_daily":false,"chose_seed":false,"campfire_upgraded":2,"win_rate":0.0,"timestamp":1613443139,"path_taken":["R","M","M","?","?","M","T","R","M","?","M","E","R","$","M","BOSS"],"items_purchased_type":["Relic"],"build_version":"2020-12-22","purchased_purges":1,"victory":false,"max_hp_per_floor":[63,63,63,63,63,63,63,63,63,63,63,63,63,63,63,63,63,63],"relic_stats":{"counters":[9,39],"Kunai":[7],"obtain_stats":[{"bronze:BronzeCore":0,"downfall:BrokenWingStatue":10,"Kunai":4,"Membership Card":14},{"bronze:BronzeCore":0,"downfall:BrokenWingStatue":4,"Kunai":2,"Membership Card":7},{"bronze:BronzeCore":0,"downfall:BrokenWingStatue":12,"Kunai":6,"Membership Card":29}]},"card_choices":[{"not_picked":["HandOfGreed","Secret Weapon"],"picked":"Apotheosis","floor":0.0},{"not_picked":["bronze:Return","bronze:Flail"],"picked":"bronze:Overheat","floor":2.0},{"not_picked":["bronze:Frontload","bronze:Constructor","bronze:Deprecate"],"picked":"SKIP","floor":3.0},{"not_picked":["bronze:Constructor","bronze:Frontload"],"picked":"bronze:Break","floor":6.0},{"not_picked":["bronze:Deprecate","bronze:Turbo","bronze:BitShift"],"picked":"SKIP","floor":9.0},{"not_picked":["bronze:DelayedSlice","bronze:ChildClass"],"picked":"bronze:NullPointer","floor":11},{"not_picked":["bronze:DelayedSlice","bronze:ItsAFeature","bronze:MaxOutput"],"picked":"SKIP","floor":12},{"not_picked":["bronze:OilSpill","bronze:ForLoop","bronze:DarkDash"],"picked":"SKIP","floor":14},{"not_picked":["bronze:WildBeam","bronze:BitShift","bronze:CutThrough"],"picked":"SKIP","floor":15}],"player_experience":413418,"relics_obtained":[],"event_choices":[{"damage_healed":0.0,"max_hp_gain":0.0,"max_hp_loss":0.0,"gold_gain":0.0,"event_name":"Scrap Ooze","player_choice":"Success","floor":4.0,"gold_loss":0.0,"damage_taken":7.0,"relics_obtained":["Kunai"]}],"is_beta":false,"boss_relics":[],"items_purged_floors":[14],"is_endless":false,"potions_floor_spawned":[2,3,15],"killed_by":"WA_ARCHETYPE_RETAIN","ascension_level":0}}