{"host":"7hgb9mjb8q1kiawz","time":1613493093,"event":{"mods":["BaseMod","Better Third Choice","Colored Map","Marisa????????","Minty Spire (QoL Compilation)","Replay The Spire","StSLib","The Cursed","The Disciple","The Servant 0.9.4"],"gold_per_floor":[112,112,13,13,34,34,50,50,50],"floor_reached":8,"language":"ENG","playtime":338,"items_purged":["Strike_G"],"score":90,"play_id":"7738a5ff-4200-4f23-ba7a-d73a60409f00","local_time":"20210216173133","is_ascension_mode":true,"campfire_choices":[{"data":"Dagger Spray","floor":6,"key":"SMITH"}],"circlet_count":0,"master_deck":["AscendersBane","Strike_G","Strike_G","Strike_G","Strike_G","Defend_G","Defend_G","Defend_G","Defend_G","Survivor","Neutralize","All Out Attack","Backflip","Dagger Spray+1","Deflect"],"relics":["Cursed Key","Golden Idol"],"acts_visited":["Exordium"],"potions_floor_usage":[8,8],"damage_taken":[{"damage":0,"enemies":"2 Louse","floor":1,"turns":4},{"damage":0,"enemies":"Cultist","floor":5,"turns":4},{"damage":9,"enemies":"Jaw Worm","floor":7,"turns":2},{"damage":42,"enemies":"Lagavulin","floor":8,"turns":10}],"seed_played":"3680246710013239875","potions_obtained":[{"floor":5,"key":"Regen Potion"},{"floor":7,"key":"Swift Potion"}],"is_trial":false,"path_per_floor":["M","?","$","?","M","R","M","E"],"character_chosen":"THE_SILENT","items_purchased":["Backflip"],"campfire_rested":0,"item_purchase_floors":[3],"current_hp_per_floor":[59,59,59,59,59,59,50,23,23],"gold":50,"neow_bonus":"BOSS_RELIC","is_daily":false,"chose_seed":false,"campfire_upgraded":1,"win_rate":0.0,"timestamp":1613493093,"path_taken":["M","?","$","?","M","R","?","E"],"items_purchased_type":["Card"],"build_version":"2020-12-22","purchased_purges":1,"victory":false,"max_hp_per_floor":[66,60,60,60,60,60,60,60,60],"card_choices":[{"not_picked":["Dagger Throw","Cloak And Dagger"],"picked":"All Out Attack","floor":1},{"not_picked":["Toxin Wave","Night Terror"],"picked":"Dagger Spray","floor":5},{"not_picked":["Bane","Blade Dance"],"picked":"Deflect","floor":7}],"player_experience":832511,"relics_obtained":[],"event_choices":[{"damage_healed":0,"gold_gain":0,"player_choice":"Lose Max HP","damage_taken":0,"relics_obtained":["Golden Idol"],"max_hp_gain":0,"max_hp_loss":6,"event_name":"Golden Idol","floor":2,"gold_loss":0},{"cards_removed":["Defend_G"],"damage_healed":0,"gold_gain":0,"player_choice":"Purged","damage_taken":0,"max_hp_gain":0,"max_hp_loss":0,"event_name":"Purifier","floor":4,"gold_loss":0}],"is_beta":false,"boss_relics":[],"items_purged_floors":[3],"is_endless":false,"potions_floor_spawned":[5,7],"killed_by":"Lagavulin","ascension_level":19}}