{"host":"lg1piimdyocafd6j","time":1613497139,"event":{"mods":["AchievementEnabler","BaseMod","Better Third Choice","BetterRewards","Colored Map","Colored Powertips","Downfall","Minty Spire (QoL Compilation)","Quick Restart","Rare Cards Sparkle","Remove Card Discount Mod","Shop Mod","StSLib","SuperFastMode"],"gold_per_floor":[113,124,124,124,143,186,186,211,211,211,235,153,169,169,169,299,299,313,313,336,336,336,336,336,336,363,404,158,171,184,184,184,308,308,326,326,390,453,453,494,494,302,302,325,325,325,214,238,238,238,238,238,51,89,89,89],"floor_reached":55,"language":"ENG","playtime":3846,"items_purged":["Strike_B","Strike_B","Strike_B","Strike_B","Dualcast","Defend_B","Defend_B","Zap","Conserve Battery","Defend_B","Defend_B","Cold Snap+1","Consume","Leap","Cold Snap+1","Cold Snap+1","Reinforced Body","FTL+1","FTL+1"],"score":886,"play_id":"739eb697-0404-4df7-8a1e-7a207d502d22","local_time":"20210216183859","is_ascension_mode":false,"campfire_choices":[{"floor":7,"key":"RECALL"},{"floor":10,"key":"REST"},{"data":"Steam","floor":15,"key":"SMITH"},{"data":"Steam","floor":23,"key":"SMITH"},{"floor":32,"key":"REST"},{"data":"Secret Technique","floor":41,"key":"SMITH"},{"data":"Steam","floor":45,"key":"SMITH"},{"data":"Reboot","floor":49,"key":"SMITH"},{"data":"Steam","floor":52,"key":"SMITH"}],"circlet_count":0,"master_deck":["Scrape+1","Go for the Eyes+1","Steam+1","Go for the Eyes+1","Beam Cell+1","Glacier","Steam+1","Reboot","Reboot+1","Gash+1","Gash+1","Steam+1","Secret Technique+1","Steam+1","Gash+1","Stack","Scrape+1","Glacier"],"relics":["Cracked Core","Molten Egg 2","Orrery","Dream Catcher","Golden Idol","Frozen Egg 2","Eternal Feather","Vajra","Cables","DollysMirror","Sozu","Dead Branch","TungstenRod","Kunai","Membership Card","Darkstone Periapt","Blue Candle","Anchor","FossilizedHelix","Bottled Lightning"],"acts_visited":["Exordium","TheCity","TheBeyond","TheEnding"],"potions_floor_usage":[50,55],"damage_taken":[{"damage":0,"enemies":"2 Louse","floor":1,"turns":2},{"damage":0,"enemies":"Jaw Worm","floor":2,"turns":3},{"damage":0,"enemies":"Small Slimes","floor":5,"turns":2},{"damage":0,"enemies":"Lagavulin","floor":6,"turns":4},{"damage":1,"enemies":"2 Fungi Beasts","floor":8,"turns":2},{"damage":0,"enemies":"Looter","floor":11,"turns":2},{"damage":1,"enemies":"3 Louse","floor":13,"turns":4},{"damage":0,"enemies":"Hexaghost","floor":16,"turns":11},{"damage":0,"enemies":"Spheric Guardian","floor":18,"turns":6},{"damage":0,"enemies":"Shell Parasite","floor":20,"turns":7},{"damage":16,"enemies":"Gremlin Leader","floor":27,"turns":8},{"damage":0,"enemies":"Cultist and Chosen","floor":29,"turns":2},{"damage":5,"enemies":"Centurion and Healer","floor":30,"turns":3},{"damage":0,"enemies":"Collector","floor":33,"turns":7},{"damage":6,"enemies":"3 Shapes","floor":35,"turns":3},{"damage":5,"enemies":"2 Orb Walkers","floor":37,"turns":5},{"damage":0,"enemies":"Mind Bloom Boss Battle","floor":38,"turns":6},{"damage":14,"enemies":"Nemesis","floor":40,"turns":7},{"damage":0,"enemies":"Orb Walker","floor":44,"turns":1},{"damage":0,"enemies":"Jaw Worm Horde","floor":48,"turns":6},{"damage":8,"enemies":"Time Eater","floor":50,"turns":12},{"damage":0,"enemies":"Shield and Spear","floor":54,"turns":7},{"damage":80,"enemies":"The Heart","floor":55,"turns":9}],"seed_played":"9201561008843383826","potions_obtained":[{"floor":5,"key":"Dexterity Potion"},{"floor":8,"key":"sneckomod:MuddlingPotion"},{"floor":11,"key":"Strength Potion"}],"is_trial":false,"path_per_floor":["M","M","?","?","M","E","R","M","T","R","M","$","M","?","R","B",null,"M","?","M","?","?","R","?","T","T","E","$","M","M","?","R","B",null,"M","?","?","?","?","E","R","$","T","M","R","?","$","M","R","B",null,"R","$","E","B"],"character_chosen":"DEFECT","items_purchased":["Molten Egg 2","Cold Snap+1","FTL+1","Cold Snap+1","Orrery","Dream Catcher","Reboot","FTL+1","DollysMirror","Membership Card","Gash+1","Scrape+1","Anchor","Glacier","FossilizedHelix"],"campfire_rested":2,"item_purchase_floors":[0,0,0,0,0,0,12,28,28,42,42,47,47,53,53],"current_hp_per_floor":[75,75,75,57,57,57,57,56,56,75,75,75,74,79,79,79,80,80,80,80,80,80,80,80,80,80,64,64,64,59,59,80,80,80,74,74,69,69,69,55,64,64,64,64,73,69,69,69,76,68,76,76,76,76,0,0],"gold":89,"neow_bonus":"","is_daily":false,"chose_seed":false,"campfire_upgraded":6,"win_rate":0.0,"timestamp":1613497139,"path_taken":["M","M","?","?","M","E","R","M","T","R","?","$","M","?","R","BOSS","M","?","M","?","?","R","?","?","T","E","?","?","M","?","R","BOSS","M","?","?","?","?","E","R","$","T","M","R","?","$","?","R","BOSS","R","$","E","BOSS"],"items_purchased_type":["Relic","Card","Card","Card","Relic","Relic","Card","Card","Relic","Relic","Card","Card","Relic","Card","Relic"],"build_version":"2020-12-22","purchased_purges":19,"victory":false,"max_hp_per_floor":[75,75,75,75,75,75,75,75,75,75,75,75,75,80,80,80,80,80,80,80,80,80,80,80,80,80,80,80,80,80,80,80,80,80,80,80,80,80,76,76,76,76,76,76,76,76,76,76,76,76,76,76,76,76,76,76],"card_choices":[{"not_picked":["Streamline+1","Cold Snap+1"],"picked":"Conserve Battery","floor":0},{"not_picked":["Creative AI","Hologram"],"picked":"Scrape+1","floor":0},{"not_picked":["Machine Learning","Rebound+1"],"picked":"Go for the Eyes+1","floor":0},{"not_picked":["Genetic Algorithm","Stack"],"picked":"Steam","floor":0},{"not_picked":["Stack","Reinforced Body"],"picked":"Go for the Eyes+1","floor":0},{"not_picked":["Stack","Storm","Redo"],"picked":"SKIP","floor":1},{"not_picked":["Recycle","Hologram","Blizzard+1"],"picked":"SKIP","floor":2},{"not_picked":["Leap","Self Repair"],"picked":"Beam Cell+1","floor":5},{"not_picked":["Chaos","Fission"],"picked":"Consume","floor":6},{"not_picked":["Compile Driver+1","Sweeping Beam+1"],"picked":"Leap","floor":8},{"not_picked":["Heatsinks+1","Hello World+1"],"picked":"Glacier","floor":10},{"not_picked":["Coolheaded","Turbo"],"picked":"Steam","floor":11},{"not_picked":["Coolheaded","Sweeping Beam+1","Redo"],"picked":"SKIP","floor":13},{"not_picked":["Creative AI+1","Buffer+1"],"picked":"Reboot","floor":16},{"not_picked":["Force Field","Chill+1","Consume+1"],"picked":"SKIP","floor":18},{"not_picked":["Leap+1","Hologram"],"picked":"Cold Snap+1","floor":20},{"not_picked":["Creative AI+1","Steam"],"picked":"Gash+1","floor":27},{"not_picked":["Aggregate","Go for the Eyes+1"],"picked":"Reinforced Body","floor":29},{"not_picked":["Cold Snap+1","Coolheaded","Tempest"],"picked":"SKIP","floor":30},{"not_picked":["Hello World+1","Hologram"],"picked":"Steam","floor":32},{"not_picked":["Ball Lightning+1","Reprogram+1","Conserve Battery"],"picked":"SKIP","floor":35},{"not_picked":["Flash of Steel+1","Mind Blast+1"],"picked":"Secret Technique","floor":36},{"not_picked":["Darkness+1","Stack"],"picked":"Steam","floor":38},{"not_picked":["Steam Power+1","Stack+1","Compile Driver+1"],"picked":"SKIP","floor":40},{"not_picked":["Darkness","Leap+1"],"picked":"Stack","floor":44},{"not_picked":["Storm+1","Turbo","Conserve Battery+1"],"picked":"SKIP","floor":48},{"not_picked":["Heatsinks+1","Cold Snap+1","Sweeping Beam+1"],"picked":"SKIP","floor":54}],"player_experience":140489,"relics_obtained":[{"floor":6,"key":"Frozen Egg 2"},{"floor":25,"key":"Eternal Feather"},{"floor":26,"key":"Vajra"},{"floor":27,"key":"Cables"},{"floor":37,"key":"Dead Branch"},{"floor":38,"key":"TungstenRod"},{"floor":40,"key":"Kunai"},{"floor":43,"key":"Darkstone Periapt"},{"floor":54,"key":"Bottled Lightning"}],"event_choices":[{"damage_healed":0,"gold_gain":0,"player_choice":"Ignored","damage_taken":124,"max_hp_gain":0,"max_hp_loss":0,"event_name":"betterThird:BetterSerpent","floor":3,"gold_loss":0},{"damage_healed":0,"gold_gain":0,"player_choice":"Take Damage","damage_taken":18,"relics_obtained":["Golden Idol"],"max_hp_gain":0,"max_hp_loss":0,"event_name":"Golden Idol","floor":4,"gold_loss":0},{"damage_healed":0,"gold_gain":0,"player_choice":"Donut","damage_taken":0,"max_hp_gain":5,"max_hp_loss":0,"event_name":"Big Fish","floor":14,"gold_loss":0},{"damage_healed":0,"gold_gain":0,"player_choice":"Ignored","damage_taken":0,"max_hp_gain":0,"max_hp_loss":0,"event_name":"Vampires","floor":19,"gold_loss":0},{"damage_healed":0,"gold_gain":0,"player_choice":"Ignored","damage_taken":0,"max_hp_gain":0,"max_hp_loss":0,"event_name":"The Mausoleum","floor":22,"gold_loss":0},{"damage_healed":0,"gold_gain":0,"player_choice":"Adaptability","damage_taken":0,"max_hp_gain":0,"max_hp_loss":0,"event_name":"betterThird:BetterWriting","floor":24,"gold_loss":0},{"damage_healed":0,"gold_gain":0,"player_choice":"Ignored","damage_taken":0,"max_hp_gain":0,"max_hp_loss":0,"event_name":"Ghosts","floor":31,"gold_loss":0},{"damage_healed":0,"gold_gain":0,"player_choice":"Memory 1","damage_taken":0,"max_hp_gain":0,"max_hp_loss":0,"event_name":"SensoryStone","floor":36,"gold_loss":0},{"damage_healed":0,"gold_gain":0,"player_choice":"Fight","damage_taken":0,"max_hp_gain":0,"max_hp_loss":0,"event_name":"Mysterious Sphere","floor":37,"gold_loss":0},{"damage_healed":0,"gold_gain":0,"player_choice":"Fight","damage_taken":0,"max_hp_gain":0,"max_hp_loss":0,"event_name":"MindBloom","floor":38,"gold_loss":0},{"damage_healed":0,"gold_gain":0,"player_choice":"Max HP","damage_taken":0,"max_hp_gain":0,"max_hp_loss":4,"event_name":"Winding Halls","floor":39,"gold_loss":0}],"is_beta":false,"boss_relics":[{"not_picked":["Ectoplasm","Coffee Dripper","SacredBark"]},{"not_picked":["Inserter","Busted Crown"],"picked":"Sozu"}],"items_purged_floors":[0,0,0,0,0,12,12,12,28,28,28,28,28,28,42,42,42,42,42],"is_endless":false,"potions_floor_spawned":[5,8,11,20,29,38,44,48,54],"killed_by":"The Heart","ascension_level":0}}