{"host":"sc0o2qwpf9j16a4i","time":1613484195,"event":{"mods":["AchievementEnabler","BaseMod","BetterRewards","Block Reminder","Colored Map","Colored Powertips","Custom Start","Highlight Path","Minty Spire (QoL Compilation)","Relic Stats"],"gold_per_floor":[119,119,135,16,191,225,225,275,275,19,93,93,28,56,56,184,184,214,498,538,566,566,566],"floor_reached":22,"language":"ENG","playtime":675,"items_purged":[],"score":210,"play_id":"36dc1789-9c98-4f78-bcef-d95f94aa8400","local_time":"20210216160315","daily_mods":["Chimera","Time Dilation","DeadlyEvents"],"is_ascension_mode":false,"campfire_choices":[{"data":"Defragment","floor":7,"key":"SMITH"},{"data":"Sunder","floor":12,"key":"SMITH"},{"data":"Defragment","floor":15,"key":"SMITH"}],"circlet_count":0,"master_deck":["Bash","Survivor","Zap","Eruption","Strike_R","Strike_G","Strike_B","Defend_R","Defend_G","Defend_P","Conserve Battery","Injury","Ball Lightning","Defragment+1","Sunder+1","Doubt","Barrage","Self Repair","Capacitor","Sweeping Beam","Loop","Turbo","Defragment+1","Seek","Conserve Battery","Regret","Defragment","Steam"],"relics":["Cracked Core","Golden Idol","Shuriken","CeramicFish","Mango","Medical Kit","Black Star","White Beast Statue","Meat on the Bone"],"acts_visited":["Exordium","TheCity"],"potions_floor_usage":[16,20,22],"damage_taken":[{"damage":0,"enemies":"Small Slimes","floor":1,"turns":2},{"damage":0,"enemies":"2 Louse","floor":3,"turns":3},{"damage":14,"enemies":"Lagavulin","floor":6,"turns":8},{"damage":34,"enemies":"3 Sentries","floor":8,"turns":6},{"damage":6,"enemies":"Cultist","floor":14,"turns":3},{"damage":30,"enemies":"The Guardian","floor":16,"turns":9},{"damage":14,"enemies":"Shell Parasite","floor":18,"turns":5},{"damage":39,"enemies":"Gremlin Leader","floor":20,"turns":8},{"damage":32,"enemies":"3 Byrds","floor":21,"turns":5},{"damage":39,"enemies":"Shelled Parasite and Fungi","floor":22,"turns":6}],"seed_played":"-2486936335470932574","potions_obtained":[{"floor":6,"key":"FocusPotion"},{"floor":8,"key":"FearPotion"},{"floor":16,"key":"Dexterity Potion"},{"floor":21,"key":"GamblersBrew"}],"is_trial":true,"path_per_floor":["M","?","M","$","?","E","R","E","T","$","?","R","$","M","R","B",null,"M","?","E","M","M"],"character_chosen":"DEFECT","items_purchased":["Defragment","Sunder","Capacitor","Medical Kit","Sweeping Beam","Loop","Turbo"],"campfire_rested":0,"item_purchase_floors":[4,4,10,10,10,13,13],"current_hp_per_floor":[75,75,75,75,75,61,61,27,41,41,41,41,41,35,35,12,89,82,82,50,37,0,0],"gold":566,"neow_bonus":"","is_daily":false,"chose_seed":false,"campfire_upgraded":3,"win_rate":0.0,"timestamp":1613484195,"path_taken":["M","?","M","$","?","E","R","E","T","$","?","R","$","?","R","BOSS","M","?","?","M","M"],"items_purchased_type":["Card","Card","Card","Relic","Card","Card","Card"],"build_version":"2020-12-22","purchased_purges":0,"victory":false,"max_hp_per_floor":[75,75,75,75,75,75,75,75,89,89,89,89,89,89,89,89,89,89,89,89,89,89,89],"relic_stats":{"counters":[10,54],"Golden Idol":60,"Shuriken":[2],"CeramicFish":99,"Black Star":1,"Medical Kit":[0],"obtain_stats":[{"Golden Idol":2,"Shuriken":6,"CeramicFish":8,"Mango":9,"Black Star":17,"Cracked Core":0,"Medical Kit":10,"White Beast Statue":20,"Meat on the Bone":20},{"Golden Idol":1,"Shuriken":3,"CeramicFish":4,"Mango":4,"Black Star":6,"Cracked Core":0,"Medical Kit":4,"White Beast Statue":8,"Meat on the Bone":8},{"Golden Idol":2,"Shuriken":13,"CeramicFish":19,"Mango":19,"Black Star":30,"Cracked Core":0,"Medical Kit":19,"White Beast Statue":43,"Meat on the Bone":43}],"Meat on the Bone":12},"card_choices":[{"not_picked":["Stack","Recycle"],"picked":"Conserve Battery","floor":1},{"not_picked":["Rip and Tear","Reinforced Body"],"picked":"Ball Lightning","floor":3},{"not_picked":["Sweeping Beam","Steam Power"],"picked":"Barrage","floor":6},{"not_picked":["Doom and Gloom","Go for the Eyes"],"picked":"Self Repair","floor":8},{"not_picked":["BootSequence","Coolheaded"],"picked":"Defragment","floor":14},{"not_picked":["Thunder Strike","Core Surge"],"picked":"Seek","floor":16},{"not_picked":["Redo","Hello World"],"picked":"Conserve Battery","floor":18},{"not_picked":["Ball Lightning","Chill"],"picked":"Defragment","floor":20},{"not_picked":["Rebound+1","Compile Driver+1"],"picked":"Steam","floor":21}],"player_experience":1443969,"relics_obtained":[{"floor":6,"key":"Shuriken"},{"floor":8,"key":"CeramicFish"},{"floor":9,"key":"Mango"},{"floor":20,"key":"White Beast Statue"},{"floor":20,"key":"Meat on the Bone"}],"event_choices":[{"damage_healed":0,"gold_gain":0,"player_choice":"Take Wound","damage_taken":0,"relics_obtained":["Golden Idol"],"max_hp_gain":0,"max_hp_loss":0,"event_name":"Golden Idol","floor":2,"gold_loss":0,"cards_obtained":["Injury"]},{"damage_healed":0,"gold_gain":175,"player_choice":"AGREE","damage_taken":0,"max_hp_gain":0,"max_hp_loss":0,"event_name":"Liars Game","floor":5,"gold_loss":0,"cards_obtained":["Doubt"]},{"damage_healed":0,"gold_gain":74,"player_choice":"Gained Gold","damage_taken":0,"max_hp_gain":0,"max_hp_loss":0,"event_name":"Golden Wing","floor":11,"gold_loss":0},{"damage_healed":0,"gold_gain":275,"player_choice":"Desecrate","damage_taken":0,"max_hp_gain":0,"max_hp_loss":0,"event_name":"Golden Shrine","floor":19,"gold_loss":0,"cards_obtained":["Regret"]}],"is_beta":false,"boss_relics":[{"not_picked":["Tiny House","Busted Crown"],"picked":"Black Star"}],"items_purged_floors":[],"is_endless":false,"potions_floor_spawned":[6,8,16,21],"killed_by":"Shelled Parasite and Fungi","ascension_level":0}}