{"host":"p0hktren06injwdf","time":1613436597,"event":{"mods":["AchievementEnabler","BaseMod","Colored Map","DeckTracker","Minty Spire (QoL Compilation)","Permanent Neow","StSLib","SuperFastMode"],"gold_per_floor":[111,125,136,155,155,184,184,200,225,236,265,265,265,289,289,385,385,400,433,454,227,248,248,52,76,76,96,129,129,129,168,168,168,168],"floor_reached":33,"language":"KOR","playtime":767,"items_purged":["Strike_R","Strike_R"],"score":598,"play_id":"2b938b0f-e55a-478a-8607-627b8a632d2f","local_time":"20210216094957","is_ascension_mode":true,"campfire_choices":[{"data":"Perfected Strike","floor":7.0,"key":"SMITH"},{"data":"Uppercut","floor":13.0,"key":"SMITH"},{"data":"Evolve","floor":15.0,"key":"SMITH"},{"floor":23.0,"key":"REST"},{"floor":30,"key":"REST"},{"floor":32,"key":"REST"}],"circlet_count":0,"master_deck":["AscendersBane","Strike_R","Strike_R","Strike_R","Defend_R","Defend_R","Defend_R","Defend_R","Bash","Feed","Perfected Strike+1","Uppercut+1","Feel No Pain","Twin Strike","Evolve+1","Reckless Charge","Pommel Strike","Impervious","Offering","Wild Strike","Shrug It Off","True Grit","Fire Breathing","Disarm","Inflame","Intimidate","Impervious"],"relics":["Burning Blood","Pen Nib","Orichalcum","Oddly Smooth Stone","Golden Idol","SacredBark","Red Mask","Membership Card","Happy Flower","Gremlin Horn","Omamori","Vajra","Art of War"],"acts_visited":["Exordium","TheCity"],"potions_floor_usage":[27,28],"damage_taken":[{"damage":1.0,"enemies":"Cultist","floor":1.0,"turns":3.0},{"damage":0.0,"enemies":"2 Louse","floor":2.0,"turns":3.0},{"damage":7.0,"enemies":"Jaw Worm","floor":3.0,"turns":2.0},{"damage":1.0,"enemies":"Large Slime","floor":4.0,"turns":6.0},{"damage":23.0,"enemies":"3 Sentries","floor":6.0,"turns":9.0},{"damage":16.0,"enemies":"Exordium Thugs","floor":8.0,"turns":3.0},{"damage":6.0,"enemies":"Looter","floor":10.0,"turns":3.0},{"damage":23.0,"enemies":"Lagavulin","floor":11.0,"turns":6.0},{"damage":0.0,"enemies":"2 Fungi Beasts","floor":14.0,"turns":2.0},{"damage":12.0,"enemies":"Slime Boss","floor":16.0,"turns":7.0},{"damage":23.0,"enemies":"Shell Parasite","floor":18.0,"turns":4.0},{"damage":24.0,"enemies":"Masked Bandits","floor":19.0,"turns":4.0},{"damage":12.0,"enemies":"Chosen","floor":20.0,"turns":4.0},{"damage":13.0,"enemies":"Snake Plant","floor":22.0,"turns":4.0},{"damage":16.0,"enemies":"Cultist and Chosen","floor":25.0,"turns":6.0},{"damage":23,"enemies":"Snecko","floor":27,"turns":4},{"damage":21,"enemies":"Book of Stabbing","floor":28,"turns":7},{"damage":21,"enemies":"Gremlin Leader","floor":31,"turns":6},{"damage":156,"enemies":"Collector","floor":33,"turns":13}],"seed_played":"-235217934457734475","potions_obtained":[{"floor":2.0,"key":"Swift Potion"},{"floor":4.0,"key":"AttackPotion"},{"floor":6.0,"key":"SkillPotion"},{"floor":11.0,"key":"DistilledChaos"},{"floor":18.0,"key":"Swift Potion"},{"floor":22.0,"key":"LiquidMemories"},{"floor":27,"key":"Dexterity Potion"},{"floor":28,"key":"FairyPotion"}],"is_trial":false,"path_per_floor":["M","M","M","M","?","E","R","M","T","M","E","?","R","M","R","B",null,"M","?","M","$","M","R","$","M","T","M","E","T","R","E","R","B"],"character_chosen":"IRONCLAD","items_purchased":["Membership Card","True Grit","Happy Flower","Disarm","Inflame"],"campfire_rested":3,"item_purchase_floors":[21,21,24,24,24],"current_hp_per_floor":[71,74,73,77,82,65,65,55,55,58,41,41,41,50,50,47,74,57,39,36,36,29,54,54,44,44,30,15,15,41,26,52,0,0],"gold":168,"neow_bonus":"THREE_RARE_CARDS","is_daily":false,"chose_seed":false,"campfire_upgraded":3,"win_rate":0.0,"timestamp":1613436597,"path_taken":["M","M","?","M","?","E","R","M","T","M","E","?","R","M","R","BOSS","M","?","M","$","M","R","$","M","T","M","E","?","R","E","R","BOSS"],"items_purchased_type":["Relic","Card","Relic","Card","Card"],"build_version":"2020-12-22","purchased_purges":2,"victory":false,"max_hp_per_floor":[71,74,74,77,82,82,82,82,82,85,85,77,77,80,80,83,83,83,83,86,86,86,86,86,86,86,89,89,89,89,89,89,89,89],"card_choices":[{"not_picked":["Limit Break","Juggernaut"],"picked":"Feed","floor":0.0},{"not_picked":["Second Wind","Flex"],"picked":"Perfected Strike","floor":1.0},{"not_picked":["Anger","Headbutt"],"picked":"Uppercut","floor":2.0},{"not_picked":["Dropkick","Ghostly Armor"],"picked":"Feel No Pain","floor":3.0},{"not_picked":["Sword Boomerang","Searing Blow"],"picked":"Twin Strike","floor":4.0},{"not_picked":["Wild Strike","Entrench"],"picked":"Evolve","floor":6.0},{"not_picked":["Anger","Havoc"],"picked":"Reckless Charge","floor":8.0},{"not_picked":["Pummel","Hemokinesis"],"picked":"Pommel Strike","floor":10.0},{"not_picked":["Body Slam","Flex","Clash"],"picked":"SKIP","floor":11.0},{"not_picked":["Feel No Pain","Pommel Strike"],"picked":"Impervious","floor":14.0},{"not_picked":["Reaper","Bludgeon"],"picked":"Offering","floor":16.0},{"not_picked":["Thunderclap","Clothesline"],"picked":"Wild Strike","floor":18.0},{"not_picked":["Havoc","Iron Wave"],"picked":"Shrug It Off","floor":19.0},{"not_picked":["Searing Blow","Evolve","Berserk"],"picked":"SKIP","floor":20.0},{"not_picked":["Pummel","Rampage"],"picked":"Fire Breathing","floor":22.0},{"not_picked":["Rage","Perfected Strike"],"picked":"Intimidate","floor":25.0},{"not_picked":["Wild Strike+1","Flex","Cleave"],"picked":"SKIP","floor":27},{"not_picked":["Body Slam","Rage","Iron Wave"],"picked":"SKIP","floor":28},{"not_picked":["Carnage","Flex"],"picked":"Impervious","floor":31}],"player_experience":1062668,"relics_obtained":[{"floor":6.0,"key":"Pen Nib"},{"floor":9.0,"key":"Orichalcum"},{"floor":11.0,"key":"Oddly Smooth Stone"},{"floor":19.0,"key":"Red Mask"},{"floor":26.0,"key":"Gremlin Horn"},{"floor":28,"key":"Omamori"},{"floor":29,"key":"Vajra"},{"floor":31,"key":"Art of War"}],"event_choices":[{"damage_healed":0.0,"max_hp_gain":5.0,"max_hp_loss":0.0,"gold_gain":0.0,"event_name":"Big Fish","player_choice":"Donut","floor":5.0,"gold_loss":0.0,"damage_taken":0.0},{"damage_healed":0.0,"max_hp_gain":0.0,"max_hp_loss":8.0,"gold_gain":0.0,"event_name":"Golden Idol","player_choice":"Lose Max HP","floor":12.0,"gold_loss":0.0,"damage_taken":0.0,"relics_obtained":["Golden Idol"]},{"damage_healed":0.0,"max_hp_gain":0.0,"max_hp_loss":0.0,"gold_gain":0.0,"event_name":"Masked Bandits","player_choice":"Fought Bandits","floor":19.0,"gold_loss":0.0,"damage_taken":0.0}],"is_beta":false,"boss_relics":[{"not_picked":["Pandora\u0027s Box","Runic Pyramid"],"picked":"SacredBark"}],"items_purged_floors":[21,24],"is_endless":false,"potions_floor_spawned":[2,4,6,10,11,18,22,27,28],"killed_by":"Collector","ascension_level":20}}