{"host":"blnmo1e2jbqugfxh","time":1613445960,"event":{"mods":["2.2 Compatiblity","Astrologer","Bard","BaseMod","Beaked The Cultist","Colored Powertips","Conspire","Downfall","Friendly Minions","Googly Eyes","Hermit","Highlight Path","Hubris","Infinite Spire","Lobotomy","Marisa????????","Mimic Mod","Minty Spire (QoL Compilation)","Prisma Mod","Quick Restart","Rare Cards Sparkle","Replay The Spire","Shop Mod","StSLib","The Construct","The Cursed","The Disciple","The Exalted","The Hierophant","The Mystic","The Servant 0.9.4"],"gold_per_floor":[112,130,1,13,13,41,41,60,84,94,94,120,120,136,136,240,240,255,155,155],"floor_reached":19,"language":"ENG","playtime":830,"items_purged":["downfall:Bewildered"],"score":179,"play_id":"1cc383c5-6590-4c9a-9a3a-454dbf5540a0","local_time":"20210215222600","is_ascension_mode":false,"campfire_choices":[{"data":"Whirlwind","floor":7,"key":"SMITH"},{"data":"Flex","floor":13,"key":"SMITH"},{"data":"Bash","floor":15,"key":"SMITH"}],"circlet_count":0,"master_deck":["Strike_R","Strike_R","Strike_R","Strike_R","Defend_R+1","Defend_R","Defend_R","Bash","Hemokinesis","conspire:ExplosiveBarrier+1","Iron Wave","Whirlwind+1","Flex+1","Pummel","Run Through","Twin Strike","ReplayTheSpireMod:Strike From Hell","Bash+1","Berserk","Spot Weakness","Hemogenesis","Sickly","hubris:Lust","ReplayTheSpireMod:Strike From Hell+1"],"relics":["Burning Blood","infinitespire:CheckeredPen","War Paint","Red Skull","Replay:Ancient Bell","MealTicket","Bromod:ArcaneDeflection","hubris:64BitClover"],"acts_visited":["Exordium","TheCity"],"potions_floor_usage":[12],"damage_taken":[{"damage":12,"enemies":"Cultist","floor":1,"turns":5},{"damage":2,"enemies":"2 Louse","floor":2,"turns":3},{"damage":2,"enemies":"Small Slimes","floor":4,"turns":3},{"damage":8,"enemies":"Gremlin Nob","floor":6,"turns":4},{"damage":15,"enemies":"Red Slaver","floor":8,"turns":3},{"damage":3,"enemies":"Exordium Wildlife","floor":10,"turns":3},{"damage":11,"enemies":"Lagavulin","floor":12,"turns":4},{"damage":7,"enemies":"Looter","floor":14,"turns":2},{"damage":35,"enemies":"Fading Forest","floor":16,"turns":11},{"damage":34,"enemies":"2 Thieves","floor":18,"turns":5},{"damage":14,"enemies":"3 Byrds","floor":19,"turns":3}],"seed_played":"-6086306329732327791","potions_obtained":[{"floor":6,"key":"Slimebound:ThreeZeroPotion"},{"floor":8,"key":"LifebloodPotion"},{"floor":10,"key":"Toxic Potion"},{"floor":16,"key":"LiquidMemories"},{"floor":18,"key":"hexamod:SoulburnPotion"}],"is_trial":false,"path_per_floor":["M","M","$","M","?","E","R","M","T","M","?","E","R","M","R","B",null,"M","M"],"character_chosen":"IRONCLAD","items_purchased":["Flex"],"campfire_rested":0,"item_purchase_floors":[3],"current_hp_per_floor":[74,78,78,80,80,78,78,69,69,72,72,67,67,66,66,47,80,57,43,43],"gold":155,"neow_bonus":"TRANSFORM_TWO_CARDS","is_daily":false,"chose_seed":false,"campfire_upgraded":3,"win_rate":0.0,"timestamp":1613445960,"path_taken":["M","M","$","?","?","E","R","M","T","M","?","E","R","M","R","BOSS","M","M"],"items_purchased_type":["Card"],"build_version":"2020-12-22","purchased_purges":1,"victory":false,"max_hp_per_floor":[80,80,80,80,80,80,80,80,80,80,80,80,80,80,80,80,80,80,80,80],"card_choices":[{"not_picked":["Clash","Run Through"],"picked":"Iron Wave","floor":1},{"not_picked":["Heavy Blade","Burning Pact"],"picked":"Whirlwind","floor":2},{"not_picked":["Clothesline","Headbutt"],"picked":"Pummel","floor":4},{"not_picked":["Offering","Defy Death"],"picked":"Run Through","floor":6},{"not_picked":["Cleave","Burning Pact"],"picked":"Twin Strike","floor":8},{"not_picked":["Hemokinesis","Thunderclap"],"picked":"ReplayTheSpireMod:Strike From Hell","floor":10},{"not_picked":["ReplayTheSpireMod:LeadingStrike","Headbutt"],"picked":"Berserk","floor":12},{"not_picked":["Flex","True Grit"],"picked":"Spot Weakness","floor":14},{"not_picked":["conspire:HitWhereItHurts","Berserk"],"picked":"Hemogenesis","floor":16},{"not_picked":["hubris:Lust","Amnesia"],"picked":"Sickly","floor":17},{"not_picked":["CurseOfTheBell","Pain"],"picked":"hubris:Lust","floor":17},{"not_picked":["Doubt","Replay:Sluggish"],"picked":"ReplayTheSpireMod:IOU","floor":17},{"not_picked":["Power Through","conspire:Purge"],"picked":"ReplayTheSpireMod:Strike From Hell+1","floor":18}],"player_experience":43866,"relics_obtained":[{"floor":6,"key":"infinitespire:CheckeredPen"},{"floor":9,"key":"War Paint"},{"floor":12,"key":"Red Skull"}],"event_choices":[{"damage_healed":0,"gold_gain":0,"player_choice":"Disagree","damage_taken":0,"max_hp_gain":0,"max_hp_loss":0,"event_name":"conspire:LoneGhost","floor":5,"gold_loss":0},{"damage_healed":0,"gold_gain":0,"player_choice":"1 cards matched","damage_taken":0,"max_hp_gain":0,"max_hp_loss":0,"event_name":"Match and Keep!","floor":11,"gold_loss":0,"cards_obtained":["Bash"]}],"is_beta":false,"boss_relics":[{"not_picked":["Busted Crown","Calling Bell"],"picked":"Replay:Ancient Bell"},{"not_picked":["King of Hearts","infinitespire:Beetle Shell"],"picked":"MealTicket"},{"not_picked":["ReplayTheSpireMod:Ninjato","Quantum Egg"],"picked":"Bromod:ArcaneDeflection"},{"not_picked":["construct:RocketBooster","Torii"],"picked":"hubris:64BitClover"}],"items_purged_floors":[3],"is_endless":false,"potions_floor_spawned":[6,8,10,16,18],"killed_by":"3 Byrds","ascension_level":0}}