{"host":"d2gh6suihlstufn7","time":1613495372,"event":{"mods":["AchievementEnabler","BaseMod","Colored Map","Colored Powertips","Minty Spire (QoL Compilation)","Permanent Neow","Quick Restart"],"gold_per_floor":[119,119,136,150,161,161,171,171,194,194,210,227,100,113,113,209,209,181,197,296,296,296,296],"floor_reached":22,"language":"KOR","playtime":725,"items_purged":["Strike_P"],"score":180,"play_id":"006ffaed-e1f5-4701-a6db-20f6cd9be912","local_time":"20210217020932","is_ascension_mode":false,"campfire_choices":[{"floor":6,"key":"RECALL"},{"data":"Adaptation","floor":8,"key":"SMITH"},{"floor":15,"key":"REST"}],"circlet_count":0,"master_deck":["Strike_P","Strike_P","Strike_P","Defend_P","Defend_P","Defend_P","Eruption+1","Vigilance","Adaptation+1","Tantrum"],"relics":["VioletLotus"],"acts_visited":["Exordium","TheCity"],"potions_floor_usage":[7,16,16,16,18],"damage_taken":[{"damage":17,"enemies":"Small Slimes","floor":1,"turns":5},{"damage":1,"enemies":"Jaw Worm","floor":3,"turns":5},{"damage":0,"enemies":"Cultist","floor":4,"turns":3},{"damage":13,"enemies":"3 Louse","floor":5,"turns":6},{"damage":3,"enemies":"Large Slime","floor":7,"turns":2},{"damage":0,"enemies":"Looter","floor":11,"turns":3},{"damage":4,"enemies":"Blue Slaver","floor":12,"turns":4},{"damage":7,"enemies":"Lots of Slimes","floor":14,"turns":4},{"damage":29,"enemies":"The Guardian","floor":16,"turns":6},{"damage":25,"enemies":"2 Thieves","floor":18,"turns":5},{"damage":32,"enemies":"Spheric Guardian","floor":19,"turns":6},{"damage":0,"enemies":"Snake Plant","floor":22,"turns":1}],"seed_played":"-5591617285033275376","potions_obtained":[{"floor":4,"key":"FearPotion"},{"floor":5,"key":"Explosive Potion"},{"floor":7,"key":"Fire Potion"},{"floor":14,"key":"PowerPotion"},{"floor":16,"key":"Explosive Potion"}],"is_trial":false,"path_per_floor":["M","?","M","M","M","R","M","R","T","?","M","M","$","M","R","B",null,"M","M","?","?","M"],"character_chosen":"WATCHER","items_purchased":["Strength Potion"],"campfire_rested":1,"item_purchase_floors":[13],"current_hp_per_floor":[55,48,47,47,34,34,31,31,31,31,31,27,27,20,41,12,72,47,15,15,15,15,15],"gold":296,"neow_bonus":"BOSS_RELIC","is_daily":false,"chose_seed":false,"campfire_upgraded":1,"win_rate":0.0,"timestamp":1613495372,"path_taken":["M","?","M","M","M","R","M","R","T","?","?","M","$","M","R","BOSS","M","M","?","?","M"],"items_purchased_type":["Potion"],"build_version":"2020-12-22","purchased_purges":1,"victory":false,"max_hp_per_floor":[72,72,72,72,72,72,72,72,72,72,72,72,72,72,72,72,72,72,72,72,72,72,72],"card_choices":[{"not_picked":["PathToVictory","Conclude","EmptyMind"],"picked":"SKIP","floor":1},{"not_picked":["Indignation","ReachHeaven","Consecrate"],"picked":"SKIP","floor":3},{"not_picked":["Crescendo","ReachHeaven"],"picked":"Adaptation","floor":4},{"not_picked":["Vengeance","BowlingBash","EmptyMind"],"picked":"SKIP","floor":5},{"not_picked":["CarveReality","FlurryOfBlows","WheelKick"],"picked":"SKIP","floor":7},{"not_picked":["CrushJoints","ClearTheMind","Crescendo"],"picked":"SKIP","floor":11},{"not_picked":["ClearTheMind","EmptyMind","ReachHeaven"],"picked":"SKIP","floor":12},{"not_picked":["ThirdEye","Devotion","Nirvana"],"picked":"SKIP","floor":14},{"not_picked":["Halt","Sanctity","FlurryOfBlows"],"picked":"SKIP","floor":18},{"not_picked":["LikeWater","Indignation"],"picked":"Tantrum","floor":19}],"player_experience":215718,"relics_obtained":[],"event_choices":[{"cards_removed":["Defend_P"],"damage_healed":0,"gold_gain":0,"player_choice":"Card Removal","damage_taken":7,"max_hp_gain":0,"max_hp_loss":0,"event_name":"Golden Wing","floor":2,"gold_loss":0},{"damage_healed":0,"gold_gain":0,"player_choice":"Upgraded","damage_taken":0,"max_hp_gain":0,"max_hp_loss":0,"event_name":"Upgrade Shrine","floor":10,"gold_loss":0,"cards_upgraded":["Eruption"]},{"damage_healed":0,"gold_gain":99,"player_choice":"Stole From Cult","damage_taken":0,"max_hp_gain":0,"max_hp_loss":0,"event_name":"Nest","floor":20,"gold_loss":0},{"damage_healed":0,"gold_gain":0,"player_choice":"Ignored","damage_taken":0,"max_hp_gain":0,"max_hp_loss":0,"event_name":"Cursed Tome","floor":21,"gold_loss":0}],"is_beta":false,"boss_relics":[{"not_picked":["Pandora\u0027s Box","Cursed Key","Astrolabe"]}],"items_purged_floors":[13],"is_endless":false,"potions_floor_spawned":[4,5,7,14,16],"killed_by":"Snake Plant","ascension_level":0}}