{"host":"0fm1w3v00gid44jl","time":1613458036,"event":{"mods":["AchievementEnabler","BaseMod","Colored Map","Colored Powertips","Displayed Cursed Tome","Googly Eyes","Highlight Path","Minty Spire (QoL Compilation)","Permanent Neow","Relic Stats","StSLib","SuperFastMode","slay the spire mod where everything is the same but ironclad has a cowboy hat"],"gold_per_floor":[111,131,148,220,170,203,203,232,255,255,275,293,293,293,293,392,392,412,412,121,138,155,155,173,173,173,173,22,98,98,111,111,207,207,223,6,6,6,18,51,51,104,104,118,118,118,128,128,128,128],"floor_reached":51,"language":"ENG","playtime":2622,"items_purged":[],"score":817,"play_id":"49f2bdd7-add1-49b3-852d-5d4f6fcbc5d6","local_time":"20210216004716","is_ascension_mode":true,"campfire_choices":[{"floor":10,"key":"REST"},{"floor":13,"key":"REST"},{"floor":15,"key":"REST"},{"floor":23,"key":"REST"},{"data":"Acrobatics","floor":25,"key":"SMITH"},{"data":"Acrobatics","floor":27,"key":"SMITH"},{"data":"Expertise","floor":30,"key":"SMITH"},{"floor":32,"key":"REST"},{"floor":41,"key":"REST"},{"floor":46,"key":"REST"},{"floor":49,"key":"REST"}],"circlet_count":0,"master_deck":["Strike_G","Strike_G","Defend_G","Defend_G","Defend_G","Defend_G","Survivor","Sucker Punch","Acrobatics+1","Underhanded Strike","Expertise+1","Backflip","Underhanded Strike","Tactician","Blade Dance","Unload","Acrobatics+1","Unload","All Out Attack","Pain","Bouncing Flask","Leg Sweep","Skewer+1","Bouncing Flask+1","A Thousand Cuts","Expertise+1","A Thousand Cuts","Deflect+1","Reflex+1","Eviscerate+1","Footwork","Master of Strategy","Crippling Poison+1","Bouncing Flask+1","Bouncing Flask","Predator+1","Underhanded Strike","Iron Wave"],"relics":["Snecko Eye","Anchor","Dream Catcher","Boot","TungstenRod","HoveringKite","WarpedTongs","Gremlin Horn","Ornamental Fan","HornCleat","Astrolabe","Membership Card","Gambling Chip","CaptainsWheel","Kunai"],"acts_visited":["Exordium","TheCity","TheBeyond"],"potions_floor_usage":[8,24,33,33,50,50],"damage_taken":[{"damage":2,"enemies":"Jaw Worm","floor":1,"turns":7},{"damage":0,"enemies":"2 Louse","floor":2,"turns":3},{"damage":0,"enemies":"Cultist","floor":3,"turns":5},{"damage":18,"enemies":"Gremlin Nob","floor":6,"turns":4},{"damage":23,"enemies":"Lagavulin","floor":8,"turns":7},{"damage":13,"enemies":"Exordium Thugs","floor":11,"turns":5},{"damage":9,"enemies":"Exordium Wildlife","floor":12,"turns":4},{"damage":0,"enemies":"Hexaghost","floor":16,"turns":7},{"damage":6,"enemies":"Shell Parasite","floor":18,"turns":4},{"damage":4,"enemies":"2 Thieves","floor":21,"turns":3},{"damage":9,"enemies":"Snake Plant","floor":22,"turns":3},{"damage":0,"enemies":"3 Cultists","floor":24,"turns":3},{"damage":0,"enemies":"Centurion and Healer","floor":31,"turns":4},{"damage":11,"enemies":"Champ","floor":33,"turns":6},{"damage":1,"enemies":"Orb Walker","floor":35,"turns":3},{"damage":9,"enemies":"3 Darklings","floor":39,"turns":3},{"damage":39,"enemies":"Giant Head","floor":40,"turns":7},{"damage":3,"enemies":"2 Orb Walkers","floor":42,"turns":4},{"damage":7,"enemies":"Spire Growth","floor":44,"turns":3},{"damage":20,"enemies":"Maw","floor":47,"turns":5},{"damage":39,"enemies":"Donu and Deca","floor":50,"turns":8}],"seed_played":"-2775727242777952346","potions_obtained":[{"floor":3,"key":"Strength Potion"},{"floor":6,"key":"CultistPotion"},{"floor":11,"key":"Strength Potion"},{"floor":22,"key":"LiquidMemories"},{"floor":24,"key":"Strength Potion"},{"floor":44,"key":"DuplicationPotion"},{"floor":47,"key":"BlessingOfTheForge"}],"is_trial":false,"path_per_floor":["M","M","M","?","?","E","?","E","T","R","M","M","R","T","R","B",null,"M","?","$","M","M","R","M","R","T","R","$","T","R","M","R","B",null,"M","$","?","?","M","E","R","?","T","M","?","R","M","?","R","B",null],"character_chosen":"THE_SILENT","items_purchased":["Bouncing Flask","Gremlin Horn","A Thousand Cuts","Membership Card","Eviscerate","Footwork"],"campfire_rested":8,"item_purchase_floors":[20,20,28,36,36,36],"current_hp_per_floor":[68,68,68,68,68,50,43,20,20,41,28,19,40,40,61,61,70,64,64,64,60,51,70,70,70,70,70,70,70,70,70,70,59,70,69,69,60,60,51,12,33,30,30,23,23,44,24,24,45,6],"gold":128,"neow_bonus":"BOSS_RELIC","is_daily":false,"chose_seed":false,"campfire_upgraded":3,"win_rate":0.0,"timestamp":1613458036,"path_taken":["M","M","M","?","?","E","?","E","T","R","M","?","R","?","R","BOSS","M","?","$","M","M","R","M","R","T","R","$","?","R","?","R","BOSS","M","$","?","?","?","E","R","?","T","M","?","R","M","?","R","BOSS"],"items_purchased_type":["Card","Relic","Card","Relic","Card","Card"],"build_version":"2020-12-22","purchased_purges":0,"victory":true,"max_hp_per_floor":[70,70,70,70,70,70,70,70,70,70,70,70,70,70,70,70,70,70,70,70,70,70,70,70,70,70,70,70,70,70,70,70,70,70,70,70,70,70,70,70,70,70,70,70,70,70,70,70,70,70],"relic_stats":{"Gremlin Horn":[7,7],"counters":[21,98],"Astrolabe":["Deflect","Reflex","Storm of Steel"],"HoveringKite":[42],"Boot":[59],"WarpedTongs":[51],"Dream Catcher":8,"Ornamental Fan":[96],"Gambling Chip":[13],"Snecko Eye":[229,212,187,223],"Kunai":[7],"obtain_stats":[{"Gremlin Horn":20,"Astrolabe":34,"HoveringKite":17,"Boot":9,"WarpedTongs":19,"Anchor":6,"Dream Catcher":8,"CaptainsWheel":42,"HornCleat":29,"Ornamental Fan":26,"Gambling Chip":40,"Snecko Eye":0,"Membership Card":36,"Kunai":43,"TungstenRod":14,"Ring of the Snake":0},{"Gremlin Horn":9,"Astrolabe":14,"HoveringKite":8,"Boot":5,"WarpedTongs":9,"Anchor":4,"Dream Catcher":5,"CaptainsWheel":18,"HornCleat":12,"Ornamental Fan":12,"Gambling Chip":17,"Snecko Eye":0,"Membership Card":15,"Kunai":18,"TungstenRod":7,"Ring of the Snake":0},{"Gremlin Horn":46,"Astrolabe":65,"HoveringKite":42,"Boot":26,"WarpedTongs":46,"Anchor":19,"Dream Catcher":26,"CaptainsWheel":82,"HornCleat":55,"Ornamental Fan":55,"Gambling Chip":78,"Snecko Eye":0,"Membership Card":68,"Kunai":82,"TungstenRod":35,"Ring of the Snake":0}],"TungstenRod":66},"card_choices":[{"not_picked":["Distraction","Setup"],"picked":"Sucker Punch","floor":1},{"not_picked":["Bane","Poisoned Stab"],"picked":"Acrobatics","floor":2},{"not_picked":["Venomology","Caltrops"],"picked":"Underhanded Strike","floor":3},{"not_picked":["Outmaneuver","Masterful Stab"],"picked":"Expertise","floor":6},{"not_picked":["Malaise","Poisoned Stab"],"picked":"Backflip","floor":8},{"not_picked":["Deflect","Dagger Spray"],"picked":"Underhanded Strike","floor":10},{"not_picked":["Dodge and Roll","Slice"],"picked":"Tactician","floor":11},{"not_picked":["Accuracy","Blur"],"picked":"Blade Dance","floor":12},{"not_picked":["PiercingWail","Flying Knee"],"picked":"Unload","floor":13},{"not_picked":["Prepared","PiercingWail"],"picked":"Acrobatics","floor":15},{"not_picked":["Venomology","Adrenaline"],"picked":"Unload","floor":16},{"not_picked":["Endless Agony+1","Flying Knee"],"picked":"All Out Attack","floor":18},{"not_picked":["Cloak And Dagger","Flechettes","Blade Dance"],"picked":"SKIP","floor":21},{"not_picked":["Deflect","Masterful Stab"],"picked":"Leg Sweep","floor":22},{"not_picked":["Poisoned Stab","Acrobatics"],"picked":"Skewer+1","floor":23},{"not_picked":["Dodge and Roll","Deflect"],"picked":"Bouncing Flask+1","floor":24},{"not_picked":["Masterful Stab","Concentrate","Poisoned Stab"],"picked":"SKIP","floor":31},{"not_picked":["Dodge and Roll","Setup"],"picked":"Expertise+1","floor":32},{"not_picked":["Doppelganger","Grand Finale"],"picked":"A Thousand Cuts","floor":33},{"not_picked":["Outmaneuver","Blade Dance","Escape Plan"],"picked":"SKIP","floor":35},{"not_picked":["Bandage Up","Trip"],"picked":"Master of Strategy","floor":37},{"not_picked":["Infinite Blades+1","Sucker Punch"],"picked":"Crippling Poison+1","floor":39},{"not_picked":["Backflip","Unload"],"picked":"Bouncing Flask+1","floor":40},{"not_picked":["Blur","Infinite Blades"],"picked":"Bouncing Flask","floor":41},{"not_picked":["Acrobatics+1","Dodge and Roll"],"picked":"Predator+1","floor":42},{"not_picked":["Quick Slash+1","Masterful Stab+1","Concentrate"],"picked":"SKIP","floor":44},{"not_picked":["Terror","Flying Knee"],"picked":"Underhanded Strike","floor":46},{"not_picked":["Blur+1","Outmaneuver","Dagger Throw"],"picked":"SKIP","floor":47}],"player_experience":1120621,"relics_obtained":[{"floor":6,"key":"Anchor"},{"floor":8,"key":"Dream Catcher"},{"floor":9,"key":"Boot"},{"floor":14,"key":"TungstenRod"},{"floor":26,"key":"Ornamental Fan"},{"floor":29,"key":"HornCleat"},{"floor":40,"key":"Gambling Chip"},{"floor":42,"key":"CaptainsWheel"},{"floor":43,"key":"Kunai"}],"event_choices":[{"damage_healed":0,"gold_gain":72,"player_choice":"Gained Gold","damage_taken":0,"max_hp_gain":0,"max_hp_loss":0,"event_name":"Golden Wing","floor":4,"gold_loss":0},{"cards_removed":["Neutralize"],"damage_healed":0,"gold_gain":0,"player_choice":"Card Removal","damage_taken":0,"max_hp_gain":0,"max_hp_loss":0,"event_name":"The Cleric","floor":5,"gold_loss":50},{"damage_healed":0,"gold_gain":0,"player_choice":"Damaged","damage_taken":7,"max_hp_gain":0,"max_hp_loss":0,"event_name":"Wheel of Change","floor":7,"gold_loss":0},{"damage_healed":0,"gold_gain":0,"player_choice":"Rummage","damage_taken":0,"relics_obtained":["WarpedTongs"],"max_hp_gain":0,"max_hp_loss":0,"event_name":"Accursed Blacksmith","floor":19,"gold_loss":0,"cards_obtained":["Pain"]},{"damage_healed":0,"gold_gain":0,"player_choice":"Memory 3","damage_taken":10,"max_hp_gain":0,"max_hp_loss":0,"event_name":"SensoryStone","floor":37,"gold_loss":0},{"damage_healed":0,"gold_gain":0,"player_choice":"Upgraded","damage_taken":0,"max_hp_gain":0,"max_hp_loss":0,"event_name":"Upgrade Shrine","floor":38,"gold_loss":0,"cards_upgraded":["Eviscerate"]},{"damage_healed":0,"gold_gain":0,"player_choice":"Fight","damage_taken":0,"max_hp_gain":0,"max_hp_loss":0,"event_name":"Mysterious Sphere","floor":42,"gold_loss":0},{"cards_removed":["Defend_G"],"damage_healed":0,"gold_gain":0,"player_choice":"Removed Skill","damage_taken":0,"max_hp_gain":0,"max_hp_loss":0,"event_name":"Falling","floor":45,"gold_loss":0},{"cards_removed":["Storm of Steel"],"damage_healed":0,"gold_gain":0,"player_choice":"Took Card","damage_taken":0,"max_hp_gain":0,"max_hp_loss":0,"event_name":"NoteForYourself","floor":48,"gold_loss":0,"cards_obtained":["Iron Wave"]}],"is_beta":false,"boss_relics":[{"not_picked":["Busted Crown","Black Star"],"picked":"HoveringKite"},{"not_picked":["Philosopher\u0027s Stone","Runic Dome"],"picked":"Astrolabe"}],"items_purged_floors":[],"is_endless":false,"potions_floor_spawned":[3,6,11,22,24,44,47],"ascension_level":1}}