{"host":"wxz7488rqrwl2v46","time":1613479846,"event":{"mods":["BaseMod","Minty Spire (QoL Compilation)","Quick Restart","Replay The Spire","StSLib"],"gold_per_floor":[116,116,116,41,52,79,97,128,128,128,128,145,156,213,213,309,309,322,422,435,350,367,367,379,379,379,411,411,411,411],"floor_reached":29,"language":"ZHS","playtime":1318,"items_purged":["Strike_R"],"score":317,"play_id":"d0b45d9b-4d62-4fb5-b9d5-9cce351a1ca2","local_time":"20210216205046","is_ascension_mode":true,"campfire_choices":[{"floor":11,"key":"REST"},{"floor":15,"key":"REST"},{"floor":23,"key":"REST"},{"data":"Flex","floor":25,"key":"SMITH"},{"floor":28,"key":"REST"}],"circlet_count":0,"master_deck":["Strike_R","Strike_R+1","Strike_R","Strike_R","Defend_R","Defend_R","Defend_R","Defend_R","Bash","Havoc","Sword Boomerang","Flex+1","Headbutt","True Grit","Thunderclap","Headbutt+1","ReplayTheSpireMod:Muscle Training","Flex","Havoc+1","Clash","Defy Death+1"],"relics":["Burning Blood","NeowsBlessing","Ring of Hypnosis","Ring of Searing","FaceOfCleric","Smiling Mask","Quantum Egg","Juzu Bracelet","Whetstone","Electric Blood","Shuriken","StoneCalendar"],"acts_visited":["Exordium","TheCity"],"potions_floor_usage":[16,27],"damage_taken":[{"damage":0,"enemies":"2 Louse","floor":1,"turns":1},{"damage":0,"enemies":"Cultist","floor":5,"turns":1},{"damage":0,"enemies":"Gremlin Nob","floor":6,"turns":1},{"damage":15,"enemies":"Small Slimes","floor":7,"turns":4},{"damage":51,"enemies":"3 Sentries","floor":8,"turns":10},{"damage":6,"enemies":"Blue Slaver","floor":12,"turns":4},{"damage":23,"enemies":"Lots of Slimes","floor":13,"turns":4},{"damage":29,"enemies":"Fading Forest","floor":16,"turns":11},{"damage":26,"enemies":"3 Byrds","floor":18,"turns":5},{"damage":51,"enemies":"Shell Parasite","floor":20,"turns":6},{"damage":35,"enemies":"Snake Plant","floor":22,"turns":3},{"damage":24,"enemies":"Cultist and Chosen","floor":24,"turns":5},{"damage":39,"enemies":"Replay:Snechameleon","floor":27,"turns":6},{"damage":43,"enemies":"Centurion and Healer","floor":29,"turns":4}],"seed_played":"7875934638988714390","potions_obtained":[{"floor":1,"key":"Swift Potion"},{"floor":7,"key":"FairyPotion"},{"floor":12,"key":"Cursed Concoction"},{"floor":24,"key":"HeartOfIron"}],"is_trial":false,"path_per_floor":["M","?","?","$","M","E","M","E","T","?","R","M","M","?","R","B",null,"M","?","M","?","M","R","M","R","T","E","R","M"],"character_chosen":"IRONCLAD","items_purchased":[],"campfire_rested":4,"item_purchase_floors":[],"current_hp_per_floor":[80,80,80,80,81,82,74,30,30,35,61,62,46,10,37,43,92,73,73,29,29,35,63,46,46,46,14,43,0,0],"gold":411,"neow_bonus":"THREE_ENEMY_KILL","is_daily":false,"chose_seed":false,"campfire_upgraded":1,"win_rate":0.0,"timestamp":1613479846,"path_taken":["M","?","?","$","M","E","M","E","T","?","R","M","M","?","R","BOSS","M","?","M","?","M","R","M","R","T","E","R","M"],"items_purchased_type":[],"build_version":"2020-12-22","purchased_purges":1,"victory":false,"max_hp_per_floor":[80,80,80,80,81,82,83,84,84,89,89,90,91,91,91,92,92,93,93,94,94,95,95,96,96,96,97,97,97,97],"card_choices":[{"not_picked":["Wild Strike","Sever Soul"],"picked":"Havoc","floor":1},{"not_picked":["Reckless Charge","True Grit"],"picked":"Sword Boomerang","floor":5},{"not_picked":["Armaments","Fire Breathing"],"picked":"Flex","floor":6},{"not_picked":["Ghostly Armor","Twin Strike"],"picked":"Headbutt","floor":7},{"not_picked":["Whirlwind","Combust"],"picked":"True Grit","floor":8},{"not_picked":["Dropkick","ReplayTheSpireMod:Corrosion Curse"],"picked":"Thunderclap","floor":12},{"not_picked":["Run Through","Havoc"],"picked":"Headbutt","floor":13},{"not_picked":["Havoc","Body Slam"],"picked":"ReplayTheSpireMod:Muscle Training","floor":14},{"not_picked":["ReplayReversal","Body Slam","Clothesline"],"picked":"SKIP","floor":18},{"not_picked":["Whirlwind+1","Reckless Charge+1"],"picked":"Flex","floor":20},{"not_picked":["ReplayTheSpireMod:Strike From Hell","Battle Trance+1"],"picked":"Havoc+1","floor":22},{"not_picked":["True Grit","Wild Strike"],"picked":"Clash","floor":24},{"not_picked":["Dual Wield","Life Link"],"picked":"Defy Death+1","floor":27}],"player_experience":53660,"relics_obtained":[{"floor":2,"key":"Ring of Hypnosis"},{"floor":2,"key":"Ring of Searing"},{"floor":6,"key":"Smiling Mask"},{"floor":8,"key":"Quantum Egg"},{"floor":9,"key":"Juzu Bracelet"},{"floor":14,"key":"Whetstone"},{"floor":27,"key":"StoneCalendar"}],"event_choices":[{"damage_healed":0,"gold_gain":0,"player_choice":"Trade","damage_taken":0,"relics_obtained":["FaceOfCleric"],"max_hp_gain":0,"max_hp_loss":0,"event_name":"FaceTrader","floor":3,"gold_loss":0},{"damage_healed":0,"gold_gain":0,"player_choice":"Donut","damage_taken":0,"max_hp_gain":5,"max_hp_loss":0,"event_name":"Big Fish","floor":10,"gold_loss":0},{"damage_healed":0,"gold_gain":100,"player_choice":"Pray","damage_taken":0,"max_hp_gain":0,"max_hp_loss":0,"event_name":"Golden Shrine","floor":19,"gold_loss":0},{"damage_healed":0,"gold_gain":0,"player_choice":"Obtained Relic","damage_taken":0,"relics_obtained":["Shuriken"],"max_hp_gain":0,"max_hp_loss":0,"event_name":"Addict","floor":21,"gold_loss":85}],"is_beta":false,"boss_relics":[{"not_picked":["Cursed Key","Replay:Ancient Bell"],"picked":"Electric Blood"}],"items_purged_floors":[4],"is_endless":false,"potions_floor_spawned":[1,7,12,24],"killed_by":"Centurion and Healer","ascension_level":1}}