{"host":"q786d26vp7h4gpli","time":1613483602,"event":{"mods":["BaseMod","Downfall","Minty Spire (QoL Compilation)","Quick Restart","Remove Card Discount Mod","StSLib","Td1madao Mod"],"gold_per_floor":[113,113,288,304,304,304,323,357,357,357,34,78,91,144,144,284,284,299,30,30,64,97,97,33,69,93,93,93,136,172,211,211,211,211],"floor_reached":33,"language":"ENG","playtime":3939,"items_purged":["Doubt","Injury","Shame"],"score":267,"play_id":"7f4adbe9-cab6-4807-ab77-a7567d8a75ad","local_time":"20210216215322","is_ascension_mode":false,"campfire_choices":[{"data":"ForeignInfluence","floor":6.0,"key":"SMITH"},{"data":"Perseverance","floor":15.0,"key":"SMITH"},{"floor":23.0,"key":"REST"},{"floor":27,"key":"REST"},{"floor":32,"key":"REST"}],"circlet_count":0,"master_deck":["Strike_P+1","Strike_P","Strike_P","Strike_P","Defend_P+1","Defend_P","Defend_P","Defend_P+1","Eruption","Vigilance","CrushJoints","ForeignInfluence+1","SandsOfTime","BowlingBash","HandOfGreed","Perseverance+1","FlurryOfBlows","FollowUp","Brilliance","Halt","ReachHeaven+1","EmptyFist","Crescendo+1","DeceiveReality","Tantrum","DeceiveReality","FearNoEvil","EmptyBody","Tantrum"],"relics":["PureWater","War Paint","Golden Idol","The Courier","Blood Vial","Mercury Hourglass","Lee\u0027s Waffle","Juzu Bracelet","Black Star","MealTicket","ClockworkSouvenir","Vajra","Whetstone","Blue Candle","Bronze Scales"],"acts_visited":["Exordium","TheCity"],"potions_floor_usage":[25,29,30,33],"damage_taken":[{"damage":3.0,"enemies":"2 Louse","floor":1.0,"turns":2.0},{"damage":0.0,"enemies":"Jaw Worm","floor":4.0,"turns":2.0},{"damage":6.0,"enemies":"Small Slimes","floor":7.0,"turns":3.0},{"damage":33.0,"enemies":"3 Sentries","floor":8.0,"turns":7.0},{"damage":0.0,"enemies":"3 Louse","floor":12.0,"turns":2.0},{"damage":7.0,"enemies":"Blue Slaver","floor":13.0,"turns":3.0},{"damage":11.0,"enemies":"Slime Boss","floor":16.0,"turns":7.0},{"damage":10.0,"enemies":"Chosen","floor":18.0,"turns":4.0},{"damage":23.0,"enemies":"3 Byrds","floor":21.0,"turns":5.0},{"damage":18.0,"enemies":"3 Cultists","floor":22.0,"turns":4.0},{"damage":21,"enemies":"Snake Plant","floor":25,"turns":3},{"damage":48,"enemies":"Gremlin Leader","floor":29,"turns":5},{"damage":4,"enemies":"Centurion and Healer","floor":30,"turns":3},{"damage":0,"enemies":"3 Cultists","floor":31,"turns":3},{"damage":61,"enemies":"Champ","floor":33,"turns":9}],"seed_played":"3818979210489221189","potions_obtained":[{"floor":7.0,"key":"Block Potion"},{"floor":8.0,"key":"BottledMiracle"},{"floor":13.0,"key":"AttackPotion"},{"floor":22.0,"key":"ColorlessPotion"},{"floor":25,"key":"champ:CounterPotion"},{"floor":30,"key":"DuplicationPotion"}],"is_trial":false,"path_per_floor":["M","?","?","M","?","R","M","E","T","?","$","M","M","T","R","B",null,"M","$","?","M","M","R","$","M","T","R","?","E","M","M","R","B"],"character_chosen":"WATCHER","items_purchased":["Lee\u0027s Waffle","HandOfGreed","Perseverance","MealTicket","ClockworkSouvenir","ReachHeaven","DeceiveReality"],"campfire_rested":3,"item_purchase_floors":[11,11,11,19,19,19,24],"current_hp_per_floor":[69,69,69,69,66,66,60,27,27,51,79,79,72,72,72,63,79,69,69,69,48,32,55,70,51,51,74,74,28,26,28,51,0,0],"gold":211,"neow_bonus":"RANDOM_COMMON_RELIC","is_daily":false,"chose_seed":false,"campfire_upgraded":2,"win_rate":0.0,"timestamp":1613483602,"path_taken":["M","?","?","M","?","R","M","E","T","?","$","?","M","?","R","BOSS","M","$","?","M","M","R","$","M","T","R","?","E","M","M","R","BOSS"],"items_purchased_type":["Relic","Card","Card","Relic","Relic","Card","Card"],"build_version":"2020-12-22","purchased_purges":3,"victory":false,"max_hp_per_floor":[72,72,72,72,72,72,72,72,72,72,79,79,79,79,79,79,79,79,79,79,79,79,79,79,79,79,79,79,79,79,79,79,79,79],"card_choices":[{"not_picked":["InnerPeace","ClearTheMind"],"picked":"CrushJoints","floor":1.0},{"not_picked":["Wallop","Crescendo"],"picked":"ForeignInfluence","floor":4.0},{"not_picked":["Consecrate","ClearTheMind"],"picked":"SandsOfTime","floor":7.0},{"not_picked":["Evaluate","Brilliance"],"picked":"BowlingBash","floor":8.0},{"not_picked":["FlyingSleeves","Nirvana"],"picked":"FlurryOfBlows","floor":12.0},{"not_picked":["ThirdEye","FlyingSleeves"],"picked":"FollowUp","floor":13.0},{"not_picked":["Scrawl","Ragnarok"],"picked":"Brilliance","floor":16.0},{"not_picked":["CutThroughFate","Weave"],"picked":"Halt","floor":18.0},{"not_picked":["CutThroughFate","BowlingBash"],"picked":"EmptyFist","floor":21.0},{"not_picked":["WindmillStrike","JustLucky"],"picked":"Crescendo+1","floor":22.0},{"not_picked":["BowlingBash","CarveReality"],"picked":"Tantrum","floor":25},{"not_picked":["LikeWater+1","JustLucky"],"picked":"FearNoEvil","floor":29},{"not_picked":["FlurryOfBlows","ClearTheMind"],"picked":"EmptyBody","floor":30},{"not_picked":["Crescendo+1","BowlingBash"],"picked":"Tantrum","floor":31}],"player_experience":596935,"relics_obtained":[{"floor":8.0,"key":"Blood Vial"},{"floor":9.0,"key":"Mercury Hourglass"},{"floor":14.0,"key":"Juzu Bracelet"},{"floor":26,"key":"Whetstone"},{"floor":29,"key":"Blue Candle"},{"floor":29,"key":"Bronze Scales"}],"event_choices":[{"damage_healed":0.0,"max_hp_gain":0.0,"max_hp_loss":0.0,"gold_gain":0.0,"event_name":"Golden Idol","player_choice":"Take Wound","floor":2.0,"gold_loss":0.0,"damage_taken":0.0,"relics_obtained":["Golden Idol"],"cards_obtained":["Injury"]},{"damage_healed":0.0,"max_hp_gain":0.0,"max_hp_loss":0.0,"gold_gain":175.0,"event_name":"Liars Game","player_choice":"AGREE","floor":3.0,"gold_loss":0.0,"damage_taken":0.0,"cards_obtained":["Doubt"]},{"damage_healed":0.0,"max_hp_gain":0.0,"max_hp_loss":0.0,"gold_gain":0.0,"event_name":"Scrap Ooze","player_choice":"Success","floor":5.0,"gold_loss":0.0,"damage_taken":3.0,"relics_obtained":["The Courier"]},{"damage_healed":24.0,"max_hp_gain":0.0,"max_hp_loss":0.0,"gold_gain":0.0,"event_name":"Big Fish","player_choice":"Banana","floor":10.0,"gold_loss":0.0,"damage_taken":0.0},{"damage_healed":0.0,"max_hp_gain":0.0,"max_hp_loss":0.0,"gold_gain":0.0,"event_name":"Addict","player_choice":"Stole Relic","floor":20.0,"gold_loss":0.0,"damage_taken":0.0,"relics_obtained":["Vajra"],"cards_obtained":["Shame"]},{"damage_healed":0,"gold_gain":0,"player_choice":"Read","damage_taken":0,"max_hp_gain":0,"max_hp_loss":0,"event_name":"The Library","floor":28,"gold_loss":0,"cards_obtained":["DeceiveReality"]}],"is_beta":false,"boss_relics":[{"not_picked":["Fusion Hammer","SlaversCollar"],"picked":"Black Star"}],"items_purged_floors":[11,19,24],"is_endless":false,"potions_floor_spawned":[7,8,13,22,25,30],"killed_by":"Champ","ascension_level":0}}