{"host":"9nqlpswyo8o6ezw3","time":1613441942,"event":{"mods":["Act Like it!","BaseMod","Colored Powertips","Downfall","Hallownest","Hermit","Lobotomy","LobotomyExtend","Marisa????????","Minty Spire (QoL Compilation)","StSLib","The Bug Knight","The Cursed"],"gold_per_floor":[114,124,124,48,48,48,63,82,82,122,122,122,145,188,188,318,318,333,333,333,347,347,347],"floor_reached":22,"language":"ENG","playtime":1464,"items_purged":[],"score":219,"play_id":"743b5d5c-9ff0-40f4-9185-1b1179a6a4d0","local_time":"20210215211902","is_ascension_mode":false,"campfire_choices":[{"data":"Perfected Strike","floor":6,"key":"SMITH"},{"data":"Rage","floor":12,"key":"SMITH"},{"floor":15,"key":"REST"}],"circlet_count":0,"master_deck":["Strike_R","Strike_R","Strike_R","Strike_R","Strike_R","Defend_R","Defend_R","Defend_R","Defend_R","Bash","Reckless Charge","UniverseFragment","Pommel Strike","Sword Boomerang","Perfected Strike+1","Headbutt","Uppercut","SingingMachine","Rage+1","Parasite","Combust","OSAHOGD","Fire Breathing","Feed","Bloodbath","Infernal Blade","downfall:Bewildered","Alriune","Armaments"],"relics":["Burning Blood","CogitoBucket","LetterFromLob","Golden Idol","StoneCalendar","Girya","AspirationHeart","Anchor","bronze:MakeshiftBattery","sneckomod:BabySnecko"],"acts_visited":["Exordium","TheCity"],"potions_floor_usage":[10],"damage_taken":[{"damage":17,"enemies":"Small Slimes","floor":1,"turns":5},{"damage":2,"enemies":"2 Louse","floor":2,"turns":2},{"damage":0,"enemies":"Cultist","floor":7,"turns":2},{"damage":2,"enemies":"Blue Slaver","floor":8,"turns":3},{"damage":86,"enemies":"Lagavulin","floor":10,"turns":7},{"damage":58,"enemies":"Looter","floor":13,"turns":8},{"damage":15,"enemies":"Gremlin Nob","floor":14,"turns":4},{"damage":35,"enemies":"Slime Boss","floor":16,"turns":7},{"damage":15,"enemies":"2 Thieves","floor":18,"turns":5},{"damage":4,"enemies":"Chosen and Byrds","floor":21,"turns":6},{"damage":122,"enemies":"Cultist and Chosen","floor":22,"turns":6}],"seed_played":"-3639602172744004293","potions_obtained":[{"floor":1,"key":"Fruit Juice"},{"floor":8,"key":"SteroidPotion"},{"floor":13,"key":"Ancient Potion"},{"floor":14,"key":"Explosive Potion"},{"floor":18,"key":"LiquidBronze"}],"is_trial":false,"path_per_floor":["M","M","?","$","?","R","M","M","T","E","?","R","M","E","R","B",null,"M","?","?","M","M"],"character_chosen":"IRONCLAD","items_purchased":["Sword Boomerang","Perfected Strike"],"campfire_rested":1,"item_purchase_floors":[4,4],"current_hp_per_floor":[69,73,53,53,58,58,64,68,68,39,60,60,18,9,37,8,95,89,89,89,92,0,0],"gold":347,"neow_bonus":"","is_daily":false,"chose_seed":false,"campfire_upgraded":2,"win_rate":0.0,"timestamp":1613441942,"path_taken":["M","M","?","$","?","R","?","M","T","E","?","R","M","E","R","BOSS","M","?","?","?","M"],"items_purchased_type":["Card","Card"],"build_version":"2020-12-22","purchased_purges":0,"victory":false,"max_hp_per_floor":[80,80,80,80,80,80,80,80,80,85,85,85,95,95,95,95,95,98,98,98,98,98,98],"card_choices":[{"not_picked":["FairyFestival","Scorched"],"picked":"OldLady","floor":1},{"not_picked":["Perfected Strike","True Grit"],"picked":"Reckless Charge","floor":1},{"not_picked":["VoidDream","CherryBlossoms"],"picked":"UniverseFragment","floor":2},{"not_picked":["Disarm","Perfected Strike"],"picked":"Pommel Strike","floor":2},{"not_picked":["RedShoes","Scorched"],"picked":"Yin","floor":7},{"not_picked":["Disarm","Sword Boomerang"],"picked":"Headbutt","floor":7},{"not_picked":["Clothesline","Body Slam"],"picked":"Uppercut","floor":8},{"not_picked":["Laetitia","Murderer"],"picked":"SingingMachine","floor":10},{"not_picked":["Shrug It Off","Double Tap"],"picked":"Rage","floor":10},{"not_picked":["Sword Boomerang","Heavy Blade"],"picked":"Combust","floor":13},{"not_picked":["OldLady","QueenBee"],"picked":"OSAHOGD","floor":14},{"not_picked":["Corruption","Dark Embrace"],"picked":"Fire Breathing","floor":14},{"not_picked":["Impervious","Offering"],"picked":"Feed","floor":16},{"not_picked":["Laetitia","QueenBee"],"picked":"Bloodbath","floor":18},{"not_picked":["Rupture+1","Flex"],"picked":"Infernal Blade","floor":18},{"not_picked":["Murderer","WallGazer"],"picked":"Alriune","floor":21},{"not_picked":["Blood for Blood","Spot Weakness"],"picked":"Armaments","floor":21}],"player_experience":45014,"relics_obtained":[{"floor":1,"key":"LetterFromLob"},{"floor":9,"key":"StoneCalendar"},{"floor":10,"key":"Girya"},{"floor":14,"key":"Anchor"}],"event_choices":[{"damage_healed":0,"gold_gain":0,"player_choice":"Take Damage","damage_taken":20,"relics_obtained":["Golden Idol"],"max_hp_gain":0,"max_hp_loss":0,"event_name":"Golden Idol","floor":3,"gold_loss":0},{"cards_removed":["OldLady"],"damage_healed":5,"gold_gain":0,"player_choice":"Offered Common","damage_taken":0,"max_hp_gain":0,"max_hp_loss":0,"event_name":"Bonfire Elementals","floor":5,"gold_loss":0},{"cards_removed":["OldLady"],"damage_healed":5,"gold_gain":0,"player_choice":"Offered Special","damage_taken":0,"max_hp_gain":0,"max_hp_loss":0,"event_name":"Bonfire Elementals","floor":5,"gold_loss":0},{"damage_healed":21,"gold_gain":0,"player_choice":"Healed and dodged fight","damage_taken":0,"max_hp_gain":0,"max_hp_loss":0,"event_name":"Mushrooms","floor":11,"gold_loss":0,"cards_obtained":["Parasite"]},{"damage_healed":0,"gold_gain":0,"player_choice":"Got Potions","damage_taken":0,"max_hp_gain":0,"max_hp_loss":0,"event_name":"Lab","floor":20,"gold_loss":0}],"is_beta":false,"boss_relics":[{"not_picked":["Astrolabe","SacredBark"],"picked":"bronze:MakeshiftBattery"}],"items_purged_floors":[],"is_endless":false,"potions_floor_spawned":[1,8,13,14,18,21],"killed_by":"Cultist and Chosen","ascension_level":0}}