{"host":"snn1c4qsf0fj7fzf","time":1613450716,"event":{"mods":["AchievementEnabler","Act Like it!","Aspiration","Astrologer","BaseMod","Colored Powertips","Downfall","Gensokyo","Hermit","Infinite Spire","Lobotomy","Minty Spire (QoL Compilation)","Random Character Button","Rare Cards Sparkle","Reimu??????","Reliquary","Replay The Spire","Shop Mod","Spire Arcade","StSLib","The Administrix","The Cursed","The Gatherer","The Hierophant","The Poker Player","The Runesmith"],"gold_per_floor":[116,132,132,145,155,189,189,216,216,241,241,273,198,198,198,294,294,306,326,326,326,326,355,355,382,408,433,449,449,461,480,480,582,582,596,614,631,388,388,388,388,388,456,468,495,505,414,414,414,414,414,414,414,414,444,444,444],"floor_reached":56,"language":"ENG","playtime":2162,"items_purged":["TheCursedMod:CursedWand","TheCursedMod:Wield"],"score":932,"play_id":"21271211-9b8e-4ace-8d7e-ca39da002824","local_time":"20210216124516","is_ascension_mode":true,"campfire_choices":[{"data":"TheCursedMod:ManaBullet","floor":7.0,"key":"SMITH"},{"data":"TheCursedMod:CircleOfWindfury","floor":11.0,"key":"SMITH"},{"data":"TheCursedMod:ManaBullet","floor":15.0,"key":"SMITH"},{"data":"TheCursedMod:CleanUpWorkshop","floor":24.0,"key":"SMITH"},{"data":"TheCursedMod:CircleOfFlame","floor":29.0,"key":"SMITH"},{"floor":32.0,"key":"RECALL"},{"data":"TheCursedMod:OutForBlood","floor":40,"key":"SMITH"},{"data":"TheCursedMod:CircleOfAbyss","floor":42,"key":"SMITH"},{"data":"TheCursedMod:CircleOfCorruption","floor":49,"key":"SMITH"},{"data":"TheCursedMod:Wield","floor":53,"key":"SMITH"}],"circlet_count":0,"master_deck":["TheCursedMod:CleanUpWorkshop+1","TheCursedMod:CursedShiv","TheCursedMod:ManaBullet+1","TheCursedMod:CircleOfFlame+1","TheCursedMod:CircleOfWindfury+1","TheCursedMod:CircleOfCorruption+1","TheCursedMod:CircleOfAbyss+1","Finesse","TheCursedMod:SurpriseAttack","TheCursedMod:Wield+1","TheCursedMod:CursedShiv","TheCursedMod:ManaBullet+1","TheCursedMod:Wield+1","TheCursedMod:OutForBlood+1"],"relics":["TheCursedMod:MagicCandle","MerchantsRug"],"acts_visited":["Exordium","TheCity","TheBeyond","TheEnding"],"potions_floor_usage":[50,50,50],"damage_taken":[{"damage":0.0,"enemies":"Cultist","floor":1.0,"turns":2.0},{"damage":0.0,"enemies":"2 Louse","floor":2.0,"turns":1.0},{"damage":0.0,"enemies":"Jaw Worm","floor":4.0,"turns":1.0},{"damage":0.0,"enemies":"Large Slime","floor":5.0,"turns":1.0},{"damage":0.0,"enemies":"Gremlin Nob","floor":6.0,"turns":2.0},{"damage":0.0,"enemies":"Replay:BlueRogue","floor":8.0,"turns":1.0},{"damage":0.0,"enemies":"Lagavulin","floor":10.0,"turns":1.0},{"damage":0.0,"enemies":"Gremlin Nob","floor":12.0,"turns":1.0},{"damage":0.0,"enemies":"The Guardian","floor":16.0,"turns":1.0},{"damage":0.0,"enemies":"Chosen","floor":18.0,"turns":2.0},{"damage":0.0,"enemies":"2 Thieves","floor":19.0,"turns":1.0},{"damage":4.0,"enemies":"Book of Stabbing","floor":23.0,"turns":2.0},{"damage":0.0,"enemies":"Gremlin Leader","floor":25.0,"turns":2.0},{"damage":0.0,"enemies":"Book of Stabbing","floor":27.0,"turns":1.0},{"damage":0.0,"enemies":"3 Cultists","floor":28.0,"turns":1.0},{"damage":0.0,"enemies":"Cultist and Chosen","floor":30.0,"turns":1.0},{"damage":0.0,"enemies":"Chosen and Byrds","floor":31.0,"turns":1.0},{"damage":0.0,"enemies":"Pondfish","floor":33.0,"turns":2.0},{"damage":0.0,"enemies":"3 Darklings","floor":35.0,"turns":1.0},{"damage":0.0,"enemies":"3 Shapes","floor":36.0,"turns":1.0},{"damage":0.0,"enemies":"Maw","floor":37.0,"turns":4.0},{"damage":0,"enemies":"Jaw Worm Horde","floor":44,"turns":1},{"damage":0,"enemies":"Giant Head","floor":45,"turns":4},{"damage":11,"enemies":"Writhing Mass","floor":46,"turns":2},{"damage":0,"enemies":"Replay:Hell Engine","floor":50,"turns":2},{"damage":0,"enemies":"Shield and Spear","floor":55,"turns":1},{"damage":99,"enemies":"The Heart","floor":56,"turns":3}],"seed_played":"-3716485822797505549","potions_obtained":[{"floor":4.0,"key":"Elixir"},{"floor":5.0,"key":"TheCursedMod:DregsPotion"},{"floor":8.0,"key":"SkillPotion"},{"floor":10.0,"key":"infinitespire:BlackPotion"},{"floor":30.0,"key":"Explosive Potion"},{"floor":33.0,"key":"FearPotion"},{"floor":36.0,"key":"Weak Potion"},{"floor":44,"key":"DuplicationPotion"}],"is_trial":false,"path_per_floor":["M","M","?","M","M","E","R","E","T","E","R","E","$","?","R","B",null,"M","M","?","AVR","?","E","R","E","T","E","M","R","M","M","R","B",null,"M","M","M","$","?","R","?","R","T","M","E","M","$","?","R","B",null,null,"R","$","E","B"],"character_chosen":"THE_CURSED","items_purchased":["TheCursedMod:OutForBlood","MerchantsRug"],"campfire_rested":0,"item_purchase_floors":[38,47],"current_hp_per_floor":[75,75,75,75,75,75,75,75,75,75,75,75,75,75,75,75,75,75,75,75,75,75,71,71,71,71,71,71,71,71,71,71,71,75,75,75,75,75,70,70,70,70,70,70,70,59,59,59,59,59,59,75,75,75,75,0,0],"gold":444,"neow_bonus":"THREE_CARDS","is_daily":false,"chose_seed":false,"campfire_upgraded":9,"win_rate":0.0,"timestamp":1613450716,"path_taken":["M","M","?","M","M","E","R","E","T","E","R","E","$","?","R","BOSS","M","M","?","AVR","?","E","R","E","T","E","M","R","M","M","R","BOSS","M","M","M","$","?","R","?","R","T","?","E","M","?","?","R","BOSS","R","$","E","BOSS"],"items_purchased_type":["Card","Relic"],"build_version":"2020-12-22","purchased_purges":2,"victory":false,"max_hp_per_floor":[75,75,75,75,75,75,75,75,75,75,75,75,75,75,75,75,75,75,75,75,75,75,75,75,75,75,75,75,75,75,75,75,75,75,75,75,75,75,75,75,75,75,75,75,75,75,75,75,75,75,75,75,75,75,75,75,75],"card_choices":[{"not_picked":["TheCursedMod:EmpowerCircles","TheCursedMod:CursedShiv"],"picked":"TheCursedMod:SurpriseAttack","floor":0.0},{"not_picked":["TheCursedMod:Torture","TheCursedMod:SpitefulStrike","TheCursedMod:CircleOfFocus"],"picked":"SKIP","floor":1.0},{"not_picked":["TheCursedMod:RapidMovement","TheCursedMod:SoulCrush","TheCursedMod:CursedArmor"],"picked":"SKIP","floor":2.0},{"not_picked":["TheCursedMod:Stigma","TheCursedMod:TacticalStrike"],"picked":"TheCursedMod:Wield","floor":4.0},{"not_picked":["TheCursedMod:CursedSpellbook","TheCursedMod:CircleOfWindfury"],"picked":"TheCursedMod:CursedShiv","floor":5.0},{"not_picked":["TheCursedMod:Stigma","TheCursedMod:Hemoplague","TheCursedMod:CursedStaff"],"picked":"SKIP","floor":6.0},{"not_picked":["TheCursedMod:TacticalStrike","TheCursedMod:DoubleShield","TheCursedMod:SaltUponWound"],"picked":"SKIP","floor":8.0},{"not_picked":["TheCursedMod:VitalStrike","TheCursedMod:WearCloak","TheCursedMod:FuryStrike"],"picked":"SKIP","floor":10.0},{"not_picked":["TheCursedMod:VitalStrike","TheCursedMod:CursedAmulet"],"picked":"TheCursedMod:ManaBullet","floor":12.0},{"not_picked":["TheCursedMod:DoubleShield+1","TheCursedMod:FuryStrike+1","TheCursedMod:BlessingInDisguise"],"picked":"SKIP","floor":18.0},{"not_picked":["TheCursedMod:CursedSpellbook","TheCursedMod:SmokeScreen","TheCursedMod:CursedArmor"],"picked":"SKIP","floor":19.0},{"not_picked":["TheCursedMod:SmokeScreen","TheCursedMod:SpitefulPlan+1","TheCursedMod:HellsGateOpen"],"picked":"SKIP","floor":23.0},{"not_picked":["TheCursedMod:FuryStrike","TheCursedMod:RavingStaff","TheCursedMod:CircleOfAbyss"],"picked":"SKIP","floor":25.0},{"not_picked":["TheCursedMod:AbyssShockwave","TheCursedMod:AntiAging","TheCursedMod:CursedShiv+1"],"picked":"SKIP","floor":27.0},{"not_picked":["TheCursedMod:RavingStaff","TheCursedMod:Torture","TheCursedMod:Wield"],"picked":"SKIP","floor":28.0},{"not_picked":["TheCursedMod:WearCloak","TheCursedMod:Torture+1","TheCursedMod:Wield"],"picked":"SKIP","floor":30.0},{"not_picked":["TheCursedMod:CursedAmulet","TheCursedMod:WearCloak","TheCursedMod:FleshFromBone"],"picked":"SKIP","floor":31.0},{"not_picked":["TheCursedMod:RavingStaff+1","TheCursedMod:HellfireBreathing"],"picked":"TheCursedMod:Wield+1","floor":35.0},{"not_picked":["TheCursedMod:RapidMovement","TheCursedMod:CircleOfCorruption","TheCursedMod:RavingStaff"],"picked":"SKIP","floor":36.0},{"not_picked":["TheCursedMod:RavingStaff+1","TheCursedMod:Stigma+1","TheCursedMod:CursedMace"],"picked":"SKIP","floor":37.0},{"not_picked":["TheCursedMod:ReleasedStrength","TheCursedMod:FleshFromBone+1","TheCursedMod:Wield+1"],"picked":"SKIP","floor":44},{"not_picked":["TheCursedMod:ShockAndAwe","TheCursedMod:LuckyCharm+1","TheCursedMod:TroublousMinions+1"],"picked":"SKIP","floor":45},{"not_picked":["TheCursedMod:RapidMovement+1","TheCursedMod:AshesToAshes","TheCursedMod:ReleasedStrength"],"picked":"SKIP","floor":46},{"not_picked":["TheCursedMod:CursedStaff","TheCursedMod:ParallelWorld","TheCursedMod:Hemoplague"],"picked":"SKIP","floor":55}],"player_experience":398440,"relics_obtained":[],"event_choices":[{"damage_healed":0.0,"max_hp_gain":0.0,"max_hp_loss":0.0,"gold_gain":0.0,"event_name":"WeMeetAgain","player_choice":"Ignored","floor":14.0,"gold_loss":0.0,"damage_taken":0.0},{"damage_healed":0.0,"max_hp_gain":0.0,"max_hp_loss":0.0,"gold_gain":0.0,"event_name":"Ghosts","player_choice":"Ignored","floor":22.0,"gold_loss":0.0,"damage_taken":0.0},{"damage_healed":0,"gold_gain":0,"player_choice":"Ignored","damage_taken":0,"max_hp_gain":0,"max_hp_loss":0,"event_name":"Mysterious Sphere","floor":48,"gold_loss":0}],"is_beta":false,"boss_relics":[{"not_picked":["aspiration:RunicSpoon","Astrolabe","SlaversCollar"]},{"not_picked":[]}],"items_purged_floors":[13,38],"is_endless":false,"potions_floor_spawned":[4,5,8,10,16,18,25,30,33,36,44],"killed_by":"The Heart","ascension_level":1}}