{"host":"d3b2x3wue20uj2ir","time":1613446605,"event":{"mods":["AchievementEnabler","BaseMod","Better Third Choice","BetterRewards","Exacting","FTL Soundtrack","Minty Spire (QoL Compilation)","Shop Mod","StSLib"],"gold_per_floor":[112,77,2,0,33,66,66,91,141,169,169,169,169,186,186,289,289,300,335,335,355,315,315,334,334,334,368,368,393,393,408,408,503,503,523,493,715,731,744,776,776,776,776,788,788,788],"floor_reached":45,"language":"ENG","playtime":2219,"items_purged":[],"score":826,"play_id":"57b9c73f-6b31-498c-81c9-76b9c325fe03","local_time":"20210216133645","is_ascension_mode":true,"campfire_choices":[{"data":"Apotheosis","floor":7,"key":"SMITH"},{"floor":11,"key":"REST"},{"floor":13,"key":"RECALL"},{"floor":15,"key":"REST"},{"floor":23,"key":"REST"},{"floor":25,"key":"REST"},{"floor":28,"key":"REST"},{"data":"Infernal Blade","floor":32,"key":"SMITH"}],"circlet_count":0,"master_deck":["Strike_R","Strike_R","Strike_R","Strike_R","Strike_R","Defend_R","Defend_R","Defend_R","Defend_R","Bash","Armaments","Iron Wave","Panache+1","Armaments","Anger","Apotheosis+1","Twin Strike","Fire Breathing","Rupture","Thunderclap","Infernal Blade+1","Iron Wave","Impervious","Bludgeon","Iron Wave","Flex","Iron Wave","Flame Barrier","Impervious","Perfected Strike+1","Shrug It Off","Double Tap","Perfected Strike+1","Power Through+1","Metallicize+1","True Grit+1","Madness","Madness","Perfected Strike+1"],"relics":["Burning Blood","MealTicket","Question Card","Gremlin Horn","Strawberry","ClockworkSouvenir","betterThird:SlimedRelic","Smiling Mask","Juzu Bracelet","Frozen Egg 2","SlaversCollar","Red Mask","Nilry\u0027s Codex","Molten Egg 2","Bottled Tornado","StrikeDummy","Philosopher\u0027s Stone","Oddly Smooth Stone","Pantograph"],"acts_visited":["Exordium","TheCity","TheBeyond"],"potions_floor_usage":[6,8,16,16,18,24,27,33,40,45],"damage_taken":[{"damage":1,"enemies":"Cultist","floor":1,"turns":3},{"damage":7,"enemies":"Small Slimes","floor":5,"turns":3},{"damage":32,"enemies":"Lagavulin","floor":6,"turns":6},{"damage":24,"enemies":"Gremlin Nob","floor":8,"turns":4},{"damage":13,"enemies":"3 Sentries","floor":10,"turns":4},{"damage":0,"enemies":"Jaw Worm","floor":14,"turns":4},{"damage":66,"enemies":"The Guardian","floor":16,"turns":8},{"damage":13,"enemies":"Spheric Guardian","floor":18,"turns":7},{"damage":47,"enemies":"Masked Bandits","floor":19,"turns":6},{"damage":0,"enemies":"Chosen","floor":21,"turns":3},{"damage":8,"enemies":"Snake Plant","floor":24,"turns":4},{"damage":8,"enemies":"Slavers","floor":27,"turns":6},{"damage":9,"enemies":"Gremlin Leader","floor":29,"turns":4},{"damage":7,"enemies":"Cultist and Chosen","floor":31,"turns":6},{"damage":48,"enemies":"Champ","floor":33,"turns":11},{"damage":0,"enemies":"Orb Walker","floor":35,"turns":3},{"damage":12,"enemies":"3 Darklings","floor":38,"turns":2},{"damage":10,"enemies":"Maw","floor":39,"turns":6},{"damage":7,"enemies":"Reptomancer","floor":40,"turns":9},{"damage":16,"enemies":"Jaw Worm Horde","floor":44,"turns":6},{"damage":63,"enemies":"Giant Head","floor":45,"turns":8}],"seed_played":"6218196321994739053","potions_obtained":[{"floor":1,"key":"Swift Potion"},{"floor":5,"key":"SteroidPotion"},{"floor":6,"key":"SpeedPotion"},{"floor":10,"key":"ElixirPotion"},{"floor":10,"key":"SkillPotion"},{"floor":16,"key":"SkillPotion"},{"floor":19,"key":"DistilledChaos"},{"floor":21,"key":"Fire Potion"},{"floor":31,"key":"BlessingOfTheForge"},{"floor":36,"key":"Weak Potion"},{"floor":36,"key":"FearPotion"},{"floor":38,"key":"Energy Potion"},{"floor":44,"key":"Energy Potion"}],"is_trial":false,"path_per_floor":["M","?","$","?","M","E","R","E","T","E","R","?","R","M","R","B",null,"M","?","?","M","?","R","M","R","T","E","R","E","?","M","R","B",null,"M","?","?","M","M","E","?","?","T","M","E"],"character_chosen":"IRONCLAD","items_purchased":["MealTicket","Question Card","Armaments","Iron Wave","Panache","Gremlin Horn","Evolve","Strawberry","ClockworkSouvenir","Armaments","Anger","Apotheosis","Fire Breathing"],"campfire_rested":5,"item_purchase_floors":[0,0,0,0,0,0,0,0,0,0,0,0,3],"current_hp_per_floor":[44,65,80,69,68,42,42,24,24,17,43,64,64,70,87,27,87,80,39,23,29,29,55,53,79,79,77,87,84,84,84,84,42,84,84,84,84,78,74,73,73,62,62,52,0,0],"gold":788,"neow_bonus":"","is_daily":false,"chose_seed":false,"campfire_upgraded":2,"win_rate":0.0,"timestamp":1613446605,"path_taken":["M","?","$","?","?","E","R","E","T","E","R","?","R","M","R","BOSS","M","?","?","M","?","R","M","R","T","E","R","E","?","M","R","BOSS","M","?","?","M","M","E","?","?","T","M","E"],"items_purchased_type":["Relic","Relic","Card","Card","Card","Relic","Card","Relic","Relic","Card","Card","Card","Card"],"build_version":"2020-12-22","purchased_purges":0,"victory":false,"max_hp_per_floor":[87,87,87,87,87,87,87,87,87,87,87,87,87,87,87,87,87,87,87,87,87,87,87,87,87,87,87,87,87,84,84,84,84,84,84,84,84,84,84,84,84,84,84,84,84,84],"card_choices":[{"not_picked":["Blood for Blood","Combust","Sword Boomerang"],"picked":"Twin Strike","floor":1},{"not_picked":["Warcry","Twin Strike","Corruption"],"picked":"Rupture","floor":5},{"not_picked":["Headbutt","Warcry","Havoc"],"picked":"Thunderclap","floor":6},{"not_picked":["Battle Trance","Reckless Charge","True Grit"],"picked":"Infernal Blade","floor":8},{"not_picked":["Thunderclap","Anger","Heavy Blade"],"picked":"Iron Wave","floor":10},{"not_picked":["Iron Wave","Feel No Pain+1","Clothesline"],"picked":"Impervious","floor":14},{"not_picked":["Exhume","Impervious","Corruption+1"],"picked":"Bludgeon","floor":16},{"not_picked":["Pummel","Pommel Strike","Heavy Blade"],"picked":"Iron Wave","floor":18},{"not_picked":["Wild Strike","Burning Pact+1","Sword Boomerang"],"picked":"Flex","floor":19},{"not_picked":["Clash+1","Wild Strike+1","Headbutt"],"picked":"Iron Wave","floor":21},{"not_picked":["Heavy Blade+1","Disarm","Wild Strike+1"],"picked":"Flame Barrier","floor":24},{"not_picked":["Havoc+1","Rampage+1","Clothesline+1"],"picked":"Impervious","floor":27},{"not_picked":["Disarm+1","Combust+1","Sever Soul+1"],"picked":"Perfected Strike+1","floor":29},{"not_picked":["Reckless Charge+1","Dark Embrace+1","Second Wind+1"],"picked":"Shrug It Off","floor":31},{"not_picked":["Juggernaut+1","Berserk+1","Offering"],"picked":"Double Tap","floor":33},{"not_picked":["Twin Strike+1","Combust+1","Seeing Red"],"picked":"Perfected Strike+1","floor":35},{"not_picked":["True Grit","Warcry+1","Armaments+1"],"picked":"Power Through+1","floor":38},{"not_picked":["Combust+1","Juggernaut+1","Iron Wave+1"],"picked":"Metallicize+1","floor":39},{"not_picked":["Blood for Blood+1","Warcry+1","Clash+1"],"picked":"True Grit+1","floor":40},{"not_picked":["Shockwave","Carnage+1","Infernal Blade"],"picked":"Perfected Strike+1","floor":44}],"player_experience":711252,"relics_obtained":[{"floor":6,"key":"Smiling Mask"},{"floor":8,"key":"Juzu Bracelet"},{"floor":10,"key":"Frozen Egg 2"},{"floor":19,"key":"Red Mask"},{"floor":20,"key":"Nilry\u0027s Codex"},{"floor":26,"key":"Molten Egg 2"},{"floor":27,"key":"Bottled Tornado"},{"floor":29,"key":"StrikeDummy"},{"floor":40,"key":"Oddly Smooth Stone"},{"floor":43,"key":"Pantograph"}],"event_choices":[{"damage_healed":21,"gold_gain":0,"player_choice":"Healed","damage_taken":0,"max_hp_gain":0,"max_hp_loss":0,"event_name":"The Cleric","floor":2,"gold_loss":35},{"damage_healed":0,"gold_gain":0,"player_choice":"Slimed","damage_taken":11,"max_hp_gain":0,"max_hp_loss":0,"event_name":"betterThird:BetterGoop","floor":4,"gold_loss":2},{"damage_healed":21,"gold_gain":0,"player_choice":"Healed and dodged fight","damage_taken":0,"max_hp_gain":0,"max_hp_loss":0,"event_name":"Mushrooms","floor":12,"gold_loss":0,"cards_obtained":["Parasite"]},{"damage_healed":0,"gold_gain":0,"player_choice":"Fought Bandits","damage_taken":0,"max_hp_gain":0,"max_hp_loss":0,"event_name":"Masked Bandits","floor":19,"gold_loss":0},{"damage_healed":0,"gold_gain":0,"player_choice":"Obtained Book","damage_taken":16,"max_hp_gain":0,"max_hp_loss":0,"event_name":"Cursed Tome","floor":20,"gold_loss":0},{"damage_healed":0,"gold_gain":0,"player_choice":"Upgrade","damage_taken":0,"max_hp_gain":0,"max_hp_loss":0,"event_name":"Designer","floor":22,"gold_loss":40,"cards_upgraded":["Panache"]},{"cards_removed":["Parasite"],"damage_healed":0,"gold_gain":0,"player_choice":"Elegance","damage_taken":0,"max_hp_gain":0,"max_hp_loss":0,"event_name":"betterThird:BetterWriting","floor":30,"gold_loss":0},{"damage_healed":0,"gold_gain":0,"player_choice":"Bought 2 Potions","damage_taken":0,"max_hp_gain":0,"max_hp_loss":0,"event_name":"The Woman in Blue","floor":36,"gold_loss":0},{"damage_healed":0,"gold_gain":222,"player_choice":"Wore Mask","damage_taken":0,"max_hp_gain":0,"max_hp_loss":0,"event_name":"Tomb of Lord Red Mask","floor":37,"gold_loss":0},{"cards_removed":["Evolve"],"damage_healed":0,"gold_gain":0,"player_choice":"Removed Power","damage_taken":0,"max_hp_gain":0,"max_hp_loss":0,"event_name":"Falling","floor":41,"gold_loss":0},{"damage_healed":0,"gold_gain":0,"player_choice":"Embrace Madness","damage_taken":11,"max_hp_gain":0,"max_hp_loss":0,"event_name":"Winding Halls","floor":42,"gold_loss":0,"cards_obtained":["Madness","Madness"]}],"is_beta":false,"boss_relics":[{"not_picked":["SacredBark","Black Blood"],"picked":"SlaversCollar"},{"not_picked":["Empty Cage","Tiny House"],"picked":"Philosopher\u0027s Stone"}],"items_purged_floors":[],"is_endless":false,"potions_floor_spawned":[1,5,6,10,16,19,21,31,38,44],"killed_by":"Giant Head","ascension_level":4}}