{"host":"81iaqqr1ryudmr11","time":1613467851,"event":{"mods":["BaseMod","Highlight Path","Minty Spire (QoL Compilation)","Relic Stats"],"gold_per_floor":[116,135,135,135,147,180,180,180,225,225,258,66,93,106,106,206,206,219,202,217,229,32,67,67,86,86,101,101,1,18,46,46,147,147,163,163,179,179,194,227,246,273,273,119,119,132,109,141,141,141,141,141,60,85,85],"floor_reached":56,"language":"ENG","playtime":4773,"items_purged":["Strike_G","Defend_G"],"score":1416,"play_id":"a5fd559a-f74f-43f7-ba68-55482db47425","local_time":"20210216103051","is_ascension_mode":true,"campfire_choices":[{"data":"Malaise","floor":7,"key":"SMITH"},{"data":"Unload","floor":15,"key":"SMITH"},{"data":"Wraith Form v2","floor":24,"key":"SMITH"},{"data":"Terror","floor":28,"key":"SMITH"},{"data":"PiercingWail","floor":32,"key":"SMITH"},{"floor":49,"key":"RECALL"},{"floor":52,"key":"REST"}],"circlet_count":0,"master_deck":["Strike_G","Strike_G","Strike_G","Defend_G","Defend_G","Survivor","Neutralize","Malaise+1","Skewer+1","Unload+1","Terror+1","Dagger Throw","Wraith Form v2+1","Prepared+1","Dagger Spray+1","PiercingWail+1","Concentrate+1","PiercingWail+1","Quick Slash+1","Adrenaline","PiercingWail+1","Escape Plan+1","Blade Dance+1","Wraith Form v2+1","Blade Dance","Heel Hook+1","Reflex","Backflip"],"relics":["Ring of the Snake","Happy Flower","Nunchaku","Toy Ornithopter","Letter Opener","Runic Pyramid","Chemical X","Mercury Hourglass","HornCleat","Question Card","Fusion Hammer","Lantern","Shuriken","DollysMirror","Blood Vial","Bronze Scales"],"acts_visited":["Exordium","TheCity","TheBeyond","TheEnding"],"potions_floor_usage":[6,14,20,21,23,48,50,55],"damage_taken":[{"damage":3,"enemies":"Small Slimes","floor":1,"turns":5},{"damage":1,"enemies":"Jaw Worm","floor":2,"turns":7},{"damage":3,"enemies":"Cultist","floor":5,"turns":5},{"damage":19,"enemies":"Lagavulin","floor":6,"turns":12},{"damage":12,"enemies":"Gremlin Nob","floor":11,"turns":3},{"damage":6,"enemies":"Lagavulin","floor":13,"turns":6},{"damage":2,"enemies":"Looter","floor":14,"turns":3},{"damage":3,"enemies":"The Guardian","floor":16,"turns":12},{"damage":2,"enemies":"Spheric Guardian","floor":18,"turns":4},{"damage":11,"enemies":"2 Thieves","floor":19,"turns":4},{"damage":3,"enemies":"Snecko","floor":20,"turns":5},{"damage":8,"enemies":"Cultist and Chosen","floor":21,"turns":8},{"damage":12,"enemies":"Gremlin Leader","floor":23,"turns":4},{"damage":1,"enemies":"Chosen and Byrds","floor":25,"turns":5},{"damage":0,"enemies":"Snecko","floor":27,"turns":3},{"damage":1,"enemies":"Centurion and Healer","floor":30,"turns":4},{"damage":2,"enemies":"Slavers","floor":31,"turns":4},{"damage":5,"enemies":"Collector","floor":33,"turns":7},{"damage":1,"enemies":"3 Shapes","floor":35,"turns":9},{"damage":2,"enemies":"3 Darklings","floor":37,"turns":4},{"damage":0,"enemies":"Spire Growth","floor":39,"turns":3},{"damage":23,"enemies":"Giant Head","floor":40,"turns":8},{"damage":2,"enemies":"Writhing Mass","floor":41,"turns":4},{"damage":2,"enemies":"Reptomancer","floor":42,"turns":5},{"damage":1,"enemies":"Transient","floor":46,"turns":5},{"damage":2,"enemies":"Nemesis","floor":48,"turns":3},{"damage":5,"enemies":"Awakened One","floor":50,"turns":8},{"damage":15,"enemies":"Shield and Spear","floor":54,"turns":4},{"damage":27,"enemies":"The Heart","floor":55,"turns":7}],"seed_played":"-320129137703501508","potions_obtained":[{"floor":1,"key":"DuplicationPotion"},{"floor":6,"key":"SkillPotion"},{"floor":13,"key":"Block Potion"},{"floor":20,"key":"Strength Potion"},{"floor":21,"key":"SneckoOil"},{"floor":27,"key":"LiquidMemories"},{"floor":30,"key":"BlessingOfTheForge"},{"floor":39,"key":"CultistPotion"},{"floor":46,"key":"Strength Potion"},{"floor":48,"key":"Block Potion"}],"is_trial":false,"path_per_floor":["M","M","?","?","M","E","R","?","T","?","E","$","E","M","R","B",null,"M","M","M","M","$","E","R","M","T","M","R","$","M","E","R","B",null,"M","?","M","?","M","E","M","E","T","$","?","M","$","E","R","B",null,"R","$","E","B",null],"character_chosen":"THE_SILENT","items_purchased":["Terror","Explosive Potion","Chemical X","PiercingWail","DollysMirror","Blade Dance","Reflex"],"campfire_rested":1,"item_purchase_floors":[12,12,22,22,44,47,53],"current_hp_per_floor":[60,59,52,52,49,30,30,30,30,30,18,18,12,15,15,12,63,61,50,52,49,49,42,42,41,41,41,41,41,40,38,38,33,63,62,62,60,60,60,37,35,33,33,33,33,32,32,35,35,37,63,63,63,48,28],"gold":85,"neow_bonus":"THREE_RARE_CARDS","is_daily":false,"chose_seed":false,"campfire_upgraded":5,"win_rate":0.0,"timestamp":1613467851,"path_taken":["M","M","?","?","?","E","R","?","T","?","E","$","E","M","R","BOSS","M","M","?","?","$","E","R","M","T","M","R","?","M","E","R","BOSS","M","?","M","?","M","E","?","E","T","?","?","M","$","E","R","BOSS","R","$","E","BOSS"],"items_purchased_type":["Card","Potion","Relic","Card","Relic","Card","Card"],"build_version":"2020-12-22","purchased_purges":2,"victory":true,"max_hp_per_floor":[63,63,63,63,63,63,63,63,63,63,63,63,63,63,63,63,63,63,63,63,63,63,63,63,63,63,63,63,63,63,63,63,63,63,63,63,63,63,63,63,63,63,63,63,63,63,63,63,63,63,63,63,63,63,63],"relic_stats":{"Happy Flower":[44],"counters":[29,160],"Letter Opener":[176],"Question Card":11,"Mercury Hourglass":[337],"Blood Vial":4,"Nunchaku":[28],"Shuriken":[23],"Bronze Scales":[96],"Chemical X":[42],"obtain_stats":[{"Lantern":40,"Happy Flower":6,"Letter Opener":13,"Question Card":31,"Mercury Hourglass":23,"Blood Vial":48,"Nunchaku":9,"HornCleat":26,"Shuriken":42,"DollysMirror":44,"Bronze Scales":54,"Fusion Hammer":34,"Chemical X":22,"Toy Ornithopter":11,"Ring of the Snake":0,"Runic Pyramid":17},{"Lantern":22,"Happy Flower":4,"Letter Opener":6,"Question Card":17,"Mercury Hourglass":13,"Blood Vial":26,"Nunchaku":4,"HornCleat":14,"Shuriken":24,"DollysMirror":24,"Bronze Scales":28,"Fusion Hammer":18,"Chemical X":12,"Toy Ornithopter":5,"Ring of the Snake":0,"Runic Pyramid":8},{"Lantern":124,"Happy Flower":29,"Letter Opener":38,"Question Card":94,"Mercury Hourglass":78,"Blood Vial":141,"Nunchaku":29,"HornCleat":83,"Shuriken":133,"DollysMirror":133,"Bronze Scales":153,"Fusion Hammer":101,"Chemical X":74,"Toy Ornithopter":32,"Ring of the Snake":0,"Runic Pyramid":53}],"Toy Ornithopter":35,"Ring of the Snake":[58]},"card_choices":[{"not_picked":["Doppelganger","Tools of the Trade"],"picked":"Malaise","floor":0},{"not_picked":["All Out Attack","Distraction","Poisoned Stab"],"picked":"SKIP","floor":1},{"not_picked":["Poisoned Stab","Quick Slash","Riddle With Holes"],"picked":"SKIP","floor":2},{"not_picked":["Footwork","Deflect","Quick Slash"],"picked":"SKIP","floor":5},{"not_picked":["Footwork","Slice"],"picked":"Skewer","floor":6},{"not_picked":["Deadly Poison","Deflect","Acrobatics"],"picked":"SKIP","floor":11},{"not_picked":["Outmaneuver","Finisher"],"picked":"Dagger Throw","floor":13},{"not_picked":["Quick Slash","Bane","Dagger Throw"],"picked":"SKIP","floor":14},{"not_picked":["Bullet Time","Phantasmal Killer"],"picked":"Wraith Form v2","floor":16},{"not_picked":["Choke","Predator","Sucker Punch"],"picked":"SKIP","floor":18},{"not_picked":["Poisoned Stab","Acrobatics+1","Terror"],"picked":"SKIP","floor":19},{"not_picked":["Dagger Spray","Finisher"],"picked":"Prepared+1","floor":20},{"not_picked":["Outmaneuver+1","Dash+1"],"picked":"Dagger Spray+1","floor":21},{"not_picked":["Underhanded Strike","Dagger Spray","Deflect"],"picked":"SKIP","floor":23},{"not_picked":["Outmaneuver","Deadly Poison"],"picked":"Concentrate+1","floor":25},{"not_picked":["Underhanded Strike","Slice"],"picked":"PiercingWail+1","floor":27},{"not_picked":["Night Terror","Poisoned Stab+1","Outmaneuver"],"picked":"SKIP","floor":30},{"not_picked":["Backflip","Dodge and Roll"],"picked":"Quick Slash+1","floor":31},{"not_picked":["Envenom","Bullet Time","Malaise"],"picked":"Adrenaline","floor":33},{"not_picked":["Footwork","Skewer","Dagger Spray+1","Flying Knee+1"],"picked":"SKIP","floor":35},{"not_picked":["Bane","Poisoned Stab+1","Acrobatics","Skewer"],"picked":"SKIP","floor":37},{"not_picked":["Footwork+1","Outmaneuver","Bouncing Flask"],"picked":"PiercingWail+1","floor":39},{"not_picked":["Concentrate+1","Underhanded Strike+1","Sucker Punch","Bouncing Flask+1"],"picked":"SKIP","floor":40},{"not_picked":["Bane+1","Deadly Poison+1","Corpse Explosion"],"picked":"Escape Plan+1","floor":41},{"not_picked":["Outmaneuver+1","Backflip+1","Underhanded Strike+1"],"picked":"Blade Dance+1","floor":42},{"not_picked":["Distraction","Dagger Spray+1","Footwork+1","Quick Slash"],"picked":"SKIP","floor":46},{"not_picked":["PiercingWail+1","Bane+1","Bullet Time"],"picked":"Heel Hook+1","floor":48},{"not_picked":["Dagger Throw","Heel Hook","Well Laid Plans"],"picked":"Backflip","floor":54}],"player_experience":207405,"relics_obtained":[{"floor":6,"key":"Happy Flower"},{"floor":9,"key":"Nunchaku"},{"floor":11,"key":"Toy Ornithopter"},{"floor":13,"key":"Letter Opener"},{"floor":23,"key":"Mercury Hourglass"},{"floor":26,"key":"HornCleat"},{"floor":31,"key":"Question Card"},{"floor":40,"key":"Lantern"},{"floor":42,"key":"Shuriken"},{"floor":48,"key":"Blood Vial"},{"floor":54,"key":"Bronze Scales"}],"event_choices":[{"cards_removed":["Strike_G"],"damage_healed":0,"gold_gain":0,"player_choice":"Card Removal","damage_taken":7,"max_hp_gain":0,"max_hp_loss":0,"event_name":"Golden Wing","floor":3,"gold_loss":0},{"cards_removed":["Defend_G"],"damage_healed":0,"gold_gain":0,"player_choice":"Purged","damage_taken":0,"max_hp_gain":0,"max_hp_loss":0,"event_name":"Purifier","floor":4,"gold_loss":0},{"damage_healed":0,"gold_gain":0,"cards_transformed":["Defend_G"],"player_choice":"Change","damage_taken":0,"max_hp_gain":0,"max_hp_loss":0,"event_name":"Living Wall","floor":8,"gold_loss":0,"cards_obtained":["Unload"]},{"damage_healed":0,"gold_gain":0,"player_choice":"Upgraded","damage_taken":0,"max_hp_gain":0,"max_hp_loss":0,"event_name":"Upgrade Shrine","floor":10,"gold_loss":0,"cards_upgraded":["Skewer"]},{"damage_healed":0,"gold_gain":0,"player_choice":"Memory 1","damage_taken":0,"max_hp_gain":0,"max_hp_loss":0,"event_name":"SensoryStone","floor":36,"gold_loss":0},{"damage_healed":0,"gold_gain":0,"player_choice":"Ignored","damage_taken":0,"max_hp_gain":0,"max_hp_loss":0,"event_name":"SecretPortal","floor":38,"gold_loss":0},{"damage_healed":0,"gold_gain":0,"player_choice":"Bought 0 Potions","damage_taken":0,"max_hp_gain":0,"max_hp_loss":0,"event_name":"The Woman in Blue","floor":45,"gold_loss":0}],"is_beta":false,"boss_relics":[{"not_picked":["Tiny House","Ectoplasm"],"picked":"Runic Pyramid"},{"not_picked":["SlaversCollar","WristBlade"],"picked":"Fusion Hammer"}],"items_purged_floors":[12,29],"is_endless":false,"potions_floor_spawned":[1,6,13,20,21,27,30,39,46,48],"ascension_level":4}}