{"host":"wghdsg8ym2wc7ov9","time":1613456749,"event":{"mods":["A Penny For Your Troubles","AchievementEnabler","Astrologer","BaseMod","Beaked The Cultist","Better Altar","Better Note","Bossed Relics","ChefMod","Colored Map","Evolution","Fox Events","Hermit","Highlight Path","Jorbs\u0027s Wanderer Trilogy","KinomotoSakuraMod(????)","Minty Spire (QoL Compilation)","Random Character Button","Relic Stats","SIMod","Shapeshifter Mod","Shop Mod","StSLib","The Blackbeard","The Bladedancer","The Construct","The Cursed","The Death Knight","The Gatherer","The Hierophant","The Marked","The Mystic","The Necromancer","The Runesmith","The Senshi","The Servant 0.9.4","Weighted Paths"],"gold_per_floor":[114,131,147,147,165,194,194,228,253,278,292,310,327,347,347,452,452,462,477,494,510,521,551,551,551,623,641,653,8,25,37,37,136,136,146,158,168,168,113,138,150,150,196,213,213,230,247,247,247,247,247,247],"floor_reached":50,"language":"ENG","playtime":11279,"items_purged":[],"score":684,"play_id":"7b21b330-91f5-4951-a795-31afff902ec3","local_time":"20210215222549","is_ascension_mode":true,"metric_token":2385,"campfire_choices":[{"floor":7.0,"key":"REST"},{"data":"Gatherer:Centralize","floor":15.0,"key":"SMITH"},{"floor":25.0,"key":"REST"},{"floor":32.0,"key":"REST"},{"floor":42.0,"key":"REST"},{"floor":45.0,"key":"REST"},{"floor":49,"key":"RECALL"}],"circlet_count":0,"master_deck":["Gatherer:Strike_Gatherer","Gatherer:Strike_Gatherer","Gatherer:Strike_Gatherer","Gatherer:Strike_Gatherer","Gatherer:Strike_Gatherer","Gatherer:Defend_Gatherer","Gatherer:Defend_Gatherer","Gatherer:Defend_Gatherer","Gatherer:Defend_Gatherer","Gatherer:Defend_Gatherer","Gatherer:Centralize+1","Gatherer:FlowerWhip+1","Gatherer:FinishingStrike","Gatherer:FlowerShield+1","Gatherer:Duality","Gatherer:VenomBarrier","Gatherer:Uplift","Gatherer:FinishingStrike","Gatherer:CarefulStrike","Gatherer:CollectorsShot","Gatherer:TreeGrowth","Gatherer:Transmute","Gatherer:StoneFence","Gatherer:WoolGloves","Apotheosis","Gatherer:Enchant","Gatherer:BalancedGrowth+1","Gatherer:Nutrients","Gatherer:Herbalism+1","Gatherer:RecoveryHerb","Gatherer:Examine","construct:ReactiveShield","Gatherer:EnergyBasket","Gatherer:ScherryThrow+1","Gatherer:AlchemyTrial","Gatherer:Bulldoze","Gatherer:WitheringStrike","Gatherer:WoolGloves","Gatherer:PoisonMastery","Gatherer:AlchemyTrial","Gatherer:PoisonMastery","Gatherer:SmartManeuver+1","Gatherer:MiningStrike","Gatherer:Frenzy+1","Gatherer:SealedBomb","Gatherer:Polymorphism+1","Shame","Gatherer:PotentialSlash+1","Gatherer:RottenStipe","Gatherer:FlowerPower+1","Enlightenment"],"relics":["Gatherer:AlchemyBag","EVO:Axolotl","Shuriken","Bag of Preparation","Lantern","Orichalcum","Odd Mushroom","beaked:SacredDeck","The Courier","Blue Candle","beaked:ShinyBauble","DeathKnight:SindragosasSkull","Cursed Key","Mercury Hourglass","Potion Belt"],"acts_visited":["Exordium","TheCity","TheBeyond"],"potions_floor_usage":[50],"damage_taken":[{"damage":0.0,"enemies":"2 Louse","floor":1.0,"turns":2.0},{"damage":0.0,"enemies":"Cultist","floor":2.0,"turns":2.0},{"damage":0.0,"enemies":"Small Slimes","floor":3.0,"turns":3.0},{"damage":13.0,"enemies":"Blue Slaver","floor":5.0,"turns":2.0},{"damage":14.0,"enemies":"3 Sentries","floor":6.0,"turns":8.0},{"damage":10.0,"enemies":"Gremlin Nob","floor":8.0,"turns":3.0},{"damage":8.0,"enemies":"Lagavulin","floor":10.0,"turns":8.0},{"damage":0.0,"enemies":"Looter","floor":11.0,"turns":1.0},{"damage":4.0,"enemies":"Large Slime","floor":12.0,"turns":3.0},{"damage":0.0,"enemies":"Lots of Slimes","floor":13.0,"turns":3.0},{"damage":0.0,"enemies":"The Mushroom Lair","floor":14.0,"turns":2.0},{"damage":0.0,"enemies":"Slime Boss","floor":16.0,"turns":7.0},{"damage":0.0,"enemies":"Chosen","floor":18.0,"turns":3.0},{"damage":0.0,"enemies":"Spheric Guardian","floor":19.0,"turns":1.0},{"damage":16.0,"enemies":"Snecko","floor":20.0,"turns":8.0},{"damage":7.0,"enemies":"Centurion and Healer","floor":21.0,"turns":3.0},{"damage":27.0,"enemies":"Shelled Parasite and Fungi","floor":22.0,"turns":5.0},{"damage":6.0,"enemies":"Book of Stabbing","floor":23.0,"turns":6.0},{"damage":15.0,"enemies":"Snake Plant","floor":27.0,"turns":3.0},{"damage":0.0,"enemies":"3 Cultists","floor":28.0,"turns":5.0},{"damage":12.0,"enemies":"Centurion and Healer","floor":30.0,"turns":4.0},{"damage":0.0,"enemies":"Sentry and Sphere","floor":31.0,"turns":4.0},{"damage":4.0,"enemies":"Automaton","floor":33.0,"turns":6.0},{"damage":0.0,"enemies":"3 Shapes","floor":35.0,"turns":4.0},{"damage":0.0,"enemies":"Orb Walker","floor":36.0,"turns":3.0},{"damage":2.0,"enemies":"3 Darklings","floor":37.0,"turns":2.0},{"damage":56.0,"enemies":"Reptomancer","floor":40.0,"turns":6.0},{"damage":17.0,"enemies":"4 Shapes","floor":41.0,"turns":6.0},{"damage":27.0,"enemies":"Spire Growth","floor":44.0,"turns":5.0},{"damage":6.0,"enemies":"Jaw Worm Horde","floor":46.0,"turns":3.0},{"damage":7.0,"enemies":"3 Darklings","floor":47.0,"turns":5.0},{"damage":33,"enemies":"Time Eater","floor":50,"turns":3}],"seed_played":"1344679853854255931","potions_obtained":[{"floor":2.0,"key":"Regen Potion"},{"floor":6.0,"key":"Weak Potion"},{"floor":8.0,"key":"BloodPotion"},{"floor":11.0,"key":"SneckoOil"},{"floor":16.0,"key":"SpeedPotion"},{"floor":19.0,"key":"Dexterity Potion"},{"floor":20.0,"key":"PowerPotion"},{"floor":23.0,"key":"ColorlessPotion"},{"floor":27.0,"key":"SneckoOil"},{"floor":31.0,"key":"Poison Potion"},{"floor":33.0,"key":"FearPotion"},{"floor":37.0,"key":"Regen Potion"},{"floor":41.0,"key":"BottledMiracle"},{"floor":47.0,"key":"DistilledChaos"}],"is_trial":false,"path_per_floor":["M","M","M","?","M","E","R","E","T","E","M","M","M","?","R","B",null,"M","M","M","M","M","E","?","R","T","M","M","$","M","M","R","B",null,"M","M","M","?","?","E","M","R","T","M","R","M","M","?","R","B"],"character_chosen":"THE_GATHERER","items_purchased":["beaked:ShinyBauble","DeathKnight:SindragosasSkull","Gatherer:AlchemyTrial","Gatherer:Bulldoze","Gatherer:WitheringStrike","Gatherer:WoolGloves"],"campfire_rested":5,"item_purchase_floors":[29,29,29,29,29,29],"current_hp_per_floor":[72,72,72,72,59,45,66,56,56,48,48,58,58,58,58,58,72,72,72,56,49,34,32,32,53,53,42,42,42,30,35,56,52,72,72,72,70,70,70,20,22,43,43,22,43,40,33,33,33,0,0,0],"gold":247,"neow_bonus":"ONE_RANDOM_RARE_CARD","is_daily":false,"chose_seed":false,"campfire_upgraded":1,"win_rate":0.0,"timestamp":1613456749,"path_taken":["M","M","M","?","?","E","R","E","T","E","M","?","M","?","R","BOSS","M","M","M","M","M","E","?","R","T","M","M","$","M","M","R","BOSS","M","M","M","?","?","E","?","R","T","M","R","M","M","?","R","BOSS"],"items_purchased_type":["Relic","Relic","Card","Card","Card","Card"],"build_version":"2020-12-22","purchased_purges":0,"victory":false,"max_hp_per_floor":[72,72,72,72,72,72,72,72,72,72,72,72,72,72,72,72,72,72,72,72,72,72,72,72,72,72,72,72,72,72,72,72,72,72,72,72,72,72,72,72,72,72,72,72,72,72,72,72,72,72,72,72],"relic_stats":{"counters":[32,128],"Shuriken":[21],"Blue Candle":[1],"Bag of Preparation":[52],"Orichalcum":[132],"Cursed Key":1,"obtain_stats":[{"Potion Belt":40,"Lantern":9,"beaked:ShinyBauble":29,"Blue Candle":26,"The Courier":23,"Bag of Preparation":8,"EVO:Axolotl":0,"Orichalcum":10,"Odd Mushroom":14,"Cursed Key":34,"Mercury Hourglass":39,"Shuriken":6,"beaked:SacredDeck":17,"Gatherer:AlchemyBag":0,"DeathKnight:SindragosasSkull":29},{"Potion Belt":27,"Lantern":6,"beaked:ShinyBauble":20,"Blue Candle":18,"The Courier":18,"Bag of Preparation":6,"EVO:Axolotl":0,"Orichalcum":7,"Odd Mushroom":11,"Cursed Key":23,"Mercury Hourglass":26,"Shuriken":5,"beaked:SacredDeck":12,"Gatherer:AlchemyBag":0,"DeathKnight:SindragosasSkull":20},{"Potion Belt":107,"Lantern":20,"beaked:ShinyBauble":78,"Blue Candle":70,"The Courier":70,"Bag of Preparation":20,"EVO:Axolotl":0,"Orichalcum":28,"Odd Mushroom":37,"Cursed Key":92,"Mercury Hourglass":101,"Shuriken":17,"beaked:SacredDeck":44,"Gatherer:AlchemyBag":0,"DeathKnight:SindragosasSkull":78}],"Mercury Hourglass":[133]},"card_choices":[{"not_picked":["Gatherer:FragileHammer","Gatherer:Snatch"],"picked":"Gatherer:FlowerShield","floor":1.0},{"not_picked":["Gatherer:Liquidism","Gatherer:SmartManeuver"],"picked":"Gatherer:Duality","floor":2.0},{"not_picked":["Gatherer:BigPouch","Gatherer:EnergyBasket"],"picked":"Gatherer:VenomBarrier","floor":3.0},{"not_picked":["Gatherer:SaveValuables","Gatherer:Snatch"],"picked":"Gatherer:Uplift","floor":5.0},{"not_picked":["Gatherer:PotentialSlash","Gatherer:GatherMaterial"],"picked":"Gatherer:FinishingStrike","floor":6.0},{"not_picked":["Gatherer:Solidify","Gatherer:ScrollOfWall"],"picked":"Gatherer:CarefulStrike","floor":8.0},{"not_picked":["Gatherer:FlowerFalling","Gatherer:BomberForm"],"picked":"Gatherer:CollectorsShot","floor":10.0},{"not_picked":["Gatherer:SaveValuables","Gatherer:Solidify"],"picked":"Gatherer:TreeGrowth","floor":11.0},{"not_picked":["Gatherer:Solidify","Gatherer:Snatch"],"picked":"Gatherer:Transmute","floor":12.0},{"not_picked":["Gatherer:WoolGloves","Gatherer:PotentialSlash"],"picked":"Gatherer:StoneFence","floor":13.0},{"not_picked":["Gatherer:FlowerPower","Gatherer:Liquidism"],"picked":"Gatherer:WoolGloves","floor":14.0},{"not_picked":["Gatherer:PoisonMastery","Gatherer:CursedBlade"],"picked":"Gatherer:GrowBook","floor":16.0},{"not_picked":["Gatherer:Solidify","Gatherer:AromaProtection"],"picked":"Gatherer:Enchant","floor":18.0},{"not_picked":["Gatherer:Enchant","Gatherer:TacticalStrike+1"],"picked":"Gatherer:BalancedGrowth+1","floor":19.0},{"not_picked":["Gatherer:FragileHammer","Gatherer:AromaProtection+1"],"picked":"Gatherer:Nutrients","floor":20.0},{"not_picked":["Gatherer:SealedBomb","Gatherer:ScherryThrow"],"picked":"Gatherer:Herbalism+1","floor":21.0},{"not_picked":["Gatherer:Snatch","Gatherer:TacticalStrike"],"picked":"Gatherer:RecoveryHerb","floor":22.0},{"not_picked":["Gatherer:RecoveryHerb+1","Gatherer:Misfortune"],"picked":"Gatherer:Examine","floor":23.0},{"not_picked":["Gatherer:GatherMaterial","Gatherer:VenomBarrier"],"picked":"Gatherer:EnergyBasket","floor":27.0},{"not_picked":["Gatherer:DrugPower","Gatherer:CarefulStrike"],"picked":"Gatherer:ScherryThrow+1","floor":28.0},{"not_picked":["Gatherer:FlowerShield+1","Gatherer:Duplicator"],"picked":"Gatherer:PoisonMastery","floor":30.0},{"not_picked":["Gatherer:Enchant+1","Gatherer:Convert+1"],"picked":"Gatherer:AlchemyTrial","floor":31.0},{"not_picked":["Gatherer:ScrollOfPurity","Gatherer:Overflowing"],"picked":"Gatherer:PoisonMastery","floor":33.0},{"not_picked":["Gatherer:TreeGrowth+1","Gatherer:WoolGloves"],"picked":"Gatherer:SmartManeuver+1","floor":35.0},{"not_picked":["Gatherer:CollectorsShot","Gatherer:TreeGrowth"],"picked":"Gatherer:MiningStrike","floor":36.0},{"not_picked":["Gatherer:EnergyBasket+1","Gatherer:AcidicSpray+1"],"picked":"Gatherer:Frenzy+1","floor":37.0},{"not_picked":["Gatherer:FragileHammer","Gatherer:ScrollOfWall"],"picked":"Gatherer:SealedBomb","floor":40.0},{"not_picked":["Gatherer:CursedBlade","Gatherer:CollectorsShot+1"],"picked":"Gatherer:Polymorphism+1","floor":41.0},{"not_picked":["Gatherer:FragileHammer","Gatherer:TacticalStrike+1"],"picked":"Gatherer:PotentialSlash+1","floor":44.0},{"not_picked":["Gatherer:PotentialSlash+1","Gatherer:Duality"],"picked":"Gatherer:RottenStipe","floor":46.0},{"not_picked":["Gatherer:SealedBomb","Gatherer:WitheringStrike"],"picked":"Gatherer:FlowerPower+1","floor":47.0},{"not_picked":["Good Instincts","Panacea"],"picked":"Enlightenment","floor":48.0}],"player_experience":974586,"relics_obtained":[{"floor":6.0,"key":"Shuriken"},{"floor":8.0,"key":"Bag of Preparation"},{"floor":9.0,"key":"Lantern"},{"floor":10.0,"key":"Orichalcum"},{"floor":14.0,"key":"Odd Mushroom"},{"floor":23.0,"key":"The Courier"},{"floor":26.0,"key":"Blue Candle"},{"floor":40.0,"key":"Potion Belt"}],"event_choices":[{"damage_healed":0.0,"max_hp_gain":0.0,"max_hp_loss":0.0,"gold_gain":0.0,"event_name":"The Woman in Blue","player_choice":"Bought 0 Potions","floor":4.0,"gold_loss":0.0,"damage_taken":0.0},{"damage_healed":0.0,"max_hp_gain":0.0,"max_hp_loss":0.0,"gold_gain":0.0,"event_name":"Mushrooms","player_choice":"Fought Mushrooms","floor":14.0,"gold_loss":0.0,"damage_taken":0.0},{"damage_healed":0.0,"max_hp_gain":0.0,"max_hp_loss":0.0,"gold_gain":0.0,"event_name":"Ghosts","player_choice":"Ignored","floor":24.0,"gold_loss":0.0,"damage_taken":0.0},{"damage_healed":0.0,"max_hp_gain":0.0,"max_hp_loss":0.0,"gold_gain":0.0,"event_name":"WeMeetAgain","player_choice":"Paid Gold","floor":39.0,"gold_loss":55.0,"damage_taken":0.0,"relics_obtained":["Mercury Hourglass"]},{"damage_healed":0.0,"max_hp_gain":0.0,"max_hp_loss":0.0,"gold_gain":0.0,"event_name":"SensoryStone","player_choice":"Memory 1","floor":48.0,"gold_loss":0.0,"damage_taken":0.0}],"is_beta":false,"boss_relics":[{"not_picked":["Fusion Hammer","Runesmith:UraniumAnvil"],"picked":"beaked:SacredDeck"},{"not_picked":["Black Star","construct:ClawGrip"],"picked":"Cursed Key"}],"items_purged_floors":[],"is_endless":false,"potions_floor_spawned":[2,6,8,11,16,19,20,23,27,31,33,37,41,47],"killed_by":"Time Eater","ascension_level":2}}