{"host":"0z6l31g9ps0v9zzp","time":1613486597,"event":{"mods":["Act Like it!","BaseMod","CapriCore","Minty Spire (QoL Compilation)","MostiFishMod","StSLib"],"gold_per_floor":[113,14,29,5,5,38,55,86,86,86,104,133,146,172,172,244,244,254,254,35,35,35,35],"floor_reached":22,"language":"ZHS","playtime":506,"items_purged":["Strike_B","Defend_B"],"score":706,"play_id":"bc59f927-c044-414c-ac80-c2daa88fee53","local_time":"20210216224317","is_ascension_mode":true,"campfire_choices":[{"data":"Skim","floor":10,"key":"SMITH"},{"data":"Beam Cell","floor":15,"key":"SMITH"}],"circlet_count":0,"master_deck":["AscendersBane","Strike_B","Strike_B","Strike_B","Defend_B","Defend_B","Defend_B","Zap","Dualcast+1","Gash","Skim+1","Gash","Gash","Beam Cell+1","Echo Form"],"relics":["DaveBox","OneHitWonderSystem","HereWithMe","SynthV:TestCard","CultistMask","PreservedInsect","Cables","Smiling Mask","Pen Nib","Oddly Smooth Stone","GuanYuAspect","Dodecahedron"],"acts_visited":["Exordium","TheCity"],"potions_floor_usage":[6,16,16],"damage_taken":[{"damage":0.0,"enemies":"Jaw Worm","floor":1.0,"turns":3.0},{"damage":0.0,"enemies":"Cultist","floor":3.0,"turns":4.0},{"damage":0,"enemies":"Lagavulin","floor":6,"turns":5},{"damage":0,"enemies":"Small Slimes","floor":7,"turns":3},{"damage":0,"enemies":"3 Sentries","floor":8,"turns":7},{"damage":0,"enemies":"Exordium Thugs","floor":11,"turns":4},{"damage":0,"enemies":"Lagavulin","floor":12,"turns":4},{"damage":0,"enemies":"Exordium Wildlife","floor":13,"turns":2},{"damage":0,"enemies":"3 Sentries","floor":14,"turns":6},{"damage":0,"enemies":"Slime Boss","floor":16,"turns":6},{"damage":0,"enemies":"Shell Parasite","floor":18,"turns":3},{"damage":1,"enemies":"3 Byrds","floor":22,"turns":2}],"seed_played":"-8813403595574775468","potions_obtained":[{"floor":1.0,"key":"BlessingOfTheForge"},{"floor":6,"key":"FocusPotion"},{"floor":8,"key":"EssenceOfDarkness"},{"floor":18,"key":"Block Potion"}],"is_trial":false,"path_per_floor":["M","$","M","$","?","E","M","E","T","R","M","E","M","E","R","B",null,"M","?","$","T","M"],"character_chosen":"DEFECT","items_purchased":["Gash","Gash","Dodecahedron"],"campfire_rested":0,"item_purchase_floors":[2,4,20],"current_hp_per_floor":[1,1,1,1,1,1,1,1,1,1,1,1,1,1,1,1,1,1,1,1,1,0,0],"gold":35,"neow_bonus":"BOSS_RELIC","is_daily":false,"chose_seed":false,"campfire_upgraded":2,"win_rate":0.0,"timestamp":1613486597,"path_taken":["M","$","M","$","?","E","M","E","T","R","M","E","?","E","R","BOSS","M","?","$","?","M"],"items_purchased_type":["Card","Card","Relic"],"build_version":"2020-12-22","purchased_purges":2,"victory":false,"max_hp_per_floor":[1,1,1,1,1,1,1,1,1,1,1,1,1,1,1,1,1,1,1,1,1,1,1],"card_choices":[{"not_picked":["Rip and Tear","Storm","Ball Lightning"],"picked":"SKIP","floor":1.0},{"not_picked":["Streamline","Turbo","Redo","Lockon"],"picked":"Skim","floor":3.0},{"not_picked":["Leap","Go for the Eyes","Rebound","Turbo","Conserve Battery"],"picked":"SKIP","floor":6},{"not_picked":["Double Energy","MostiFishMod:PushDownKick","Beam Cell","FTL","Coolheaded"],"picked":"SKIP","floor":7},{"not_picked":["Reinforced Body","Turbo","MostiFishMod:ActiveDefenseSystem","Redo"],"picked":"Gash","floor":8},{"not_picked":["Conserve Battery","Barrage","Sunder","Cold Snap","MostiFishMod:PushDownKick"],"picked":"SKIP","floor":11},{"not_picked":["Stack","Meteor Strike","Redo","Coolheaded","Gash"],"picked":"SKIP","floor":12},{"not_picked":["MostiFishMod:PushDownKick","Steam Power","Go for the Eyes","Consume"],"picked":"Beam Cell","floor":13},{"not_picked":["Hello World","Consume","Gash","Melter","Leap"],"picked":"SKIP","floor":14},{"not_picked":["Machine Learning","MostiFishMod:ActiveDefenseSystem","Reboot","MostiFishMod:TalkingToTheRain"],"picked":"Echo Form","floor":16},{"not_picked":["Redo+1","Go for the Eyes","Hologram","Cold Snap+1","Turbo"],"picked":"SKIP","floor":18}],"player_experience":282285,"relics_obtained":[{"floor":1.0,"key":"SynthV:TestCard"},{"floor":6,"key":"PreservedInsect"},{"floor":8,"key":"Cables"},{"floor":9,"key":"Smiling Mask"},{"floor":12,"key":"Pen Nib"},{"floor":14,"key":"Oddly Smooth Stone"}],"event_choices":[{"damage_healed":0.0,"max_hp_gain":0.0,"max_hp_loss":0.0,"gold_gain":0.0,"event_name":"FaceTrader","player_choice":"Trade","floor":5.0,"gold_loss":0.0,"damage_taken":0.0,"relics_obtained":["CultistMask"]},{"damage_healed":0,"gold_gain":0,"player_choice":"Forge","damage_taken":0,"max_hp_gain":0,"max_hp_loss":0,"event_name":"Accursed Blacksmith","floor":19,"gold_loss":0,"cards_upgraded":["Dualcast"]}],"is_beta":false,"boss_relics":[{"not_picked":["Fusion Hammer","SacredBark"],"picked":"GuanYuAspect"}],"items_purged_floors":[2,20],"is_endless":false,"potions_floor_spawned":[1,6,8,11,18],"killed_by":"3 Byrds","ascension_level":19}}