{"host":"0ucmu30xnqs1j0i5","time":1613472737,"event":{"mods":["AchievementEnabler","Ascension Reborn","BaseMod","Colored Map","Colored Powertips","Minty Spire (QoL Compilation)","Quick Restart"],"gold_per_floor":[114,126,138,157,175,175,240,267,345,295,314,314,326,340,340,440,440,452,377,390,168,177,177,196,240,292,292,301,175,200,219,219,332,332,351,377,396,455,297,297,297,297,297,297,324,347,49,75,75,75],"floor_reached":51,"language":"ZHS","playtime":5600,"items_purged":["Strike_G","Writhe","Parasite","Strike_G"],"score":663,"play_id":"f63c42c4-a8f9-4fa7-a452-1b2ea753253b","local_time":"20210216185217","is_ascension_mode":true,"campfire_choices":[{"data":"Deadly Poison","floor":6,"key":"SMITH"},{"floor":15,"key":"REST"},{"floor":23,"key":"DIG"},{"floor":27,"key":"DIG"},{"data":"Apotheosis","floor":32,"key":"SMITH"},{"floor":40,"key":"DIG"},{"floor":42,"key":"DIG"},{"floor":44,"key":"DIG"},{"floor":49,"key":"DIG"}],"circlet_count":0,"master_deck":["Defend_G","Defend_G","Defend_G","Defend_G","Defend_G","Survivor","Neutralize","Catalyst","Slice","Deadly Poison+1","Blur","Poisoned Stab","Poisoned Stab","Adrenaline","Deflect","PiercingWail","Backflip","Wraith Form v2","Crippling Poison","Acrobatics+1","Crippling Poison","Backstab+1","Catalyst","Apotheosis+1","Adrenaline","Prepared","Wraith Form v2","PiercingWail+1","Deadly Poison+1","Doppelganger","Outmaneuver","Deadly Poison","Deadly Poison+1"],"relics":["Ring of the Snake","Shovel","Odd Mushroom","Pantograph","SacredBark","Membership Card","CeramicFish","Molten Egg 2","Meat on the Bone","Regal Pillow","Mummified Hand","Snecko Eye","Gambling Chip","Question Card","Anchor","Lizard Tail","Ornamental Fan","Bronze Scales","Blood Vial","OrangePellets","Nunchaku"],"acts_visited":["Exordium","TheCity","TheBeyond"],"potions_floor_usage":[7,7,8,25,29,33,50,50,50],"damage_taken":[{"damage":8,"enemies":"Jaw Worm","floor":1,"turns":6},{"damage":1,"enemies":"2 Louse","floor":2,"turns":3},{"damage":0,"enemies":"Cultist","floor":3,"turns":5},{"damage":10,"enemies":"Exordium Thugs","floor":4,"turns":7},{"damage":8,"enemies":"2 Fungi Beasts","floor":5,"turns":4},{"damage":17,"enemies":"3 Sentries","floor":7,"turns":12},{"damage":4,"enemies":"The Mushroom Lair","floor":8,"turns":5},{"damage":6,"enemies":"Large Slime","floor":11,"turns":7},{"damage":0,"enemies":"Red Slaver","floor":13,"turns":4},{"damage":0,"enemies":"Exordium Wildlife","floor":14,"turns":3},{"damage":38,"enemies":"Hexaghost","floor":16,"turns":10},{"damage":5,"enemies":"Shell Parasite","floor":18,"turns":7},{"damage":1,"enemies":"3 Byrds","floor":20,"turns":6},{"damage":0,"enemies":"Snecko","floor":24,"turns":4},{"damage":13,"enemies":"Book of Stabbing","floor":25,"turns":6},{"damage":25,"enemies":"Centurion and Healer","floor":30,"turns":9},{"damage":3,"enemies":"Snake Plant","floor":31,"turns":4},{"damage":32,"enemies":"Automaton","floor":33,"turns":8},{"damage":3,"enemies":"Orb Walker","floor":35,"turns":4},{"damage":3,"enemies":"3 Shapes","floor":36,"turns":4},{"damage":2,"enemies":"Writhing Mass","floor":37,"turns":6},{"damage":2,"enemies":"Mind Bloom Boss Battle","floor":38,"turns":7},{"damage":1,"enemies":"Spire Growth","floor":45,"turns":5},{"damage":0,"enemies":"Sphere and 2 Shapes","floor":46,"turns":5},{"damage":0,"enemies":"Transient","floor":48,"turns":5},{"damage":50,"enemies":"Donu and Deca","floor":50,"turns":11}],"seed_played":"7267908553529990970","potions_obtained":[{"floor":1,"key":"Swift Potion"},{"floor":4,"key":"EssenceOfSteel"},{"floor":5,"key":"SpeedPotion"},{"floor":7,"key":"EssenceOfSteel"},{"floor":16,"key":"Block Potion"},{"floor":20,"key":"AttackPotion"},{"floor":25,"key":"Fruit Juice"},{"floor":33,"key":"EssenceOfSteel"},{"floor":48,"key":"LiquidBronze"}],"is_trial":true,"path_per_floor":["M","M","M","M","M","R","?","?","T","?","M","?","M","M","R","B",null,"M","?","M","$","?","R","M","E","T","R","?","$","M","M","R","B",null,"M","M","M","?","$","R","?","R","T","R","M","M","$","M","R","B",null],"character_chosen":"THE_SILENT","items_purchased":["Membership Card","Crippling Poison","Apotheosis","Doppelganger","Block Potion","Bronze Scales","Blood Vial","OrangePellets"],"campfire_rested":1,"item_purchase_floors":[21,21,29,39,39,47,47,47],"current_hp_per_floor":[62,61,61,51,43,43,26,22,22,22,16,16,16,16,37,24,70,65,65,64,64,64,64,64,51,51,51,51,61,48,45,45,50,80,77,74,72,78,77,77,77,77,77,77,76,76,76,77,77,39],"gold":75,"neow_bonus":"","is_daily":false,"chose_seed":false,"campfire_upgraded":2,"win_rate":0.0,"timestamp":1613472737,"path_taken":["M","M","M","M","M","R","?","?","T","?","M","?","?","M","R","BOSS","M","?","M","$","?","R","M","E","T","R","?","$","?","M","R","BOSS","M","M","M","?","$","R","?","R","T","R","M","?","?","M","R","BOSS"],"items_purchased_type":["Relic","Card","Card","Card","Potion","Relic","Relic","Relic"],"build_version":"2020-12-22","purchased_purges":4,"victory":true,"max_hp_per_floor":[70,70,70,70,70,70,70,70,70,70,70,70,70,70,70,70,70,70,70,70,70,70,70,70,70,70,70,70,80,80,80,80,80,80,80,80,80,80,77,77,77,77,77,77,77,77,77,77,77,77],"card_choices":[{"not_picked":["Endless Agony","Flying Knee"],"picked":"Catalyst","floor":1},{"not_picked":["Tactician","Predator"],"picked":"Slice","floor":2},{"not_picked":["Dodge and Roll","Cloak And Dagger"],"picked":"Deadly Poison","floor":3},{"not_picked":["Deflect","Outmaneuver"],"picked":"Blur","floor":4},{"not_picked":["Bane","Cloak And Dagger"],"picked":"Poisoned Stab","floor":5},{"not_picked":["Blur","Backstab"],"picked":"Poisoned Stab","floor":7},{"not_picked":["Dagger Spray","Blur"],"picked":"Adrenaline","floor":8},{"not_picked":["Cloak And Dagger","PiercingWail"],"picked":"Deflect","floor":11},{"not_picked":["Sucker Punch","Quick Slash"],"picked":"Backflip","floor":13},{"not_picked":["Tactician","Calculated Gamble","Dash"],"picked":"SKIP","floor":14},{"not_picked":["Venomology","Storm of Steel"],"picked":"Wraith Form v2","floor":16},{"not_picked":["Deadly Poison","Blade Dance+1"],"picked":"Crippling Poison","floor":18},{"not_picked":["Poisoned Stab","Prepared"],"picked":"Acrobatics","floor":20},{"not_picked":["Masterful Stab+1","Underhanded Strike+1","Blade Dance"],"picked":"SKIP","floor":24},{"not_picked":["Flechettes+1","Accuracy"],"picked":"Backstab+1","floor":25},{"not_picked":["Expertise","Acrobatics"],"picked":"Adrenaline","floor":30},{"not_picked":["PiercingWail","Poisoned Stab+1"],"picked":"Prepared","floor":31},{"not_picked":["Night Terror","Corpse Explosion"],"picked":"Wraith Form v2","floor":33},{"not_picked":["Skewer+1","Masterful Stab+1","Deflect"],"picked":"SKIP","floor":35},{"not_picked":["Underhanded Strike+1","Cloak And Dagger+1"],"picked":"PiercingWail+1","floor":36},{"not_picked":["Dagger Throw+1","Heel Hook+1","Dodge and Roll+1"],"picked":"SKIP","floor":37},{"not_picked":["Expertise","Cloak And Dagger+1"],"picked":"Deadly Poison+1","floor":38},{"not_picked":["Escape Plan","Prepared","Dagger Throw+1"],"picked":"Outmaneuver","floor":45},{"not_picked":["Leg Sweep+1","Blade Dance+1","Predator+1"],"picked":"Deadly Poison","floor":46},{"not_picked":["Quick Slash+1","Dagger Spray+1","Venomology"],"picked":"Deadly Poison+1","floor":48}],"player_experience":11172,"relics_obtained":[{"floor":7,"key":"Shovel"},{"floor":8,"key":"Odd Mushroom"},{"floor":9,"key":"Pantograph"},{"floor":23,"key":"Molten Egg 2"},{"floor":25,"key":"Meat on the Bone"},{"floor":26,"key":"Regal Pillow"},{"floor":27,"key":"Mummified Hand"},{"floor":38,"key":"Gambling Chip"},{"floor":40,"key":"Question Card"},{"floor":42,"key":"Anchor"},{"floor":43,"key":"Lizard Tail"},{"floor":44,"key":"Ornamental Fan"},{"floor":49,"key":"Nunchaku"}],"event_choices":[{"damage_healed":0,"gold_gain":0,"player_choice":"Searched \u00271\u0027 times","damage_taken":0,"max_hp_gain":0,"max_hp_loss":0,"event_name":"Dead Adventurer","floor":7,"gold_loss":0},{"damage_healed":0,"gold_gain":0,"player_choice":"Fought Mushrooms","damage_taken":0,"max_hp_gain":0,"max_hp_loss":0,"event_name":"Mushrooms","floor":8,"gold_loss":0},{"cards_removed":["Strike_G"],"damage_healed":0,"gold_gain":0,"player_choice":"Card Removal","damage_taken":0,"max_hp_gain":0,"max_hp_loss":0,"event_name":"The Cleric","floor":10,"gold_loss":50},{"damage_healed":0,"gold_gain":0,"cards_transformed":["Strike_G"],"player_choice":"Transformed","damage_taken":0,"max_hp_gain":0,"max_hp_loss":0,"event_name":"Transmorgrifier","floor":12,"gold_loss":0,"cards_obtained":["PiercingWail"]},{"cards_removed":["Strike_G"],"damage_healed":0,"gold_gain":0,"player_choice":"Gave Gold","damage_taken":0,"max_hp_gain":0,"max_hp_loss":0,"event_name":"Beggar","floor":19,"gold_loss":75},{"damage_healed":0,"gold_gain":0,"player_choice":"Opened","damage_taken":0,"relics_obtained":["CeramicFish"],"max_hp_gain":0,"max_hp_loss":0,"event_name":"The Mausoleum","floor":22,"gold_loss":0,"cards_obtained":["Writhe"]},{"damage_healed":0,"gold_gain":0,"player_choice":"Copied","damage_taken":0,"max_hp_gain":0,"max_hp_loss":0,"event_name":"Duplicator","floor":28,"gold_loss":0,"cards_obtained":["Catalyst"]},{"damage_healed":0,"gold_gain":0,"player_choice":"Fight","damage_taken":0,"max_hp_gain":0,"max_hp_loss":0,"event_name":"MindBloom","floor":38,"gold_loss":0},{"damage_healed":0,"gold_gain":0,"player_choice":"Forge","damage_taken":0,"max_hp_gain":0,"max_hp_loss":0,"event_name":"Accursed Blacksmith","floor":41,"gold_loss":0,"cards_upgraded":["Acrobatics"]}],"is_beta":false,"boss_relics":[{"not_picked":["Fusion Hammer","Sozu"],"picked":"SacredBark"},{"not_picked":["Black Star","Calling Bell"],"picked":"Snecko Eye"}],"items_purged_floors":[21,29,39,47],"is_endless":false,"potions_floor_spawned":[1,4,5,7,16,20,25,33,45,46,48],"ascension_level":0}}