{"host":"lwpvkgc6ydwupigp","time":1613506167,"event":{"mods":["AchievementEnabler","BaseMod","Bestiary","Minty Spire (QoL Compilation)","Quick Restart","Relic Stats"],"gold_per_floor":[216,291,291,306,481,481,481,519,519,20,35,35,54,72,72,192,192,212,212,212,212,229,229,254,273,273,273,273,291,291,307,307,410,460,474,524,524,59,59,59,92,112,136,152,152,205,205,205,205],"floor_reached":48,"language":"ENG","playtime":3635,"items_purged":["Injury"],"score":576,"play_id":"f05f475e-2c71-4bd6-b622-b141a174ca3d","local_time":"20210216210927","is_ascension_mode":false,"campfire_choices":[{"data":"Blade Dance","floor":6.0,"key":"SMITH"},{"floor":15.0,"key":"REST"},{"data":"Bullet Time","floor":23.0,"key":"SMITH"},{"data":"Catalyst","floor":27.0,"key":"SMITH"},{"data":"Noxious Fumes","floor":30.0,"key":"SMITH"},{"floor":32.0,"key":"REST"},{"data":"Die Die Die","floor":40.0,"key":"SMITH"},{"data":"Corpse Explosion","floor":45,"key":"SMITH"}],"circlet_count":0,"master_deck":["Strike_G","Strike_G","Strike_G","Strike_G","Strike_G","Defend_G","Defend_G","Defend_G","Defend_G","Defend_G","Survivor","Neutralize","Blade Dance+1","Deadly Poison+1","Flying Knee","Corpse Explosion+1","Unload","Dodge and Roll","Crippling Poison","Bullet Time+1","Poisoned Stab","Noxious Fumes+1","Terror","Catalyst+1","Deadly Poison","Bouncing Flask+1","Die Die Die+1","Malaise","Reflex+1","Backstab+1","Madness","Madness","Pain","Skewer+1","Cloak And Dagger+1","Terror"],"relics":["Ring of the Snake","Bloody Idol","Tough Bandages","Pen Nib","Bottled Flame","ClockworkSouvenir","Strawberry","SlaversCollar","MutagenicStrength","WingedGreaves","Ninja Scroll","Blood Vial","Tiny House","CaptainsWheel","Oddly Smooth Stone","Bottled Tornado","WarpedTongs","Mango","Juzu Bracelet","Calipers"],"acts_visited":["Exordium","TheCity","TheBeyond"],"potions_floor_usage":[46,46,48,48,48,48,48],"damage_taken":[{"damage":0.0,"enemies":"2 Louse","floor":1.0,"turns":3.0},{"damage":0.0,"enemies":"Small Slimes","floor":4.0,"turns":2.0},{"damage":25.0,"enemies":"Gremlin Nob","floor":8.0,"turns":5.0},{"damage":0.0,"enemies":"Cultist","floor":11.0,"turns":2.0},{"damage":0.0,"enemies":"Looter","floor":13.0,"turns":2.0},{"damage":0.0,"enemies":"3 Louse","floor":14.0,"turns":2.0},{"damage":33.0,"enemies":"Hexaghost","floor":16.0,"turns":9.0},{"damage":0.0,"enemies":"Chosen","floor":18.0,"turns":5.0},{"damage":0.0,"enemies":"3 Byrds","floor":22.0,"turns":2.0},{"damage":27.0,"enemies":"Book of Stabbing","floor":24.0,"turns":5.0},{"damage":10.0,"enemies":"Snake Plant","floor":25.0,"turns":2.0},{"damage":6.0,"enemies":"Centurion and Healer","floor":29.0,"turns":5.0},{"damage":4.0,"enemies":"Chosen and Byrds","floor":31.0,"turns":3.0},{"damage":63.0,"enemies":"Champ","floor":33.0,"turns":7.0},{"damage":11.0,"enemies":"Orb Walker","floor":35.0,"turns":3.0},{"damage":0.0,"enemies":"Mind Bloom Boss Battle","floor":36.0,"turns":5.0},{"damage":21.0,"enemies":"Reptomancer","floor":41.0,"turns":4.0},{"damage":0,"enemies":"3 Shapes","floor":42,"turns":3},{"damage":35,"enemies":"3 Darklings","floor":44,"turns":4},{"damage":50,"enemies":"2 Orb Walkers","floor":46,"turns":6},{"damage":25,"enemies":"Spire Growth","floor":48,"turns":4}],"seed_played":"2099560316074423948","potions_obtained":[{"floor":4.0,"key":"SneckoOil"},{"floor":11.0,"key":"SteroidPotion"},{"floor":18.0,"key":"Energy Potion"},{"floor":29.0,"key":"DistilledChaos"},{"floor":31.0,"key":"BlessingOfTheForge"},{"floor":33.0,"key":"EssenceOfSteel"},{"floor":42,"key":"Swift Potion"},{"floor":44,"key":"DuplicationPotion"},{"floor":47,"key":"EntropicBrew"},{"floor":47,"key":"Poison Potion"}],"is_trial":false,"path_per_floor":["M","?","?","M","?","R","T","E","T","$","M","?","M","M","R","B",null,"M","?","?","?","M","R","E","M","T","R","T","M","R","M","R","B",null,"M","?","?","$","?","R","E","M","T","M","R","?","?","M"],"character_chosen":"THE_SILENT","items_purchased":["ClockworkSouvenir","Strawberry","Corpse Explosion","Dexterity Potion","Oddly Smooth Stone","Bottled Tornado"],"campfire_rested":2,"item_purchase_floors":[10,10,10,10,38,38],"current_hp_per_floor":[70,59,59,59,59,59,59,34,34,41,41,41,41,41,64,31,77,77,77,77,77,77,77,55,50,50,50,50,51,51,54,77,19,82,76,82,72,72,72,72,72,79,84,56,56,13,13,0,0],"gold":205,"neow_bonus":"HUNDRED_GOLD","is_daily":false,"chose_seed":false,"campfire_upgraded":6,"win_rate":0.0,"timestamp":1613506167,"path_taken":["M","?","?","M","?","R","?","E","T","$","M","?","?","M","R","BOSS","M","?","?","?","?","R","E","M","T","R","?","?","R","M","R","BOSS","M","?","?","$","?","R","E","M","T","M","R","?","?","M"],"items_purchased_type":["Relic","Relic","Card","Potion","Relic","Relic"],"build_version":"2020-12-22","purchased_purges":1,"victory":false,"max_hp_per_floor":[70,70,70,70,70,70,70,70,70,77,77,77,77,77,77,77,77,77,77,77,77,77,77,77,77,77,77,77,77,77,77,77,77,82,82,82,82,82,82,82,96,96,96,96,96,96,96,96,96],"relic_stats":{"Blood Vial":16,"Tough Bandages":[57],"counters":[21,83],"Bloody Idol":64,"Pen Nib":[19],"Juzu Bracelet":1,"obtain_stats":[{"Tiny House":34,"Calipers":46,"Golden Idol":3,"Oddly Smooth Stone":38,"Mango":41,"Pen Nib":8,"Juzu Bracelet":43,"Bottled Tornado":38,"ClockworkSouvenir":10,"WarpedTongs":39,"Blood Vial":28,"SlaversCollar":17,"Tough Bandages":7,"Bottled Flame":9,"CaptainsWheel":36,"Ninja Scroll":26,"Strawberry":10,"MutagenicStrength":19,"Bloody Idol":20,"WingedGreaves":24,"Ring of the Snake":0},{"Tiny House":14,"Calipers":20,"Golden Idol":1,"Oddly Smooth Stone":16,"Mango":17,"Pen Nib":3,"Juzu Bracelet":18,"Bottled Tornado":16,"ClockworkSouvenir":3,"WarpedTongs":16,"Blood Vial":11,"SlaversCollar":7,"Tough Bandages":2,"Bottled Flame":3,"CaptainsWheel":16,"Ninja Scroll":11,"Strawberry":3,"MutagenicStrength":8,"Bloody Idol":8,"WingedGreaves":10,"Ring of the Snake":0},{"Tiny House":54,"Calipers":79,"Golden Idol":3,"Oddly Smooth Stone":62,"Mango":66,"Pen Nib":10,"Juzu Bracelet":69,"Bottled Tornado":62,"ClockworkSouvenir":10,"WarpedTongs":62,"Blood Vial":39,"SlaversCollar":25,"Tough Bandages":5,"Bottled Flame":10,"CaptainsWheel":62,"Ninja Scroll":39,"Strawberry":10,"MutagenicStrength":30,"Bloody Idol":30,"WingedGreaves":37,"Ring of the Snake":0}],"Ring of the Snake":[42],"WarpedTongs":[21]},"card_choices":[{"not_picked":["Cloak And Dagger","Quick Slash"],"picked":"Blade Dance","floor":1.0},{"not_picked":["Backstab","Deflect"],"picked":"Deadly Poison","floor":4.0},{"not_picked":["Masterful Stab","Expertise"],"picked":"Flying Knee","floor":8.0},{"not_picked":["Prepared","Flying Knee"],"picked":"Unload","floor":11.0},{"not_picked":["Unload","Dagger Throw"],"picked":"Dodge and Roll","floor":13.0},{"not_picked":["Flying Knee","Blade Dance"],"picked":"Crippling Poison","floor":14.0},{"not_picked":["Storm of Steel","Doppelganger"],"picked":"Bullet Time","floor":16.0},{"not_picked":["PiercingWail","Dodge and Roll"],"picked":"Poisoned Stab","floor":18.0},{"not_picked":["Riddle With Holes+1","Choke"],"picked":"Terror","floor":22.0},{"not_picked":["Cloak And Dagger+1","Reflex"],"picked":"Catalyst","floor":24.0},{"not_picked":["Slice","Finisher+1"],"picked":"Deadly Poison","floor":25.0},{"not_picked":["Dagger Throw+1","Masterful Stab+1"],"picked":"Bouncing Flask+1","floor":29.0},{"not_picked":["Dodge and Roll","Accuracy"],"picked":"Die Die Die","floor":31.0},{"not_picked":["Die Die Die","Bullet Time"],"picked":"Malaise","floor":33.0},{"not_picked":["Cloak And Dagger","Prepared"],"picked":"Reflex+1","floor":35.0},{"not_picked":["Reflex","Calculated Gamble"],"picked":"Backstab+1","floor":36.0},{"not_picked":["Dagger Spray","Finisher+1"],"picked":"Skewer+1","floor":41.0},{"not_picked":["Sucker Punch","PiercingWail+1"],"picked":"Cloak And Dagger+1","floor":42},{"not_picked":["Dagger Throw","Dagger Spray"],"picked":"Terror","floor":44}],"player_experience":111945,"relics_obtained":[{"floor":7.0,"key":"Tough Bandages"},{"floor":8.0,"key":"Pen Nib"},{"floor":9.0,"key":"Bottled Flame"},{"floor":24.0,"key":"WingedGreaves"},{"floor":26.0,"key":"Ninja Scroll"},{"floor":28.0,"key":"Blood Vial"},{"floor":36.0,"key":"CaptainsWheel"},{"floor":41.0,"key":"Mango"},{"floor":43,"key":"Juzu Bracelet"},{"floor":46,"key":"Calipers"}],"event_choices":[{"damage_healed":0.0,"max_hp_gain":0.0,"max_hp_loss":0.0,"gold_gain":75.0,"event_name":"World of Goop","player_choice":"Gather Gold","floor":2.0,"gold_loss":0.0,"damage_taken":11.0},{"damage_healed":0.0,"max_hp_gain":0.0,"max_hp_loss":0.0,"gold_gain":0.0,"event_name":"Golden Idol","player_choice":"Take Wound","floor":3.0,"gold_loss":0.0,"damage_taken":0.0,"relics_obtained":["Golden Idol"],"cards_obtained":["Injury"]},{"damage_healed":0.0,"max_hp_gain":0.0,"max_hp_loss":0.0,"gold_gain":175.0,"event_name":"Liars Game","player_choice":"AGREE","floor":5.0,"gold_loss":0.0,"damage_taken":0.0,"cards_obtained":["Doubt"]},{"cards_removed":["Doubt"],"damage_healed":0.0,"max_hp_gain":0.0,"max_hp_loss":0.0,"gold_gain":0.0,"event_name":"Purifier","player_choice":"Purged","floor":12.0,"gold_loss":0.0,"damage_taken":0.0},{"damage_healed":0.0,"max_hp_gain":0.0,"max_hp_loss":0.0,"gold_gain":0.0,"event_name":"Drug Dealer","player_choice":"Inject Mutagens","floor":19.0,"gold_loss":0.0,"damage_taken":0.0,"relics_obtained":["MutagenicStrength"]},{"damage_healed":0.0,"max_hp_gain":0.0,"max_hp_loss":0.0,"gold_gain":0.0,"event_name":"Forgotten Altar","player_choice":"Gave Idol","floor":20.0,"relics_lost":["Golden Idol"],"gold_loss":0.0,"damage_taken":0.0,"relics_obtained":["Bloody Idol"]},{"damage_healed":0.0,"max_hp_gain":0.0,"max_hp_loss":0.0,"gold_gain":0.0,"event_name":"Match and Keep!","player_choice":"1 cards matched","floor":21.0,"gold_loss":0.0,"damage_taken":0.0,"cards_obtained":["Noxious Fumes"]},{"damage_healed":0.0,"max_hp_gain":0.0,"max_hp_loss":0.0,"gold_gain":0.0,"event_name":"MindBloom","player_choice":"Fight","floor":36.0,"gold_loss":0.0,"damage_taken":0.0},{"damage_healed":0.0,"max_hp_gain":0.0,"max_hp_loss":0.0,"gold_gain":0.0,"event_name":"Winding Halls","player_choice":"Embrace Madness","floor":37.0,"gold_loss":0.0,"damage_taken":10.0,"cards_obtained":["Madness","Madness"]},{"damage_healed":0.0,"max_hp_gain":0.0,"max_hp_loss":0.0,"gold_gain":0.0,"event_name":"Accursed Blacksmith","player_choice":"Rummage","floor":39.0,"gold_loss":0.0,"damage_taken":0.0,"relics_obtained":["WarpedTongs"],"cards_obtained":["Pain"]},{"damage_healed":0,"gold_gain":0,"player_choice":"Fight","damage_taken":0,"max_hp_gain":0,"max_hp_loss":0,"event_name":"Mysterious Sphere","floor":46,"gold_loss":0},{"damage_healed":0,"gold_gain":0,"player_choice":"Got Potions","damage_taken":0,"max_hp_gain":0,"max_hp_loss":0,"event_name":"Lab","floor":47,"gold_loss":0}],"is_beta":false,"boss_relics":[{"not_picked":["Velvet Choker","Runic Dome"],"picked":"SlaversCollar"},{"not_picked":["Busted Crown","Philosopher\u0027s Stone"],"picked":"Tiny House"}],"items_purged_floors":[38],"is_endless":false,"potions_floor_spawned":[4,11,18,25,29,31,33,36,42,44],"killed_by":"Spire Growth","ascension_level":0}}