{"host":"27c1zwn2rxlukojz","time":1613500585,"event":{"mods":["BaseMod","Filter the Spire","Minty Spire (QoL Compilation)","Relic Stats","StSLib"],"gold_per_floor":[109,122,141,160,175,175,209,219,245,271,271,116,116,135,135,135,135],"floor_reached":16,"language":"DEU","playtime":904,"items_purged":["Strike_B"],"score":188,"play_id":"4b1ea6b9-8df1-420c-bdb3-4e81082a7ce4","local_time":"20210216193625","is_ascension_mode":true,"campfire_choices":[{"data":"Static Discharge","floor":6,"key":"SMITH"},{"floor":11,"key":"REST"},{"data":"Thunder Strike","floor":13,"key":"SMITH"},{"data":"Undo","floor":15,"key":"SMITH"}],"circlet_count":0,"master_deck":["AscendersBane","Strike_B","Strike_B","Strike_B","Defend_B","Defend_B","Defend_B","Defend_B","Zap","Dualcast","Static Discharge+1","Chill","Cold Snap","Thunder Strike+1","Undo+1","Compile Driver","Streamline","Self Repair"],"relics":["Snecko Eye","WingedGreaves","Anchor","Singing Bowl"],"acts_visited":["Exordium"],"potions_floor_usage":[5,8,10,16,16],"damage_taken":[{"damage":2,"enemies":"Jaw Worm","floor":1,"turns":6},{"damage":8,"enemies":"Small Slimes","floor":2,"turns":4},{"damage":5,"enemies":"2 Louse","floor":3,"turns":3},{"damage":5,"enemies":"2 Fungi Beasts","floor":4,"turns":3},{"damage":0,"enemies":"Large Slime","floor":5,"turns":3},{"damage":29,"enemies":"Lagavulin","floor":7,"turns":6},{"damage":0,"enemies":"3 Louse","floor":8,"turns":3},{"damage":14,"enemies":"Gremlin Nob","floor":10,"turns":4},{"damage":0,"enemies":"Blue Slaver","floor":14,"turns":4},{"damage":52,"enemies":"The Guardian","floor":16,"turns":13}],"seed_played":"4019366803454868632","potions_obtained":[{"floor":1,"key":"Ancient Potion"},{"floor":4,"key":"AttackPotion"},{"floor":7,"key":"AttackPotion"},{"floor":8,"key":"Energy Potion"},{"floor":10,"key":"FocusPotion"}],"is_trial":false,"path_per_floor":["M","M","M","M","M","R","E","M","T","E","R","$","R","M","R","B"],"character_chosen":"DEFECT","items_purchased":["Self Repair"],"campfire_rested":1,"item_purchase_floors":[12],"current_hp_per_floor":[66,58,53,48,48,48,19,19,19,5,27,27,27,36,36,0,0],"gold":135,"neow_bonus":"BOSS_RELIC","is_daily":false,"chose_seed":false,"campfire_upgraded":3,"win_rate":0.0,"timestamp":1613500585,"path_taken":["M","M","M","M","M","R","E","M","T","E","R","$","R","M","R","BOSS"],"items_purchased_type":["Card"],"build_version":"2020-12-22","purchased_purges":1,"victory":false,"max_hp_per_floor":[75,75,75,75,75,75,75,75,75,75,75,75,75,77,77,77,77],"relic_stats":{"Singing Bowl":2,"counters":[10,49],"Snecko Eye":[76,88,87,77],"obtain_stats":[{"Anchor":9,"Singing Bowl":10,"Snecko Eye":0,"WingedGreaves":7,"Cracked Core":0},{"Anchor":7,"Singing Bowl":8,"Snecko Eye":0,"WingedGreaves":6,"Cracked Core":0},{"Anchor":28,"Singing Bowl":32,"Snecko Eye":0,"WingedGreaves":25,"Cracked Core":0}]},"card_choices":[{"not_picked":["Coolheaded","Sweeping Beam"],"picked":"Static Discharge","floor":1},{"not_picked":["FTL","Stack","Gash"],"picked":"SKIP","floor":2},{"not_picked":["Storm","Steam"],"picked":"Chill","floor":3},{"not_picked":["Rebound","Darkness"],"picked":"Cold Snap","floor":4},{"not_picked":["Self Repair","Steam"],"picked":"Thunder Strike","floor":5},{"not_picked":["Cold Snap","Stack"],"picked":"Undo","floor":7},{"not_picked":["Gash","Barrage"],"picked":"Compile Driver","floor":8},{"not_picked":["Gash","Sweeping Beam"],"picked":"Streamline","floor":10},{"not_picked":["Streamline","Stack","Beam Cell"],"picked":"Singing Bowl","floor":14}],"player_experience":3993917,"relics_obtained":[{"floor":7,"key":"WingedGreaves"},{"floor":9,"key":"Anchor"},{"floor":10,"key":"Singing Bowl"}],"event_choices":[],"is_beta":false,"boss_relics":[],"items_purged_floors":[12],"is_endless":false,"potions_floor_spawned":[1,4,7,8,10,14],"killed_by":"The Guardian","ascension_level":13}}