{"host":"g907ck67u7c3hrs6","time":1613441757,"event":{"mods":["BaseMod","Colored Map","DeckTracker","Force Act Four","Highlight Path","Keyboard Shortcuts","Minty Spire (QoL Compilation)","Permanent Neow","Say the Spire","SuperFastMode"],"gold_per_floor":[114,129,144,144,144,144,174,174,174,189,189,204,219,219,219,319,319,334,334,334,349,349,379,394,394,419,449,464,479,509,524,524,624,624,639,639,89,113,128,128,143,158,158,158,173,203,113,113,113,113,113,113,44,74,74],"floor_reached":56,"language":"KOR","playtime":2671,"items_purged":[],"score":1364,"play_id":"83a76e58-e1fa-4145-80f5-1ac3b6b5d2cf","local_time":"20210216111557","daily_mods":["Specialized","ControlledChaos","Lethality"],"is_ascension_mode":false,"campfire_choices":[{"data":"Pray","floor":6.0,"key":"SMITH"},{"data":"Pray","floor":8.0,"key":"SMITH"},{"data":"Pray","floor":11.0,"key":"SMITH"},{"data":"Pray","floor":15.0,"key":"SMITH"},{"data":"Omniscience","floor":25.0,"key":"SMITH"},{"data":"SandsOfTime","floor":32.0,"key":"SMITH"},{"data":"Devotion","floor":40,"key":"SMITH"},{"floor":49,"key":"RECALL"},{"data":"Eruption","floor":52,"key":"SMITH"}],"circlet_count":0,"master_deck":["Strike_P","Strike_P","Defend_P+1","Defend_P","Defend_P","Eruption+1","Vigilance","Pray+1","Pray+1","Pray+1","Pray+1","Pray+1","DeceiveReality","FearNoEvil","CutThroughFate","SandsOfTime+1","Wallop","Establishment","Omniscience+1","EmptyMind","BowlingBash","FollowUp","Protect","Ghostly","Ghostly","Ghostly","Ghostly","Ghostly","ClearTheMind","DeusExMachina","Protect+1","DeceiveReality+1","Brilliance+1","Devotion+1","Omniscience+1","WindmillStrike+1","Thinking Ahead","BattleHymn","Devotion"],"relics":["HolyWater","Frozen Eye","Omamori","War Paint","Bag of Preparation","Yang","Gambling Chip","TeardropLocket","MealTicket","Cursed Key","Bag of Marbles","DollysMirror","Singing Bowl","Prayer Wheel","Eternal Feather","Juzu Bracelet","Damaru"],"acts_visited":["Exordium","TheCity","TheBeyond","TheEnding"],"potions_floor_usage":[33,55,55,55],"damage_taken":[{"damage":0.0,"enemies":"Small Slimes","floor":1.0,"turns":2.0},{"damage":0.0,"enemies":"Jaw Worm","floor":2.0,"turns":2.0},{"damage":1.0,"enemies":"Cultist","floor":3.0,"turns":4.0},{"damage":29.0,"enemies":"Gremlin Nob","floor":7.0,"turns":4.0},{"damage":10.0,"enemies":"3 Louse","floor":10.0,"turns":2.0},{"damage":1.0,"enemies":"2 Fungi Beasts","floor":12.0,"turns":4.0},{"damage":14.0,"enemies":"Exordium Wildlife","floor":13.0,"turns":4.0},{"damage":15.0,"enemies":"The Guardian","floor":16.0,"turns":6.0},{"damage":0.0,"enemies":"Shell Parasite","floor":18.0,"turns":3.0},{"damage":0.0,"enemies":"Spheric Guardian","floor":21.0,"turns":2.0},{"damage":4.0,"enemies":"Gremlin Leader","floor":23.0,"turns":7.0},{"damage":0.0,"enemies":"Snake Plant","floor":24.0,"turns":5.0},{"damage":4.0,"enemies":"Book of Stabbing","floor":27.0,"turns":3.0},{"damage":3.0,"enemies":"Shelled Parasite and Fungi","floor":28.0,"turns":4.0},{"damage":0.0,"enemies":"Cultist and Chosen","floor":29.0,"turns":2.0},{"damage":2.0,"enemies":"Gremlin Leader","floor":30.0,"turns":8.0},{"damage":3.0,"enemies":"Centurion and Healer","floor":31.0,"turns":5.0},{"damage":19,"enemies":"Champ","floor":33,"turns":11},{"damage":2,"enemies":"3 Darklings","floor":35,"turns":7},{"damage":0,"enemies":"2 Orb Walkers","floor":38,"turns":5},{"damage":0,"enemies":"Orb Walker","floor":39,"turns":4},{"damage":1,"enemies":"Writhing Mass","floor":41,"turns":5},{"damage":4,"enemies":"Maw","floor":42,"turns":7},{"damage":0,"enemies":"Spire Growth","floor":45,"turns":4},{"damage":2,"enemies":"Reptomancer","floor":46,"turns":6},{"damage":2,"enemies":"Donu and Deca","floor":50,"turns":6},{"damage":0,"enemies":"Shield and Spear","floor":54,"turns":3},{"damage":54,"enemies":"The Heart","floor":55,"turns":8}],"seed_played":"2711566965655028651","potions_obtained":[{"floor":1.0,"key":"PowerPotion"},{"floor":2.0,"key":"PowerPotion"},{"floor":10.0,"key":"Swift Potion"},{"floor":31.0,"key":"Regen Potion"},{"floor":42,"key":"StancePotion"},{"floor":54,"key":"PowerPotion"}],"is_trial":false,"path_per_floor":["M","M","M","?","T","R","E","R","T","M","R","M","M","?","R","B",null,"M","?","?","M","?","E","M","R","T","E","M","M","E","M","R","B",null,"M","?","$","?","M","R","M","M","T","$","M","E","?","?","R","B",null,"R","$","E","B",null],"character_chosen":"WATCHER","items_purchased":["Bag of Marbles","DollysMirror","Singing Bowl","BattleHymn"],"campfire_rested":0,"item_purchase_floors":[37,37,37,53],"current_hp_per_floor":[72,72,71,76,76,76,47,47,47,37,37,36,22,22,22,7,77,77,77,77,77,38,34,34,34,34,30,27,27,25,22,22,3,38,36,36,38,40,42,42,45,45,45,50,54,54,54,48,60,58,60,60,60,60,6],"gold":74,"neow_bonus":"","is_daily":true,"chose_seed":false,"campfire_upgraded":8,"win_rate":0.0,"timestamp":1613441757,"path_taken":["M","M","M","?","?","R","E","R","T","M","R","M","M","?","R","BOSS","M","?","?","M","?","E","M","R","T","E","?","M","E","?","R","BOSS","M","?","$","?","M","R","M","M","T","$","M","E","?","?","R","BOSS","R","$","E","BOSS"],"items_purchased_type":["Relic","Relic","Relic","Card"],"build_version":"2020-12-22","purchased_purges":0,"victory":true,"max_hp_per_floor":[72,72,72,77,77,77,77,77,77,77,77,77,77,77,77,77,77,77,77,77,77,38,38,38,38,38,38,38,38,38,38,38,38,38,38,38,38,40,42,42,46,50,50,50,54,56,56,60,60,60,60,60,60,60,60],"card_choices":[{"not_picked":["FollowUp","ForeignInfluence"],"picked":"DeceiveReality","floor":1.0},{"not_picked":["CrushJoints","ThirdEye"],"picked":"FearNoEvil","floor":2.0},{"not_picked":["ClearTheMind","SignatureMove"],"picked":"CutThroughFate","floor":3.0},{"not_picked":["EmptyFist","FlurryOfBlows"],"picked":"SandsOfTime","floor":7.0},{"not_picked":["PathToVictory","Study"],"picked":"Wallop","floor":10.0},{"not_picked":["Halt","SashWhip","Evaluate"],"picked":"SKIP","floor":12.0},{"not_picked":["DeceiveReality","EmptyFist"],"picked":"Establishment","floor":13.0},{"not_picked":["MasterReality","ConjureBlade"],"picked":"Omniscience","floor":16.0},{"not_picked":["ThirdEye+1","SashWhip"],"picked":"EmptyMind","floor":18.0},{"not_picked":["BowlingBash","FollowUp"],"picked":"Protect","floor":21.0},{"not_picked":["Tantrum","Sanctity"],"picked":"ClearTheMind","floor":23.0},{"not_picked":["EmptyBody","ReachHeaven","Tantrum+1"],"picked":"SKIP","floor":24.0},{"not_picked":["EmptyFist","SignatureMove+1"],"picked":"DeusExMachina","floor":27.0},{"not_picked":["ThirdEye","Halt+1"],"picked":"Protect+1","floor":28.0},{"not_picked":["EmptyBody","ClearTheMind+1"],"picked":"DeceiveReality+1","floor":29.0},{"not_picked":["SignatureMove","CarveReality"],"picked":"Brilliance","floor":30.0},{"not_picked":["EmptyBody+1","Wireheading+1","ThirdEye+1"],"picked":"SKIP","floor":31.0},{"not_picked":["Ragnarok","Scrawl"],"picked":"Devotion","floor":33},{"not_picked":["DeceiveReality","FlyingSleeves","JustLucky+1"],"picked":"SKIP","floor":35},{"not_picked":["Halt+1","EmptyFist","FearNoEvil+1"],"picked":"Singing Bowl","floor":38},{"not_picked":["Consecrate+1","JustLucky+1","Nirvana"],"picked":"Singing Bowl","floor":39},{"not_picked":["EmptyFist+1","CutThroughFate+1"],"picked":"WindmillStrike+1","floor":39},{"not_picked":["Halt","Study","EmptyBody"],"picked":"Singing Bowl","floor":41},{"not_picked":["DeceiveReality+1","Evaluate+1","Crescendo"],"picked":"Singing Bowl","floor":41},{"not_picked":["FlurryOfBlows","SashWhip+1","Alpha"],"picked":"Singing Bowl","floor":42},{"not_picked":["Evaluate+1","FollowUp+1","Crescendo+1"],"picked":"Singing Bowl","floor":42},{"not_picked":["CutThroughFate","BowlingBash","FearNoEvil+1"],"picked":"Singing Bowl","floor":45},{"not_picked":["EmptyBody+1","ConjureBlade","Halt"],"picked":"Singing Bowl","floor":45},{"not_picked":["Protect","EmptyFist+1","EmptyBody"],"picked":"Singing Bowl","floor":46},{"not_picked":["Impatience","Panacea","Forethought"],"picked":"Singing Bowl","floor":48},{"not_picked":["Mayhem","Panacea","Dark Shackles"],"picked":"Singing Bowl","floor":48},{"not_picked":["Good Instincts","Purity"],"picked":"Thinking Ahead","floor":48},{"not_picked":["Consecrate","Prostrate"],"picked":"Devotion","floor":54}],"player_experience":307758,"relics_obtained":[{"floor":5.0,"key":"Omamori"},{"floor":7.0,"key":"War Paint"},{"floor":9.0,"key":"Bag of Preparation"},{"floor":23.0,"key":"Gambling Chip"},{"floor":27.0,"key":"TeardropLocket"},{"floor":30.0,"key":"MealTicket"},{"floor":38,"key":"Prayer Wheel"},{"floor":43,"key":"Eternal Feather"},{"floor":46,"key":"Juzu Bracelet"},{"floor":54,"key":"Damaru"}],"event_choices":[{"damage_healed":0.0,"max_hp_gain":5.0,"max_hp_loss":0.0,"gold_gain":0.0,"event_name":"Big Fish","player_choice":"Donut","floor":4.0,"gold_loss":0.0,"damage_taken":0.0},{"damage_healed":0.0,"max_hp_gain":0.0,"max_hp_loss":0.0,"gold_gain":0.0,"event_name":"The Woman in Blue","player_choice":"Bought 0 Potions","floor":14.0,"gold_loss":0.0,"damage_taken":0.0},{"damage_healed":0.0,"max_hp_gain":0.0,"max_hp_loss":0.0,"gold_gain":0.0,"event_name":"Addict","player_choice":"Stole Relic","floor":19.0,"gold_loss":0.0,"damage_taken":0.0,"relics_obtained":["Yang"],"cards_obtained":["Shame"]},{"damage_healed":0.0,"max_hp_gain":0.0,"max_hp_loss":0.0,"gold_gain":0.0,"cards_transformed":["Strike_P","Strike_P"],"event_name":"Drug Dealer","player_choice":"Became Test Subject","floor":20.0,"gold_loss":0.0,"damage_taken":0.0,"cards_obtained":["BowlingBash","FollowUp"]},{"damage_healed":0.0,"max_hp_gain":0.0,"max_hp_loss":39.0,"gold_gain":0.0,"event_name":"Ghosts","player_choice":"Became a Ghost","floor":22.0,"gold_loss":0.0,"damage_taken":0.0,"cards_obtained":["Ghostly","Ghostly","Ghostly","Ghostly","Ghostly"]},{"damage_healed":0,"gold_gain":0,"player_choice":"Ignored","damage_taken":0,"max_hp_gain":0,"max_hp_loss":0,"event_name":"Tomb of Lord Red Mask","floor":36,"gold_loss":0},{"damage_healed":0,"gold_gain":0,"player_choice":"Fight","damage_taken":0,"max_hp_gain":0,"max_hp_loss":0,"event_name":"Mysterious Sphere","floor":38,"gold_loss":0},{"cards_removed":["Defend_P"],"damage_healed":0,"gold_gain":0,"player_choice":"Upgrade and Remove","damage_taken":0,"max_hp_gain":0,"max_hp_loss":0,"event_name":"Designer","floor":47,"gold_loss":90,"cards_upgraded":["Brilliance"]},{"damage_healed":0,"gold_gain":0,"player_choice":"Memory 3","damage_taken":10,"max_hp_gain":0,"max_hp_loss":0,"event_name":"SensoryStone","floor":48,"gold_loss":0}],"is_beta":false,"boss_relics":[{"not_picked":["Black Star","Calling Bell"],"picked":"HolyWater"},{"not_picked":["Sozu","Astrolabe"],"picked":"Cursed Key"}],"items_purged_floors":[],"is_endless":false,"potions_floor_spawned":[1,2,10,13,23,24,28,31,42,46,54],"ascension_level":0}}