{"host":"znvnxllcillb3rtw","time":1613499575,"event":{"mods":["BaseMod","DeckTracker","Minty Spire (QoL Compilation)","Relic Stats","StSLib","SuperFastMode","everything is the same but u backflip on backflip"],"gold_per_floor":[109,120,120,120,21,21,48,48,72,72,72,46,71,86,86,160,160,176,187,187,187,187],"floor_reached":21,"language":"KOR","playtime":458,"items_purged":[],"score":420,"play_id":"b4132c43-7a71-4565-a59f-d60bd260ef10","local_time":"20210217031935","is_ascension_mode":true,"campfire_choices":[{"data":"Sunder","floor":6,"key":"SMITH"},{"data":"Storm","floor":8,"key":"SMITH"},{"floor":11,"key":"REST"},{"data":"Go for the Eyes","floor":15,"key":"SMITH"}],"circlet_count":0,"master_deck":["AscendersBane","Strike_B","Strike_B","Strike_B+1","Defend_B","Defend_B","Defend_B","Defend_B","Zap+1","Dualcast","Sunder+1","Gash","Storm+1","Go for the Eyes+1","Cold Snap","Gash","Ball Lightning","Chaos","Gash","Creative AI","Coolheaded","Glacier"],"relics":["Cracked Core","NeowsBlessing","Kunai","Gremlin Horn","MealTicket","DataDisk","Fusion Hammer"],"acts_visited":["Exordium","TheCity"],"potions_floor_usage":[13,16,18],"damage_taken":[{"damage":0,"enemies":"Cultist","floor":1,"turns":1},{"damage":0,"enemies":"2 Louse","floor":2,"turns":1},{"damage":0,"enemies":"Lagavulin","floor":7,"turns":1},{"damage":23,"enemies":"3 Sentries","floor":13,"turns":7},{"damage":5,"enemies":"Small Slimes","floor":14,"turns":2},{"damage":22,"enemies":"Hexaghost","floor":16,"turns":9},{"damage":14,"enemies":"2 Thieves","floor":18,"turns":3},{"damage":24,"enemies":"Shell Parasite","floor":19,"turns":6},{"damage":26,"enemies":"Snake Plant","floor":21,"turns":2}],"seed_played":"5898891588186731790","potions_obtained":[{"floor":1,"key":"SneckoOil"},{"floor":2,"key":"DistilledChaos"},{"floor":14,"key":"Block Potion"}],"is_trial":false,"path_per_floor":["M","M","?","?","$","R","E","R","T","?","R","$","E","M","R","B",null,"M","M","?","M"],"character_chosen":"DEFECT","items_purchased":["Storm","Go for the Eyes","Ball Lightning"],"campfire_rested":1,"item_purchase_floors":[5,5,12],"current_hp_per_floor":[64,64,53,32,32,32,32,32,32,32,53,68,45,40,40,18,58,44,20,20,0,0],"gold":187,"neow_bonus":"THREE_ENEMY_KILL","is_daily":false,"chose_seed":false,"campfire_upgraded":3,"win_rate":0.0,"timestamp":1613499575,"path_taken":["M","?","?","?","$","R","E","R","T","?","R","$","E","M","R","BOSS","M","M","?","M"],"items_purchased_type":["Card","Card","Card"],"build_version":"2020-12-22","purchased_purges":0,"victory":false,"max_hp_per_floor":[71,71,71,71,71,71,71,71,71,71,71,71,71,71,71,71,71,71,71,71,71,71],"relic_stats":{"Gremlin Horn":[4,4],"counters":[9,32],"MealTicket":15,"Kunai":[10],"obtain_stats":[{"DataDisk":13,"NeowsBlessing":0,"Gremlin Horn":7,"MealTicket":9,"Fusion Hammer":17,"Kunai":3,"Cracked Core":0},{"DataDisk":4,"NeowsBlessing":0,"Gremlin Horn":3,"MealTicket":3,"Fusion Hammer":6,"Kunai":2,"Cracked Core":0},{"DataDisk":10,"NeowsBlessing":0,"Gremlin Horn":3,"MealTicket":3,"Fusion Hammer":21,"Kunai":2,"Cracked Core":0}]},"card_choices":[{"not_picked":["Static Discharge","Rebound"],"picked":"Sunder","floor":1},{"not_picked":["Beam Cell","Blizzard"],"picked":"Gash","floor":2},{"not_picked":["Leap","Turbo"],"picked":"Cold Snap","floor":7},{"not_picked":["Barrage","Force Field"],"picked":"Chaos","floor":13},{"not_picked":["Hologram","Auto Shields"],"picked":"Gash","floor":14},{"not_picked":["Fission","Seek"],"picked":"Creative AI","floor":16},{"not_picked":["Cold Snap","Lockon"],"picked":"Coolheaded","floor":18},{"not_picked":["Turbo","Conserve Battery"],"picked":"Glacier","floor":19}],"player_experience":2905658,"relics_obtained":[{"floor":7,"key":"Gremlin Horn"},{"floor":9,"key":"MealTicket"},{"floor":13,"key":"DataDisk"}],"event_choices":[{"damage_healed":0,"gold_gain":0,"player_choice":"Success","damage_taken":11,"relics_obtained":["Kunai"],"max_hp_gain":0,"max_hp_loss":0,"event_name":"Scrap Ooze","floor":3,"gold_loss":0},{"damage_healed":0,"gold_gain":0,"player_choice":"Entered Light","damage_taken":21,"max_hp_gain":0,"max_hp_loss":0,"event_name":"Shining Light","floor":4,"gold_loss":0,"cards_upgraded":["Zap","Strike_B"]},{"damage_healed":0,"gold_gain":0,"cards_transformed":["Strike_B"],"player_choice":"Change","damage_taken":0,"max_hp_gain":0,"max_hp_loss":0,"event_name":"Living Wall","floor":10,"gold_loss":0,"cards_obtained":["Gash"]},{"damage_healed":0,"gold_gain":0,"player_choice":"Ignored","damage_taken":0,"max_hp_gain":0,"max_hp_loss":0,"event_name":"Vampires","floor":20,"gold_loss":0}],"is_beta":false,"boss_relics":[{"not_picked":["Runic Dome","Calling Bell"],"picked":"Fusion Hammer"}],"items_purged_floors":[],"is_endless":false,"potions_floor_spawned":[1,2,14],"killed_by":"Snake Plant","ascension_level":20}}