{"host":"psh83vqabmtchp5z","time":1613453933,"event":{"mods":["AchievementEnabler","Aspiration","BaseMod","Better Altar","Better Match","Better Skull","Better Third Choice","Better Vampires","BetterRewards","Challenge The Spire","Conspire","Downfall","Gold Saver","Lobotomy","LobotomyExtend","Minty Spire (QoL Compilation)","Quick Restart","Relic Filter","Replay The Spire","Shop Mod","Spicy Shops","StSLib","óô»ðÖ¸ÄÏ"],"gold_per_floor":[314,325,342,342,48,74,84,84,84,84,115,115,131,31,31,130,130,145,45,45,128,128,128,128,172,199,199,199,199,199,199,199,294,294,294,294],"floor_reached":35,"language":"ZHS","playtime":6236,"items_purged":["Pain","WhitesApple"],"score":486,"play_id":"6d29b475-d498-4540-8d0e-a5d835fbf4a7","local_time":"20210216133853","is_ascension_mode":false,"campfire_choices":[{"data":"Regret_ego","floor":15.0,"key":"SMITH"}],"circlet_count":0,"master_deck":["Apo_SoulSlash","Apo_Charge","Apo_Charge","Apo_Charge","Apo_Charge","Apo_Beam","Apo_Beam","Apo_Beam","Apo_Execute","Apo_Slash","Apo_Slash","Apo_SoulSlash","SpecialBullet","SpecialBullet","FieryBird","SoundOfStar+1"],"relics":["CogitoBucket","aspiration:Nostalgia","Burning Blood","LetterFromLob","WarpedTongs","ReplayTheSpireMod:TigerMarble","Letter Opener","WingedGreaves","HellTrain","Black Star","Ancient Tea Set","ApostleMask","Coffee Dripper"],"acts_visited":["Exordium","TheCity","TheBeyond"],"potions_floor_usage":[35,35,35],"damage_taken":[{"damage":6.0,"enemies":"Cultist","floor":1.0,"turns":3.0},{"damage":13.0,"enemies":"Small Slimes","floor":2.0,"turns":2.0},{"damage":2.0,"enemies":"Jaw Worm","floor":3.0,"turns":3.0},{"damage":23.0,"enemies":"Lagavulin","floor":6.0,"turns":7.0},{"damage":1.0,"enemies":"Exordium Wildlife","floor":7.0,"turns":3.0},{"damage":0.0,"enemies":"Gremlin Nob","floor":11.0,"turns":2.0},{"damage":0.0,"enemies":"Gremlin Gang","floor":13.0,"turns":1.0},{"damage":23.0,"enemies":"Slime Boss","floor":16.0,"turns":5.0},{"damage":6.0,"enemies":"Chosen","floor":18.0,"turns":3.0},{"damage":5.0,"enemies":"conspire:FuzzyDice","floor":21.0,"turns":4.0},{"damage":42.0,"enemies":"conspire:HollyBat","floor":25.0,"turns":10.0},{"damage":32,"enemies":"Collector","floor":33,"turns":3},{"damage":36,"enemies":"3 Shapes","floor":35,"turns":3}],"seed_played":"-5213803743571781802","potions_obtained":[{"floor":1.0,"key":"FearPotion"},{"floor":11.0,"key":"Energy Potion"},{"floor":13.0,"key":"Dexterity Potion"}],"is_trial":false,"path_per_floor":["M","M","M","?","$","E","M","R","T","R","E","R","M","$","R","B",null,"M","?","?","M","$","R","R","M","T","R","R","E","R","?","R","B",null,"M"],"character_chosen":"Angela","items_purchased":["Ecstasy"],"campfire_rested":0,"item_purchase_floors":[5],"current_hp_per_floor":[70,63,67,67,67,50,56,56,56,56,68,68,70,70,70,55,70,70,70,67,67,67,67,67,67,67,67,67,67,67,67,67,35,35,0,0],"gold":294,"neow_bonus":"NOSTALGIA","is_daily":false,"chose_seed":false,"campfire_upgraded":1,"win_rate":0.0,"timestamp":1613453933,"path_taken":["M","?","M","?","$","E","M","R","T","R","E","R","?","$","R","BOSS","M","?","?","M","$","R","R","?","T","R","R","E","R","?","R","BOSS","M"],"items_purchased_type":["Card"],"build_version":"2020-12-22","purchased_purges":2,"victory":false,"max_hp_per_floor":[70,70,70,70,70,70,70,70,70,70,70,70,70,70,70,70,70,70,70,67,67,67,67,67,67,67,67,67,67,67,67,67,71,71,71,71],"card_choices":[{"not_picked":["FrostShard"],"picked":"Regret_ego","floor":1.0},{"not_picked":["ShyLook","WallGazer"],"picked":"RedShoes","floor":1.0},{"not_picked":["Laetitia_ego"],"picked":"InTheNameOfLoveAndHate","floor":1.0},{"not_picked":["Variant","BeautyBeast"],"picked":"WhitesApple","floor":2.0},{"not_picked":["SomewhereSpear"],"picked":"CherryBlossom","floor":2.0},{"not_picked":["CENSORED","UniverseFragment"],"picked":"MeatLantern","floor":3.0},{"not_picked":["InTheNameOfLoveAndHate"],"picked":"Wingbeat","floor":3.0},{"not_picked":["Harvest"],"picked":"GoldRush","floor":6.0},{"not_picked":["Mercenary","CherryBlossoms"],"picked":"Bloodbath","floor":6.0},{"not_picked":["BlackSwan_ego","RapturousDream"],"picked":"SKIP","floor":6.0},{"not_picked":["Scorched","Scarecrow"],"picked":"Woodsman","floor":7.0},{"not_picked":["Noise"],"picked":"Harvest","floor":7.0},{"not_picked":["RedEyes","FeatherOfHonor"],"picked":"SKIP","floor":7.0},{"not_picked":["Murderer","Scorched"],"picked":"MHz","floor":11.0},{"not_picked":["RedEyes","RapturousDream"],"picked":"SKIP","floor":11.0},{"not_picked":["BeautyBeast","WallGazer"],"picked":"OldLady","floor":13.0},{"not_picked":["Discord","Christmas"],"picked":"SKIP","floor":13.0},{"not_picked":["CrumblingArmor","SingingMachine"],"picked":"GreedKing","floor":16.0},{"not_picked":["GoldRush"],"picked":"DaCapo","floor":16.0},{"not_picked":["RapturousDream"],"picked":"Christmas+1","floor":18.0},{"not_picked":["Murderer","WhitesApple"],"picked":"CherryBlossoms","floor":18.0},{"not_picked":["Logging","SwordSharpenedByTears"],"picked":"SKIP","floor":18.0},{"not_picked":["HeroicMonk","GalaxyChild"],"picked":"WhiteNight","floor":21.0},{"not_picked":["Lantern","RedEyes"],"picked":"SKIP","floor":21.0},{"not_picked":["SnowQueen","NakedNest"],"picked":"Mercenary","floor":25.0},{"not_picked":["Discord","Beak+1"],"picked":"Penitence","floor":25.0},{"not_picked":["WhitesApple","SnowQueen"],"picked":"FieryBird","floor":33},{"not_picked":["Justitia+1","Mimicry+1"],"picked":"SoundOfStar+1","floor":33}],"player_experience":786087,"relics_obtained":[{"floor":1.0,"key":"LetterFromLob"},{"floor":6.0,"key":"ReplayTheSpireMod:TigerMarble"},{"floor":9.0,"key":"Letter Opener"},{"floor":11.0,"key":"WingedGreaves"},{"floor":26.0,"key":"Ancient Tea Set"}],"event_choices":[{"damage_healed":0.0,"max_hp_gain":0.0,"max_hp_loss":0.0,"gold_gain":0.0,"event_name":"Accursed Blacksmith","player_choice":"Rummage","floor":4.0,"gold_loss":0.0,"damage_taken":0.0,"relics_obtained":["WarpedTongs"],"cards_obtained":["Pain"]},{"damage_healed":0.0,"max_hp_gain":0.0,"max_hp_loss":0.0,"gold_gain":0.0,"event_name":"conspire:Investor","player_choice":"Invest 2","floor":19.0,"gold_loss":0.0,"damage_taken":0.0},{"cards_removed":["Parasite"],"damage_healed":0.0,"max_hp_gain":0.0,"max_hp_loss":0.0,"gold_gain":0.0,"event_name":"Fountain of Cleansing","player_choice":"Removed Curses","floor":20.0,"gold_loss":0.0,"damage_taken":0.0},{"damage_healed":0,"gold_gain":0,"player_choice":"Bought 0 Potions","damage_taken":0,"max_hp_gain":0,"max_hp_loss":0,"event_name":"The Woman in Blue","floor":31,"gold_loss":0}],"is_beta":false,"boss_relics":[{"not_picked":["Calling Bell","Astrolabe"],"picked":"Black Star"},{"not_picked":["conspire:SpecialSausage","Ring of Chaos"],"picked":"Coffee Dripper"}],"items_purged_floors":[5,14],"is_endless":false,"potions_floor_spawned":[1,11,13,21],"killed_by":"3 Shapes","ascension_level":0}}