{"host":"5inz41fcnifmg6v2","time":1613453391,"event":{"mods":["BaseMod","Downfall","Minty Spire (QoL Compilation)","Reliquary","Replay The Spire","StSLib"],"gold_per_floor":[118,218,218,236,236,261,261,275,300,300,300,300,315,349,349,349,349],"floor_reached":16,"language":"ZHS","playtime":607,"items_purged":[],"score":274,"play_id":"ef1aff22-443f-44e0-a117-dbac06df5a3c","local_time":"20210216132951","is_ascension_mode":true,"campfire_choices":[{"floor":10,"key":"RECALL"},{"data":"Fire Breathing","floor":12,"key":"SMITH"},{"floor":15,"key":"DIG"}],"circlet_count":0,"master_deck":["Strike_R","Strike_R","Strike_R","Strike_R","Strike_R","Defend_R","Defend_R","Defend_R","Defend_R","Bash","downfall:Haunted","downfall:Haunted","Writhe","Double Tap+1","downfall:Malfunctioning","Fire Breathing+1","Body Slam","Parasite","Body Slam","Armaments"],"relics":["Burning Blood","NeowsBlessing","Darkstone Periapt","Mirror","Blue Doll","reliquary:RoseTintedGlasses","Replay:Baseball"],"acts_visited":["Exordium"],"potions_floor_usage":[16,16,16],"damage_taken":[{"damage":0,"enemies":"Jaw Worm","floor":1,"turns":1},{"damage":0,"enemies":"Cultist","floor":4,"turns":1},{"damage":5,"enemies":"3 Sentries","floor":6,"turns":3},{"damage":3,"enemies":"2 Louse","floor":8,"turns":2},{"damage":25,"enemies":"2 Fungi Beasts","floor":13,"turns":5},{"damage":58,"enemies":"Gremlin Nob","floor":14,"turns":6},{"damage":56,"enemies":"The Guardian","floor":16,"turns":9}],"seed_played":"-7244807501504025123","potions_obtained":[{"floor":8,"key":"Weak Potion"},{"floor":13,"key":"SteroidPotion"},{"floor":14,"key":"Energy Potion"}],"is_trial":false,"path_per_floor":["M","?","?","M","T","E","?","M","T","R","?","R","M","E","R","B"],"character_chosen":"IRONCLAD","items_purchased":[],"campfire_rested":0,"item_purchase_floors":[],"current_hp_per_floor":[80,115,115,115,115,115,121,121,121,121,121,121,102,50,50,0,0],"gold":349,"neow_bonus":"THREE_ENEMY_KILL","is_daily":false,"chose_seed":false,"campfire_upgraded":1,"win_rate":0.0,"timestamp":1613453391,"path_taken":["M","?","?","?","?","E","?","M","T","R","?","R","M","E","R","BOSS"],"items_purchased_type":[],"build_version":"2020-12-22","purchased_purges":0,"victory":false,"max_hp_per_floor":[80,115,115,115,115,115,121,121,121,121,121,121,121,121,121,121,121],"card_choices":[{"not_picked":["Twin Strike","ReplayTheSpireMod:Strike From Hell","Inflame"],"picked":"SKIP","floor":1},{"not_picked":["Rage","Burning Pact"],"picked":"Fire Breathing","floor":4},{"not_picked":["Clothesline","Pommel Strike"],"picked":"Body Slam","floor":6},{"not_picked":["ReplayTheSpireMod:Strike From Hell","Perfected Strike","Shockwave"],"picked":"SKIP","floor":8},{"not_picked":["Iron Wave","Spot Weakness"],"picked":"Body Slam","floor":13},{"not_picked":["Rampage","Iron Wave"],"picked":"Armaments","floor":14}],"player_experience":114148,"relics_obtained":[{"floor":5,"key":"Mirror"},{"floor":6,"key":"Blue Doll"},{"floor":14,"key":"reliquary:RoseTintedGlasses"},{"floor":15,"key":"Replay:Baseball"}],"event_choices":[{"cards_removed":["Languid"],"damage_healed":0,"gold_gain":0,"player_choice":"Purged","damage_taken":0,"max_hp_gain":0,"max_hp_loss":0,"event_name":"Purifier","floor":3,"gold_loss":0},{"damage_healed":28,"gold_gain":0,"player_choice":"Healed and dodged fight","damage_taken":0,"max_hp_gain":0,"max_hp_loss":0,"event_name":"Mushrooms","floor":7,"gold_loss":0,"cards_obtained":["Parasite"]}],"is_beta":false,"boss_relics":[],"items_purged_floors":[],"is_endless":false,"potions_floor_spawned":[8,13,14],"killed_by":"The Guardian","ascension_level":3}}