{"host":"k7udt7atmcuzf6l0","time":1613463643,"event":{"mods":["AchievementEnabler","Act Like it!","BaseMod","BetterRewards","Colored Map","Colored Powertips","Highlight Path","Minty Spire (QoL Compilation)","Quick Restart","Rare Cards Sparkle","StSLib","The Bug Knight","UnlockEverythingMod"],"gold_per_floor":[20,20,20,36,55,55,21,21,21,55,20,20,20,43,43,167,167,181,195,49,68,92,92,116,116,197,217,230,31,31,31,31,31,31],"floor_reached":33,"language":"ZHS","playtime":834,"items_purged":[],"score":297,"play_id":"f32fff8e-613d-4477-ac32-8d63cace0f8e","local_time":"20210216162043","is_ascension_mode":false,"campfire_choices":[{"data":"Feed","floor":6.0,"key":"SMITH"},{"data":"Rage","floor":8.0,"key":"SMITH"},{"data":"Sword Boomerang","floor":13.0,"key":"SMITH"},{"data":"Anger","floor":15.0,"key":"SMITH"},{"data":"Limit Break","floor":23,"key":"SMITH"},{"data":"Carnage","floor":25,"key":"SMITH"},{"data":"Flex","floor":30,"key":"SMITH"},{"data":"Spot Weakness","floor":32,"key":"SMITH"}],"circlet_count":0,"master_deck":["Strike_R","Strike_R","Strike_R","Strike_R","Strike_R","Defend_R","Defend_R","Defend_R","Defend_R","Bash","Feed+1","Warcry","Rage+1","Pommel Strike","Carnage+1","Sword Boomerang+1","Anger+1","Limit Break+1","Clash","Pummel+1","Spot Weakness+1","Body Slam+1","Reaper","Flex+1"],"relics":["Burning Blood","Bloody Idol","HornCleat","MealTicket","SlaversCollar","Sling","Letter Opener","PrismaticShard"],"acts_visited":["Exordium","TheCity"],"potions_floor_usage":[16,18,19,19,21,24,28],"damage_taken":[{"damage":8.0,"enemies":"Jaw Worm","floor":1.0,"turns":3.0},{"damage":0.0,"enemies":"Small Slimes","floor":4.0,"turns":3.0},{"damage":2.0,"enemies":"2 Louse","floor":5.0,"turns":3.0},{"damage":24.0,"enemies":"HollowMod:MossKnight","floor":10.0,"turns":7.0},{"damage":13.0,"enemies":"Red Slaver","floor":14.0,"turns":2.0},{"damage":35,"enemies":"Slime Boss","floor":16,"turns":8},{"damage":14,"enemies":"Shell Parasite","floor":18,"turns":7},{"damage":27,"enemies":"Chosen","floor":19,"turns":5},{"damage":35,"enemies":"Centurion and Healer","floor":21,"turns":4},{"damage":19,"enemies":"Sentry and Sphere","floor":22,"turns":6},{"damage":10,"enemies":"Cultist and Chosen","floor":24,"turns":4},{"damage":32,"enemies":"Chosen and Byrds","floor":27,"turns":5},{"damage":21,"enemies":"Centurion and Healer","floor":28,"turns":4},{"damage":49,"enemies":"Champ","floor":33,"turns":6}],"seed_played":"1599135624685814929","potions_obtained":[{"floor":5.0,"key":"SpeedPotion"},{"floor":10.0,"key":"CultistPotion"},{"floor":14.0,"key":"SpeedPotion"},{"floor":16,"key":"ElixirPotion"},{"floor":19,"key":"PowerPotion"},{"floor":22,"key":"Strength Potion"},{"floor":27,"key":"SkillPotion"}],"is_trial":false,"path_per_floor":["M","$","?","M","M","R","$","R","T","E","?","$","R","M","R","B",null,"M","M","$","M","M","R","M","R","T","M","M","$","R","?","R","B"],"character_chosen":"IRONCLAD","items_purchased":["Carnage","Sling","Flex","PrismaticShard"],"campfire_rested":0,"item_purchase_floors":[7,20,29,29],"current_hp_per_floor":[81,81,61,70,77,77,77,77,77,59,81,89,89,86,86,61,97,89,72,87,62,53,53,49,49,49,27,12,27,27,27,27,0,0],"gold":31,"neow_bonus":"THREE_RARE_CARDS","is_daily":false,"chose_seed":false,"campfire_upgraded":8,"win_rate":0.0,"timestamp":1613463643,"path_taken":["M","$","?","M","M","R","$","R","T","E","?","$","R","M","R","BOSS","M","M","$","M","M","R","M","R","T","M","M","$","R","?","R","BOSS"],"items_purchased_type":["Card","Relic","Card","Relic"],"build_version":"2020-12-22","purchased_purges":0,"victory":false,"max_hp_per_floor":[83,83,83,86,89,89,89,89,89,89,89,89,89,93,93,97,97,97,101,101,105,109,109,109,109,109,113,113,113,113,113,113,113,113],"card_choices":[{"not_picked":["Brutality","Fiend Fire"],"picked":"Feed","floor":0.0},{"not_picked":["Disarm","Perfected Strike"],"picked":"Warcry","floor":1.0},{"not_picked":["Intimidate","Havoc"],"picked":"Rage","floor":4.0},{"not_picked":["Wild Strike","Battle Trance"],"picked":"Pommel Strike","floor":5.0},{"not_picked":["Reaper","True Grit"],"picked":"Sword Boomerang","floor":10.0},{"not_picked":["Dropkick","Searing Blow"],"picked":"Anger","floor":14.0},{"not_picked":["Exhume","Impervious"],"picked":"Limit Break","floor":16},{"not_picked":["Clothesline","Shrug It Off"],"picked":"Clash","floor":18},{"not_picked":["Searing Blow","Twin Strike","Metallicize"],"picked":"SKIP","floor":19},{"not_picked":["Disarm","True Grit+1"],"picked":"Pummel+1","floor":21},{"not_picked":["True Grit","Iron Wave"],"picked":"Spot Weakness","floor":22},{"not_picked":["Searing Blow","Armaments","Sword Boomerang"],"picked":"SKIP","floor":24},{"not_picked":["Sword Boomerang","Inflame"],"picked":"Body Slam+1","floor":27},{"not_picked":["Cleave","Power Through"],"picked":"Reaper","floor":28}],"player_experience":128832,"relics_obtained":[{"floor":9.0,"key":"HornCleat"},{"floor":10.0,"key":"MealTicket"},{"floor":26,"key":"Letter Opener"}],"event_choices":[{"damage_healed":0.0,"max_hp_gain":0.0,"max_hp_loss":0.0,"gold_gain":0.0,"event_name":"Golden Idol","player_choice":"Take Damage","floor":3.0,"gold_loss":0.0,"damage_taken":20.0,"relics_obtained":["Golden Idol"]},{"damage_healed":22.0,"max_hp_gain":0.0,"max_hp_loss":0.0,"gold_gain":0.0,"event_name":"The Cleric","player_choice":"Healed","floor":11.0,"gold_loss":35.0,"damage_taken":0.0},{"damage_healed":0,"gold_gain":0,"player_choice":"Gave Idol","damage_taken":0,"relics_obtained":["Bloody Idol"],"max_hp_gain":0,"max_hp_loss":0,"event_name":"Forgotten Altar","floor":31,"relics_lost":["Golden Idol"],"gold_loss":0}],"is_beta":false,"boss_relics":[{"not_picked":["Cursed Key","Fusion Hammer"],"picked":"SlaversCollar"}],"items_purged_floors":[],"is_endless":false,"potions_floor_spawned":[5,10,14,16,19,22,27],"killed_by":"Champ","ascension_level":0}}