{"host":"97k3n5kp0psabqmo","time":1613451538,"event":{"mods":["BaseMod","Colored Powertips","Minty Spire (QoL Compilation)","StSLib"],"gold_per_floor":[118,118,68,68,93,93,123,48,48,70,70,85,105,119,119,222,222,233,253,272,105,123,148,160,172,184,196,208,208],"floor_reached":28,"language":"ENG","playtime":820,"items_purged":["Strike_B","Strike_B"],"score":261,"play_id":"9a1a6d2e-ad50-45f0-94ad-3c26d92871d3","local_time":"20210215235858","is_ascension_mode":false,"campfire_choices":[{"data":"Zap","floor":6,"key":"SMITH"},{"data":"FTL","floor":15,"key":"SMITH"},{"floor":24,"key":"REST"}],"circlet_count":0,"master_deck":["Strike_B+1","Defend_B","Defend_B","Defend_B+1","Defend_B","Zap+1","Dualcast","Redo","Tempest","Sweeping Beam","Streamline","FTL+1","Creative AI","Glacier+1","White Noise","Defragment","Chill"],"relics":["Cracked Core","NeowsBlessing","Omamori","Bronze Scales","Mercury Hourglass","MealTicket","Odd Mushroom","Black Star","HornCleat","MawBank","Gambling Chip"],"acts_visited":["Exordium","TheCity"],"potions_floor_usage":[16,19,19,20],"damage_taken":[{"damage":0,"enemies":"Jaw Worm","floor":1,"turns":1},{"damage":0,"enemies":"3 Sentries","floor":7,"turns":1},{"damage":0,"enemies":"The Mushroom Lair","floor":10,"turns":1},{"damage":0,"enemies":"2 Louse","floor":12,"turns":1},{"damage":1,"enemies":"Small Slimes","floor":13,"turns":2},{"damage":2,"enemies":"Looter","floor":14,"turns":2},{"damage":11,"enemies":"Slime Boss","floor":16,"turns":6},{"damage":16,"enemies":"Spheric Guardian","floor":18,"turns":4},{"damage":12,"enemies":"Shell Parasite","floor":19,"turns":4},{"damage":17,"enemies":"Centurion and Healer","floor":20,"turns":8},{"damage":11,"enemies":"Snecko","floor":22,"turns":5},{"damage":28,"enemies":"Slavers","floor":23,"turns":5},{"damage":19,"enemies":"Gremlin Leader","floor":28,"turns":3}],"seed_played":"3385855517520993344","potions_obtained":[{"floor":1,"key":"BlessingOfTheForge"},{"floor":16,"key":"Energy Potion"},{"floor":18,"key":"ColorlessPotion"},{"floor":19,"key":"Block Potion"}],"is_trial":false,"path_per_floor":["M","?","?","?","T","R","E","$","T","?","?","M","M","M","R","B",null,"M","M","M","$","M","E","R","?","T","?","E"],"character_chosen":"DEFECT","items_purchased":["Defragment"],"campfire_rested":1,"item_purchase_floors":[21],"current_hp_per_floor":[75,60,60,60,60,60,60,60,60,60,60,60,59,57,57,46,75,59,47,30,45,34,6,28,28,28,14,0,0],"gold":208,"neow_bonus":"THREE_ENEMY_KILL","is_daily":false,"chose_seed":false,"campfire_upgraded":2,"win_rate":0.0,"timestamp":1613451538,"path_taken":["M","?","?","?","?","R","E","$","T","?","?","M","?","M","R","BOSS","M","?","M","$","M","E","R","?","T","?","E"],"items_purchased_type":["Card"],"build_version":"2020-12-22","purchased_purges":2,"victory":false,"max_hp_per_floor":[75,75,75,75,75,75,75,75,75,75,75,75,75,75,75,75,75,75,75,75,75,75,75,75,75,75,80,80,80],"card_choices":[{"not_picked":["Aggregate","Tempest"],"picked":"Redo","floor":1},{"not_picked":["Barrage","Reprogram","Glacier"],"picked":"SKIP","floor":7},{"not_picked":["Blizzard","Steam Power"],"picked":"Tempest","floor":10},{"not_picked":["Self Repair","Beam Cell"],"picked":"Sweeping Beam","floor":12},{"not_picked":["Stack","Gash"],"picked":"Streamline","floor":13},{"not_picked":["Aggregate","Fission"],"picked":"FTL","floor":14},{"not_picked":["Fission","Machine Learning"],"picked":"Creative AI","floor":16},{"not_picked":["Gash","Go for the Eyes+1","Hologram"],"picked":"SKIP","floor":18},{"not_picked":["Rebound","Blizzard"],"picked":"Glacier+1","floor":19},{"not_picked":["Hologram","Biased Cognition"],"picked":"White Noise","floor":20},{"not_picked":["Gash","Streamline","Steam+1"],"picked":"SKIP","floor":22},{"not_picked":["Hello World","Rebound"],"picked":"Chill","floor":23}],"player_experience":77407,"relics_obtained":[{"floor":5,"key":"Bronze Scales"},{"floor":7,"key":"Mercury Hourglass"},{"floor":9,"key":"MealTicket"},{"floor":10,"key":"Odd Mushroom"},{"floor":23,"key":"HornCleat"},{"floor":23,"key":"MawBank"},{"floor":26,"key":"Gambling Chip"}],"event_choices":[{"damage_healed":0,"gold_gain":0,"player_choice":"Entered Light","damage_taken":15,"max_hp_gain":0,"max_hp_loss":0,"event_name":"Shining Light","floor":2,"gold_loss":0,"cards_upgraded":["Defend_B","Strike_B"]},{"cards_removed":["Strike_B"],"damage_healed":0,"gold_gain":0,"player_choice":"Card Removal","damage_taken":0,"max_hp_gain":0,"max_hp_loss":0,"event_name":"The Cleric","floor":3,"gold_loss":50},{"damage_healed":0,"gold_gain":0,"player_choice":"Box","damage_taken":0,"relics_obtained":["Omamori"],"max_hp_gain":0,"max_hp_loss":0,"event_name":"Big Fish","floor":4,"gold_loss":0,"cards_obtained":["Regret"]},{"damage_healed":0,"gold_gain":0,"player_choice":"Fought Mushrooms","damage_taken":0,"max_hp_gain":0,"max_hp_loss":0,"event_name":"Mushrooms","floor":10,"gold_loss":0},{"cards_removed":["Regret"],"damage_healed":0,"gold_gain":0,"player_choice":"Purged","damage_taken":0,"max_hp_gain":0,"max_hp_loss":0,"event_name":"Purifier","floor":11,"gold_loss":0},{"damage_healed":0,"gold_gain":0,"player_choice":"Ignored","damage_taken":0,"max_hp_gain":0,"max_hp_loss":0,"event_name":"Vampires","floor":25,"gold_loss":0},{"damage_healed":0,"gold_gain":0,"player_choice":"Shed Blood","damage_taken":19,"max_hp_gain":5,"max_hp_loss":0,"event_name":"Forgotten Altar","floor":27,"gold_loss":0}],"is_beta":false,"boss_relics":[{"not_picked":["Astrolabe","Tiny House"],"picked":"Black Star"}],"items_purged_floors":[8,21],"is_endless":false,"potions_floor_spawned":[1,16,18,19],"killed_by":"Gremlin Leader","ascension_level":0}}