{"host":"dl7h25vjpuplx29g","time":1613491076,"event":{"mods":["BaseMod","Colored Map","DeckTracker","Minty Spire (QoL Compilation)","StSLib"],"gold_per_floor":[111,111,123,143,156,156,187,34,34,34,61,61,71,99,99,178,178,192,192,142,142,177,177,210,226,226,251,263,289,311,273,285,369,381,410,68,81,31,50,50,50],"floor_reached":40,"language":"JPN","playtime":3651,"items_purged":["Defend_R","Bite","Bash"],"score":929,"play_id":"05258a22-d561-43e8-80a0-0b0fb83615f1","local_time":"20210217005756","is_ascension_mode":true,"campfire_choices":[{"data":"Whirlwind","floor":6.0,"key":"SMITH"},{"data":"True Grit","floor":10.0,"key":"SMITH"},{"floor":12.0,"key":"REST"},{"data":"Barricade","floor":15.0,"key":"SMITH"},{"data":"Immolate","floor":23.0,"key":"SMITH"},{"data":"Entrench","floor":28.0,"key":"SMITH"},{"data":"Flame Barrier","floor":32.0,"key":"SMITH"}],"circlet_count":0,"master_deck":["AscendersBane","Defend_R","Defend_R","Defend_R","Secret Technique","Thunderclap","True Grit+1","Twin Strike","Whirlwind+1","Double Tap","Reaper","Barricade+1","Entrench+1","Disarm","Immolate+1","Uppercut+1","Bite","Bite","Bite","Bite","Flame Barrier+1","Havoc+1","Power Through+1","Headbutt+1","Ghostly Armor","Exhume","Seeing Red","Battle Trance","PanicButton","Shrug It Off"],"relics":["Burning Blood","Smiling Mask","Letter Opener","Self Forming Clay","Bird Faced Urn","SlaversCollar","Enchiridion","Red Mask","Sundial","MawBank","Lantern"],"acts_visited":["Exordium","TheCity","TheBeyond"],"potions_floor_usage":[39,40],"damage_taken":[{"damage":1.0,"enemies":"2 Louse","floor":1.0,"turns":3.0},{"damage":1.0,"enemies":"Cultist","floor":3.0,"turns":3.0},{"damage":4.0,"enemies":"Small Slimes","floor":4.0,"turns":4.0},{"damage":12.0,"enemies":"Blue Slaver","floor":5.0,"turns":4.0},{"damage":25.0,"enemies":"3 Sentries","floor":7.0,"turns":5.0},{"damage":33.0,"enemies":"Lagavulin","floor":11.0,"turns":7.0},{"damage":6.0,"enemies":"Looter","floor":13.0,"turns":3.0},{"damage":26.0,"enemies":"3 Sentries","floor":14.0,"turns":4.0},{"damage":0.0,"enemies":"Slime Boss","floor":16.0,"turns":29.0},{"damage":7.0,"enemies":"3 Byrds","floor":18.0,"turns":3.0},{"damage":31.0,"enemies":"Masked Bandits","floor":22.0,"turns":4.0},{"damage":19.0,"enemies":"Book of Stabbing","floor":24.0,"turns":5.0},{"damage":19.0,"enemies":"Spheric Guardian","floor":25.0,"turns":4.0},{"damage":22.0,"enemies":"Cultist and Chosen","floor":27.0,"turns":7.0},{"damage":0.0,"enemies":"Snake Plant","floor":29.0,"turns":4.0},{"damage":0.0,"enemies":"3 Cultists","floor":30.0,"turns":2.0},{"damage":29.0,"enemies":"Automaton","floor":33.0,"turns":16.0},{"damage":20.0,"enemies":"3 Shapes","floor":35.0,"turns":6.0},{"damage":0.0,"enemies":"Orb Walker","floor":37.0,"turns":4.0},{"damage":7,"enemies":"Writhing Mass","floor":39,"turns":15},{"damage":63,"enemies":"Giant Head","floor":40,"turns":9}],"seed_played":"-7097815024372007748","potions_obtained":[{"floor":4.0,"key":"SpeedPotion"},{"floor":5.0,"key":"GamblersBrew"},{"floor":11.0,"key":"GamblersBrew"},{"floor":14.0,"key":"DistilledChaos"},{"floor":16.0,"key":"SteroidPotion"},{"floor":22.0,"key":"Weak Potion"},{"floor":27.0,"key":"Fire Potion"},{"floor":29.0,"key":"Swift Potion"},{"floor":39,"key":"GamblersBrew"}],"is_trial":false,"path_per_floor":["M","?","M","M","M","R","E","$","T","R","E","R","M","E","R","B",null,"M","?","$","?","?","R","E","M","T","M","R","M","M","?","R","B",null,"M","$","M","$","M","E"],"character_chosen":"IRONCLAD","items_purchased":["Reaper","Battle Trance","PanicButton","Lantern"],"campfire_rested":1,"item_purchase_floors":[8,36,36,36],"current_hp_per_floor":[55,55,60,62,56,56,37,37,37,37,10,32,32,36,36,44,67,66,52,52,31,29,29,26,21,21,37,37,51,52,52,52,49,51,42,42,52,52,52,0,0],"gold":50,"neow_bonus":"RANDOM_COLORLESS_2","is_daily":false,"chose_seed":false,"campfire_upgraded":6,"win_rate":0.0,"timestamp":1613491076,"path_taken":["M","?","?","M","M","R","E","$","T","R","E","R","M","E","R","BOSS","M","?","$","?","?","R","E","M","T","M","R","?","M","?","R","BOSS","M","$","?","$","M","E"],"items_purchased_type":["Card","Card","Card","Relic"],"build_version":"2020-12-22","purchased_purges":3,"victory":false,"max_hp_per_floor":[75,75,75,75,75,75,75,75,75,75,75,75,75,75,75,75,75,75,52,52,52,52,52,52,52,52,52,52,52,52,52,52,52,52,52,52,52,52,52,52,52],"card_choices":[{"not_picked":["Master of Strategy","Transmutation"],"picked":"Secret Technique","floor":0.0},{"not_picked":["Burning Pact","Spot Weakness"],"picked":"Thunderclap","floor":1.0},{"not_picked":["Perfected Strike","Seeing Red"],"picked":"True Grit","floor":3.0},{"not_picked":["Clash","Warcry"],"picked":"Twin Strike","floor":4.0},{"not_picked":["Sword Boomerang","Warcry"],"picked":"Whirlwind","floor":5.0},{"not_picked":["Rupture","Clash"],"picked":"Double Tap","floor":7.0},{"not_picked":["Clash","Warcry"],"picked":"Barricade","floor":11.0},{"not_picked":["Feel No Pain","Clothesline"],"picked":"Entrench","floor":13.0},{"not_picked":["Hemokinesis","Clash"],"picked":"Disarm","floor":14.0},{"not_picked":["Brutality","Double Tap"],"picked":"Immolate","floor":16.0},{"not_picked":["Inflame","Clash"],"picked":"Uppercut+1","floor":18.0},{"not_picked":["Clothesline","Infernal Blade+1"],"picked":"Flame Barrier","floor":22.0},{"not_picked":["Armaments","Inflame"],"picked":"Havoc+1","floor":24.0},{"not_picked":["Headbutt","Wild Strike"],"picked":"Power Through+1","floor":25.0},{"not_picked":["Thunderclap+1","Sever Soul"],"picked":"Headbutt+1","floor":27.0},{"not_picked":["Heavy Blade","Perfected Strike"],"picked":"Ghostly Armor","floor":29.0},{"not_picked":["Clothesline+1","Dropkick","Twin Strike"],"picked":"SKIP","floor":30.0},{"not_picked":["Demon Form","Barricade"],"picked":"Exhume","floor":33.0},{"not_picked":["Heavy Blade+1","Dual Wield"],"picked":"Seeing Red","floor":35.0},{"not_picked":["Heavy Blade","Iron Wave","Carnage+1"],"picked":"SKIP","floor":37.0},{"not_picked":["Headbutt","Heavy Blade"],"picked":"Shrug It Off","floor":39}],"player_experience":1675074,"relics_obtained":[{"floor":7.0,"key":"Smiling Mask"},{"floor":9.0,"key":"Letter Opener"},{"floor":11.0,"key":"Self Forming Clay"},{"floor":14.0,"key":"Bird Faced Urn"},{"floor":21.0,"key":"Enchiridion"},{"floor":22.0,"key":"Red Mask"},{"floor":24.0,"key":"Sundial"},{"floor":26.0,"key":"MawBank"}],"event_choices":[{"cards_removed":["Strike_R"],"damage_healed":0.0,"max_hp_gain":0.0,"max_hp_loss":0.0,"gold_gain":0.0,"event_name":"Bonfire Elementals","player_choice":"Offered Basic","floor":2.0,"gold_loss":0.0,"damage_taken":0.0},{"damage_healed":0.0,"max_hp_gain":0.0,"max_hp_loss":23.0,"gold_gain":0.0,"event_name":"Vampires","player_choice":"Became a vampire","floor":19.0,"gold_loss":0.0,"damage_taken":0.0,"cards_obtained":["Bite","Bite","Bite","Bite","Bite"]},{"damage_healed":0.0,"max_hp_gain":0.0,"max_hp_loss":0.0,"gold_gain":0.0,"event_name":"Cursed Tome","player_choice":"Obtained Book","floor":21.0,"gold_loss":0.0,"damage_taken":21.0},{"damage_healed":0.0,"max_hp_gain":0.0,"max_hp_loss":0.0,"gold_gain":0.0,"event_name":"Masked Bandits","player_choice":"Fought Bandits","floor":22.0,"gold_loss":0.0,"damage_taken":0.0},{"damage_healed":0.0,"max_hp_gain":0.0,"max_hp_loss":0.0,"gold_gain":0.0,"event_name":"The Joust","player_choice":"Bet on Murderer","floor":31.0,"gold_loss":50.0,"damage_taken":0.0}],"is_beta":false,"boss_relics":[{"not_picked":["Sozu","Runic Pyramid"],"picked":"SlaversCollar"},{"not_picked":["Velvet Choker","Fusion Hammer","Runic Dome"]}],"items_purged_floors":[20,36,38],"is_endless":false,"potions_floor_spawned":[4,5,11,14,16,18,22,27,29,30,39],"killed_by":"Giant Head","ascension_level":18}}