{"host":"qhn6g0owdgjb77rz","time":1613482606,"event":{"mods":["BaseMod","BetterRewards","Colored Map","Downfall","Minty Spire (QoL Compilation)","Relic Sorter","Reliquary","Spire Arcade","StSLib"],"gold_per_floor":[99,99,399,399,399,433,514,414,414,514,664,693,593,609,629,728,728,728,748,761,777,777,777,802,812,812,812,828,828,828,156,171,271,271,271,287,300,350,360,360,360,260,275,304,404,432,707,736,747,747,747,773,186,186,186,186],"floor_reached":57,"language":"ENG","playtime":3208,"items_purged":["bronze:Strike"],"score":1620,"play_id":"51df89bf-6af6-4d1f-abab-2f2f4b5d722a","local_time":"20210216223646","is_ascension_mode":true,"campfire_choices":[{"floor":1.0,"key":"RECALL"},{"floor":8.0,"key":"DIG"},{"floor":13.0,"key":"DIG"},{"floor":18.0,"key":"DIG"},{"floor":23.0,"key":"DIG"},{"floor":27.0,"key":"DIG"},{"floor":30.0,"key":"DIG"},{"floor":35.0,"key":"DIG"},{"floor":40.0,"key":"DIG"},{"floor":42.0,"key":"DIG"},{"floor":54,"key":"DIG"}],"circlet_count":0,"master_deck":["bronze:Defend","bronze:Defend","bronze:Defend","bronze:Replicate","bronze:Goto","bronze:Separator","bronze:ItsAFeature+1","bronze:BurnOut+1","bronze:BronzeArmor","bronze:DelayedGuard","bronze:Repair","bronze:Shield","bronze:BugBarrage+1","bronze:Break","bronze:Fortify+1","bronze:Iterate","bronze:Deprecate+1","Necronomicurse","downfall:Icky","bronze:Flail+1","bronze:ItsAFeature+1","bronze:InfiniteLoop","CurseOfTheBell","bronze:Boost+1","bronze:BuggyMess","bronze:BuggyMess+1","bronze:BugBarrage+1","bronze:Return+1","Doubt","bronze:Optimize+1","Regret","bronze:Boost+1","bronze:ItsAFeature+1"],"relics":["bronze:BronzeCore","downfall:HeartsMalice","Old Coin","Shovel","Matryoshka","downfall:HeartBlessingRed","Blood Vial","downfall:ShatteredFragment","reliquary:QuartzCube","downfall:HeartBlessingGreen","Du-Vu Doll","expansioncontent:StudyCardRelic","Boot","Necronomicon","Toy Ornithopter","Bag of Preparation","Guardian:PocketSentry","Ancient Tea Set","hexamod:BolsterEngine","HornCleat","Juzu Bracelet","DollysMirror","Calling Bell","Smiling Mask","Letter Opener","Mango","reliquary:TuningFork","Unceasing Top","reliquary:RoseTintedGlasses","Frozen Egg 2","downfall:HeartBlessingBlue","reliquary:SharkskinSheath","Whetstone","downfall:ExtraCursedKey","Thread and Needle","reliquary:BoilingFlask","Anchor","OrangePellets","FossilizedHelix","White Beast Statue"],"acts_visited":["Exordium","TheCity","TheBeyond","TheEnding"],"potions_floor_usage":[55,56],"damage_taken":[{"damage":0.0,"enemies":"Cultist","floor":2.0,"turns":1.0},{"damage":0.0,"enemies":"Small Slimes","floor":5.0,"turns":1.0},{"damage":0.0,"enemies":"Gremlin Nob","floor":6.0,"turns":1.0},{"damage":20.0,"enemies":"downfall:Heads","floor":10.0,"turns":4.0},{"damage":19.0,"enemies":"3 Sentries","floor":12.0,"turns":6.0},{"damage":0.0,"enemies":"2 Louse","floor":14.0,"turns":2.0},{"damage":2.0,"enemies":"Blue Slaver","floor":15.0,"turns":3.0},{"damage":1.0,"enemies":"SI_SHIV_ARCHETYPE","floor":16.0,"turns":7.0},{"damage":0.0,"enemies":"3 Byrds","floor":19.0,"turns":5.0},{"damage":5.0,"enemies":"Spheric Guardian","floor":20.0,"turns":3.0},{"damage":18.0,"enemies":"Snecko","floor":21.0,"turns":4.0},{"damage":0.0,"enemies":"Centurion and Healer","floor":25.0,"turns":2.0},{"damage":8.0,"enemies":"Snake Plant","floor":28.0,"turns":3.0},{"damage":6.0,"enemies":"downfall:FleeingMerchant","floor":31.0,"turns":4.0},{"damage":0.0,"enemies":"Snecko","floor":32.0,"turns":2.0},{"damage":9.0,"enemies":"WA_ARCHETYPE_CALM","floor":33.0,"turns":5.0},{"damage":10.0,"enemies":"3 Shapes","floor":36.0,"turns":3.0},{"damage":0.0,"enemies":"3 Darklings","floor":37.0,"turns":4.0},{"damage":0.0,"enemies":"3 Darklings","floor":38.0,"turns":3.0},{"damage":10.0,"enemies":"Writhing Mass","floor":39.0,"turns":4.0},{"damage":14.0,"enemies":"Transient","floor":43.0,"turns":5.0},{"damage":1.0,"enemies":"Nemesis","floor":44.0,"turns":3.0},{"damage":3.0,"enemies":"Giant Head","floor":46.0,"turns":4.0},{"damage":0.0,"enemies":"Reptomancer","floor":48.0,"turns":3.0},{"damage":0.0,"enemies":"Jaw Worm Horde","floor":49.0,"turns":3.0},{"damage":4,"enemies":"IC_BLOCK_ARCHETYPE","floor":50,"turns":4},{"damage":0,"enemies":"downfall:CharBossMerchant","floor":52,"turns":3},{"damage":0,"enemies":"downfall:NeowBoss","floor":55,"turns":9},{"damage":16,"enemies":"downfall:NeowBossFinal","floor":56,"turns":7}],"seed_played":"484355412954094207","potions_obtained":[{"floor":4.0,"key":"SneckoOil"},{"floor":4.0,"key":"SpeedPotion"},{"floor":4.0,"key":"SkillPotion"},{"floor":16.0,"key":"bronze:BuildAFunctionPotion"},{"floor":19.0,"key":"FairyPotion"},{"floor":25.0,"key":"Regen Potion"},{"floor":33.0,"key":"Explosive Potion"},{"floor":44.0,"key":"ColorlessPotion"}],"is_trial":false,"path_per_floor":["R","M","?","?","M","E","T","R","?","?","?","E","R","M","M","B",null,"R","M","M","M","?","R","T","M","?","R","M","?","R","$","M","B",null,"R","M","M","?","M","R","T","R","M","E","?","E","?","E","M","B",null,"E","$","R","B","B",null],"character_chosen":"THE_AUTOMATON","items_purchased":["HornCleat","Juzu Bracelet","DollysMirror","Fruit Juice","OrangePellets","FossilizedHelix","bronze:ItsAFeature+1"],"campfire_rested":0,"item_purchase_floors":[31,31,31,31,53,53,53],"current_hp_per_floor":[70,70,70,70,70,70,70,70,49,31,31,14,14,16,23,31,70,70,70,65,49,33,33,33,35,35,35,50,50,50,63,65,58,89,89,86,88,89,79,79,79,89,85,86,86,85,85,87,96,95,99,99,99,99,99,90],"gold":186,"neow_bonus":"THREE_ENEMY_KILL","is_daily":false,"chose_seed":false,"campfire_upgraded":0,"win_rate":0.0,"timestamp":1613482606,"path_taken":["R","M","?","?","?","E","T","R","?","?","?","E","R","M","M","BOSS","R","M","M","M","?","R","T","M","?","R","?","?","R","$","M","BOSS","R","M","M","?","M","R","T","R","M","E","?","E","?","E","M","BOSS","E","$","R","BOSS","BOSS"],"items_purchased_type":["Relic","Relic","Relic","Potion","Relic","Relic","Card"],"build_version":"2020-12-22","purchased_purges":1,"victory":true,"max_hp_per_floor":[70,70,70,70,70,70,70,70,70,70,70,70,70,70,70,70,70,70,70,70,70,70,70,70,70,70,70,70,70,70,75,75,75,89,89,89,89,89,89,89,89,99,99,99,99,99,99,99,99,99,99,99,99,99,99,99],"card_choices":[{"not_picked":["bronze:Shield","bronze:Invalidate"],"picked":"bronze:Separator","floor":2.0},{"not_picked":["bronze:FollowUp","bronze:Constructor"],"picked":"bronze:ItsAFeature","floor":5.0},{"not_picked":["bronze:InfiniteBeams","bronze:Invalidate"],"picked":"bronze:BurnOut","floor":6.0},{"not_picked":["bronze:Frontload","bronze:Virus"],"picked":"bronze:DelayedGuard","floor":10.0},{"not_picked":["bronze:BitShift","bronze:Separator"],"picked":"bronze:Repair","floor":12.0},{"not_picked":["bronze:Iterate","bronze:Overload"],"picked":"bronze:Shield","floor":14.0},{"not_picked":["bronze:DelayedSlice","bronze:Constructor"],"picked":"bronze:BugBarrage","floor":15.0},{"not_picked":["bronze:Hardcode","bronze:FindAndReplace"],"picked":"bronze:Break","floor":16.0},{"not_picked":["bronze:Overload","bronze:Frontload+1"],"picked":"bronze:Fortify+1","floor":19.0},{"not_picked":["bronze:DelayedSlice","bronze:FineTuning"],"picked":"bronze:Iterate","floor":20.0},{"not_picked":["bronze:CutThrough","bronze:Constructor"],"picked":"bronze:Deprecate+1","floor":21.0},{"not_picked":["bronze:Separator","bronze:BitShift+1","bronze:Branch"],"picked":"SKIP","floor":25.0},{"not_picked":["bronze:OilSpill","bronze:Frontload+1","bronze:BitShift"],"picked":"SKIP","floor":28.0},{"not_picked":["bronze:Repulsor+1","bronze:DelayedGuard"],"picked":"bronze:Flail+1","floor":31.0},{"not_picked":["bronze:Fortify","bronze:Branch"],"picked":"bronze:InfiniteLoop","floor":32.0},{"not_picked":["bronze:Overheat+1","bronze:CutThrough","bronze:Repair+1"],"picked":"SKIP","floor":36.0},{"not_picked":["bronze:Overload+1","bronze:Overheat+1"],"picked":"bronze:Boost+1","floor":37.0},{"not_picked":["bronze:BronzeArmor","bronze:Frontload"],"picked":"bronze:BuggyMess","floor":38.0},{"not_picked":["bronze:BitShift+1","bronze:Refactor"],"picked":"bronze:BuggyMess+1","floor":39.0},{"not_picked":["bronze:BuggyMess","bronze:Invalidate"],"picked":"bronze:BugBarrage+1","floor":43.0},{"not_picked":["bronze:DelayedGuard","bronze:OilSpill+1"],"picked":"bronze:Return+1","floor":44.0},{"not_picked":["bronze:Shield","bronze:ShipIt"],"picked":"bronze:Optimize+1","floor":46.0},{"not_picked":["bronze:FineTuning","bronze:Overload+1","bronze:WildBeam"],"picked":"SKIP","floor":48.0},{"not_picked":["bronze:ChosenStrike","bronze:OilSpill"],"picked":"bronze:Boost+1","floor":49.0},{"not_picked":["bronze:DarkDash","bronze:Assembly","bronze:OilSpill"],"picked":"SKIP","floor":52}],"player_experience":693402,"relics_obtained":[{"floor":6.0,"key":"Shovel"},{"floor":7.0,"key":"Matryoshka"},{"floor":8.0,"key":"Blood Vial"},{"floor":12.0,"key":"reliquary:QuartzCube"},{"floor":13.0,"key":"Du-Vu Doll"},{"floor":18.0,"key":"Boot"},{"floor":22.0,"key":"Necronomicon"},{"floor":23.0,"key":"Toy Ornithopter"},{"floor":24.0,"key":"Bag of Preparation"},{"floor":24.0,"key":"Guardian:PocketSentry"},{"floor":27.0,"key":"Ancient Tea Set"},{"floor":30.0,"key":"hexamod:BolsterEngine"},{"floor":34.0,"key":"Smiling Mask"},{"floor":34.0,"key":"Letter Opener"},{"floor":34.0,"key":"Mango"},{"floor":35.0,"key":"reliquary:TuningFork"},{"floor":38.0,"key":"Unceasing Top"},{"floor":40.0,"key":"reliquary:RoseTintedGlasses"},{"floor":41.0,"key":"Frozen Egg 2"},{"floor":42.0,"key":"reliquary:SharkskinSheath"},{"floor":44.0,"key":"Whetstone"},{"floor":46.0,"key":"Thread and Needle"},{"floor":48.0,"key":"reliquary:BoilingFlask"},{"floor":52,"key":"Anchor"},{"floor":54,"key":"White Beast Statue"}],"event_choices":[{"damage_healed":0.0,"max_hp_gain":0.0,"max_hp_loss":0.0,"gold_gain":0.0,"event_name":"Lab","player_choice":"Got Potions","floor":4.0,"gold_loss":0.0,"damage_taken":0.0}],"is_beta":false,"boss_relics":[{"not_picked":["reliquary:WritOfMandamus","SlaversCollar"],"picked":"expansioncontent:StudyCardRelic"},{"not_picked":["Tiny House","Runic Dome"],"picked":"Calling Bell"}],"items_purged_floors":[53],"is_endless":false,"potions_floor_spawned":[12,16,19,20,25,33,44,46,49,52],"ascension_level":3}}