{"host":"a5lz0e76zb3fcwkm","time":1613490867,"event":{"mods":["AchievementEnabler","BaseMod","Colored Map","Colored Powertips","Minty Spire (QoL Compilation)","StSLib","SuperFastMode"],"gold_per_floor":[112,112,25,39,39,68,68,96,144,144,160,160,185,185,185,262,262,281,181,181,181],"floor_reached":20,"language":"KOR","playtime":464,"items_purged":[],"score":426,"play_id":"d9dc427d-a674-4343-8823-25dabad13ce9","local_time":"20210217005427","is_ascension_mode":true,"campfire_choices":[{"data":"Defragment","floor":7,"key":"SMITH"},{"data":"Capacitor","floor":10,"key":"SMITH"},{"data":"Turbo","floor":12,"key":"SMITH"},{"data":"Coolheaded","floor":15,"key":"SMITH"}],"circlet_count":0,"master_deck":["AscendersBane","Defend_B","Defend_B","Defend_B","Zap","Dualcast","Ball Lightning","Meteor Strike","Defragment+1","Coolheaded+1","Capacitor+1","Turbo+1","Compile Driver","Seek","Scrape+1","Core Surge+1","Loop+1","Glacier","Fusion"],"relics":["Cracked Core","NeowsBlessing","Blood Vial","Question Card","PreservedInsect","Orichalcum","Mango","Astrolabe"],"acts_visited":["Exordium","TheCity"],"potions_floor_usage":[18],"damage_taken":[{"damage":0,"enemies":"Small Slimes","floor":1,"turns":1},{"damage":0,"enemies":"2 Louse","floor":4,"turns":1},{"damage":0,"enemies":"Lagavulin","floor":6,"turns":1},{"damage":34,"enemies":"3 Sentries","floor":8,"turns":9},{"damage":2,"enemies":"Cultist","floor":11,"turns":3},{"damage":4,"enemies":"Lagavulin","floor":13,"turns":6},{"damage":32,"enemies":"Hexaghost","floor":16,"turns":8},{"damage":36,"enemies":"3 Byrds","floor":18,"turns":5},{"damage":16,"enemies":"2 Thieves","floor":19,"turns":5},{"damage":23,"enemies":"Cultist and Chosen","floor":20,"turns":3}],"seed_played":"-399751148336683746","potions_obtained":[{"floor":8,"key":"Fruit Juice"},{"floor":11,"key":"Strength Potion"},{"floor":16,"key":"Fire Potion"}],"is_trial":false,"path_per_floor":["M","?","$","M","?","E","R","E","T","R","M","R","E","?","R","B",null,"M","M","M"],"character_chosen":"DEFECT","items_purchased":["Defragment"],"campfire_rested":0,"item_purchase_floors":[3],"current_hp_per_floor":[64,64,64,64,57,57,57,25,25,25,25,25,23,37,37,7,66,32,18,0,0],"gold":181,"neow_bonus":"THREE_ENEMY_KILL","is_daily":false,"chose_seed":false,"campfire_upgraded":4,"win_rate":0.0,"timestamp":1613490867,"path_taken":["M","?","$","M","?","E","R","E","T","R","M","R","E","?","R","BOSS","M","M","?"],"items_purchased_type":["Card"],"build_version":"2020-12-22","purchased_purges":0,"victory":false,"max_hp_per_floor":[71,71,71,71,71,71,71,71,71,71,71,71,71,85,85,85,85,85,85,85,85],"card_choices":[{"not_picked":["Hologram","Streamline"],"picked":"Ball Lightning","floor":1},{"not_picked":["Heatsinks","Hologram"],"picked":"Coolheaded","floor":4},{"not_picked":["Blizzard","Aggregate"],"picked":"Capacitor","floor":6},{"not_picked":["Redo","Lockon"],"picked":"Turbo","floor":8},{"not_picked":["Leap","Double Energy","Hologram"],"picked":"Compile Driver","floor":11},{"not_picked":["Heatsinks","Beam Cell","Stack","Conserve Battery"],"picked":"SKIP","floor":13},{"not_picked":["Multi-Cast","All For One","Hyperbeam"],"picked":"Seek","floor":16},{"not_picked":["Coolheaded","Reprogram","Doom and Gloom"],"picked":"Glacier","floor":18},{"not_picked":["Conserve Battery","Rebound","Reprogram"],"picked":"Fusion","floor":19}],"player_experience":1903410,"relics_obtained":[{"floor":6,"key":"Blood Vial"},{"floor":8,"key":"Question Card"},{"floor":9,"key":"PreservedInsect"},{"floor":13,"key":"Orichalcum"}],"event_choices":[{"damage_healed":0,"gold_gain":0,"cards_transformed":["Strike_B"],"player_choice":"Change","damage_taken":0,"max_hp_gain":0,"max_hp_loss":0,"event_name":"Living Wall","floor":2,"gold_loss":0,"cards_obtained":["Meteor Strike"]},{"cards_removed":["Defend_B"],"damage_healed":0,"gold_gain":0,"player_choice":"Card Removal","damage_taken":7,"max_hp_gain":0,"max_hp_loss":0,"event_name":"Golden Wing","floor":5,"gold_loss":0},{"damage_healed":0,"gold_gain":0,"player_choice":"Gave Potion","damage_taken":0,"relics_obtained":["Mango"],"max_hp_gain":0,"max_hp_loss":0,"event_name":"WeMeetAgain","floor":14,"gold_loss":0}],"is_beta":false,"boss_relics":[{"not_picked":["Velvet Choker","Tiny House"],"picked":"Astrolabe"}],"items_purged_floors":[],"is_endless":false,"potions_floor_spawned":[8,11,16],"killed_by":"Cultist and Chosen","ascension_level":20}}