{"host":"43wsnxh97mgjl5zw","time":1613478237,"event":{"mods":["Aspiration","BaseMod","Colored Map","Colored Powertips","Conspire","Downfall","Halation","Hubris","Minty Spire (QoL Compilation)","Quick Restart","Rare Cards Sparkle","Relic Sorter","Replay The Spire","StSLib"],"gold_per_floor":[119,136,155,30,94,129,129,155,223,241,26,26,53,53,53,53,53],"floor_reached":16,"language":"ENG","playtime":1296,"items_purged":["Strike_R"],"score":216,"play_id":"676902c7-0bd6-49e8-a553-4fa8cce2b35c","local_time":"20210216142357","is_ascension_mode":true,"campfire_choices":[{"data":"Armaments","floor":7.0,"key":"SMITH"},{"data":"ReplayTheSpireMod:Limb From Limb","floor":12.0,"key":"SMITH"},{"floor":15.0,"key":"REST"}],"circlet_count":0,"master_deck":["AscendersBane","Strike_R","Strike_R","Strike_R","Strike_R","Defend_R","Defend_R","Defend_R","Defend_R","Bash","Iron Wave","Spot Weakness","Armaments+1","Iron Wave","ReplayTheSpireMod:Limb From Limb+1","Clothesline"],"relics":["Burning Blood","NeowsBlessing","ReplayTheSpireMod:Lightbulb","TungstenRod","Letter Opener","Chemical X","aspiration:DSix","FaceOfCleric"],"acts_visited":["Exordium"],"potions_floor_usage":[16],"damage_taken":[{"damage":0.0,"enemies":"Cultist","floor":1.0,"turns":1.0},{"damage":0.0,"enemies":"Small Slimes","floor":2.0,"turns":1.0},{"damage":0.0,"enemies":"Jaw Worm","floor":3.0,"turns":1.0},{"damage":28.0,"enemies":"Lagavulin","floor":6.0,"turns":6.0},{"damage":16.0,"enemies":"Replay:BlueRogue","floor":8.0,"turns":6.0},{"damage":0.0,"enemies":"2 Fungi Beasts","floor":10.0,"turns":4.0},{"damage":36.0,"enemies":"conspire:MimicChest","floor":13.0,"turns":10.0},{"damage":41,"enemies":"Fading Forest","floor":16,"turns":8}],"seed_played":"7084180418464969533","potions_obtained":[{"floor":5.0,"key":"Reflective Coating"},{"floor":5.0,"key":"Milkshake"},{"floor":5.0,"key":"ColorlessPotion"},{"floor":6.0,"key":"Weak Potion"},{"floor":13.0,"key":"Guardian:BlockOnCardUsePotion"}],"is_trial":false,"path_per_floor":["M","M","M","$","?","E","R","E","T","M","$","R","?","?","R","B"],"character_chosen":"IRONCLAD","items_purchased":["Iron Wave","Chemical X","BloodPotion"],"campfire_rested":1,"item_purchase_floors":[4,11,11],"current_hp_per_floor":[74,75,75,75,51,29,29,19,19,25,25,25,10,10,32,0,0],"gold":53,"neow_bonus":"THREE_ENEMY_KILL","is_daily":false,"chose_seed":false,"campfire_upgraded":2,"win_rate":0.0,"timestamp":1613478237,"path_taken":["M","?","?","$","?","E","R","E","T","M","$","R","?","?","R","BOSS"],"items_purchased_type":["Card","Relic","Potion"],"build_version":"2020-12-22","purchased_purges":1,"victory":false,"max_hp_per_floor":[75,75,75,75,75,75,75,75,75,75,75,75,75,75,75,75,75],"card_choices":[{"not_picked":["Wild Strike","Replay:Undeath\u0027s Touch"],"picked":"Iron Wave","floor":1.0},{"not_picked":["Dual Wield","hubris:ReadiedAction"],"picked":"Spot Weakness","floor":2.0},{"not_picked":["Anger","Replay:Undeath\u0027s Touch"],"picked":"Armaments","floor":3.0},{"not_picked":["Warcry","Carnage"],"picked":"ReplayTheSpireMod:Limb From Limb","floor":5.0},{"not_picked":["ReplayTheSpireMod:Muscle Training","Massacre","Rage"],"picked":"SKIP","floor":6.0},{"not_picked":["Demonic Infusion","Defy Death"],"picked":"Clothesline","floor":8.0},{"not_picked":["Anger","Intimidate","Second Wind"],"picked":"SKIP","floor":10.0}],"player_experience":1251422,"relics_obtained":[{"floor":6.0,"key":"ReplayTheSpireMod:Lightbulb"},{"floor":8.0,"key":"TungstenRod"},{"floor":9.0,"key":"Letter Opener"},{"floor":13.0,"key":"aspiration:DSix"}],"event_choices":[{"damage_healed":0.0,"max_hp_gain":0.0,"max_hp_loss":0.0,"gold_gain":0.0,"event_name":"FaceTrader","player_choice":"Trade","floor":14.0,"gold_loss":0.0,"damage_taken":0.0,"relics_obtained":["FaceOfCleric"]}],"is_beta":false,"boss_relics":[],"items_purged_floors":[4],"is_endless":false,"potions_floor_spawned":[6,13],"killed_by":"Fading Forest","ascension_level":20}}