{"host":"7zq0fgva91iwgkd5","time":1613496418,"event":{"mods":["AchievementEnabler","BaseMod","Bestiary","Colored Map","Curses Come First","DeckTracker","Minty Spire (QoL Compilation)","Rare Cards Sparkle","StSLib","Unceasing Turn Reminder"],"gold_per_floor":[119,44,44,59,59,59,89,103,103,120,133,133,161,172,172,249,249,264,264,264,264],"floor_reached":20,"language":"ENG","playtime":509,"items_purged":[],"score":366,"play_id":"0a682196-66bc-469b-a0c0-27fd27adfc4d","local_time":"20210216182658","is_ascension_mode":true,"campfire_choices":[{"data":"Iron Wave","floor":6,"key":"SMITH"},{"floor":12,"key":"REST"},{"floor":15,"key":"REST"}],"circlet_count":0,"master_deck":["AscendersBane","Strike_R","Strike_R","Strike_R","Defend_R","Defend_R","Defend_R","Defend_R","Bash+1","Flex","Iron Wave+1","Double Tap","Anger","Pommel Strike","Havoc","Metallicize+1","Disarm","Exhume","Inflame+1"],"relics":["Burning Blood","NeowsBlessing","Dead Branch","Ginger","Frozen Egg 2","Mark of Pain"],"acts_visited":["Exordium","TheCity"],"potions_floor_usage":[13,13],"damage_taken":[{"damage":0,"enemies":"2 Louse","floor":1,"turns":1},{"damage":0,"enemies":"Cultist","floor":4,"turns":2},{"damage":0,"enemies":"Lagavulin","floor":7,"turns":2},{"damage":15,"enemies":"Small Slimes","floor":8,"turns":3},{"damage":4,"enemies":"Blue Slaver","floor":10,"turns":3},{"damage":25,"enemies":"Exordium Wildlife","floor":11,"turns":3},{"damage":24,"enemies":"3 Sentries","floor":13,"turns":6},{"damage":11,"enemies":"Exordium Thugs","floor":14,"turns":3},{"damage":31,"enemies":"The Guardian","floor":16,"turns":10},{"damage":32,"enemies":"2 Thieves","floor":18,"turns":4}],"seed_played":"2988615733098627859","potions_obtained":[{"floor":4,"key":"ColorlessPotion"},{"floor":11,"key":"AttackPotion"},{"floor":16,"key":"Ancient Potion"}],"is_trial":false,"path_per_floor":["M","?","?","M","?","R","E","M","T","M","M","R","E","M","R","B",null,"M","?","?"],"character_chosen":"IRONCLAD","items_purchased":[],"campfire_rested":2,"item_purchase_floors":[],"current_hp_per_floor":[74,74,74,75,75,75,75,66,66,68,49,71,53,48,70,45,68,42,21,0,0],"gold":264,"neow_bonus":"THREE_ENEMY_KILL","is_daily":false,"chose_seed":false,"campfire_upgraded":1,"win_rate":0.0,"timestamp":1613496418,"path_taken":["M","?","?","?","?","R","E","M","T","?","M","R","E","M","R","BOSS","M","?","?"],"items_purchased_type":[],"build_version":"2020-12-22","purchased_purges":0,"victory":false,"max_hp_per_floor":[75,75,75,75,75,75,75,75,75,75,75,75,75,75,75,75,75,75,80,80,80],"card_choices":[{"not_picked":["Clash","Sentinel"],"picked":"Flex","floor":1},{"not_picked":["Rupture","Havoc"],"picked":"Iron Wave","floor":4},{"not_picked":["Burning Pact","Shockwave"],"picked":"Double Tap","floor":7},{"not_picked":["Whirlwind","Clothesline"],"picked":"Anger","floor":8},{"not_picked":["Anger","Warcry"],"picked":"Pommel Strike","floor":10},{"not_picked":["Reckless Charge","Sever Soul"],"picked":"Havoc","floor":11},{"not_picked":["Clash","Armaments"],"picked":"Metallicize+1","floor":13},{"not_picked":["Blood for Blood","Body Slam"],"picked":"Disarm","floor":14},{"not_picked":["Corruption+1","Limit Break"],"picked":"Exhume","floor":16},{"not_picked":["Feel No Pain+1","Headbutt"],"picked":"Inflame+1","floor":18}],"player_experience":166488,"relics_obtained":[{"floor":7,"key":"Dead Branch"},{"floor":9,"key":"Ginger"},{"floor":13,"key":"Frozen Egg 2"}],"event_choices":[{"cards_removed":["Strike_R"],"damage_healed":0,"gold_gain":0,"player_choice":"Card Removal","damage_taken":0,"max_hp_gain":0,"max_hp_loss":0,"event_name":"The Cleric","floor":2,"gold_loss":75},{"damage_healed":0,"gold_gain":0,"player_choice":"Upgraded","damage_taken":0,"max_hp_gain":0,"max_hp_loss":0,"event_name":"Upgrade Shrine","floor":3,"gold_loss":0,"cards_upgraded":["Bash"]},{"cards_removed":["Strike_R"],"damage_healed":0,"gold_gain":0,"player_choice":"Purged","damage_taken":0,"max_hp_gain":0,"max_hp_loss":0,"event_name":"Purifier","floor":5,"gold_loss":0},{"damage_healed":0,"gold_gain":0,"player_choice":"Shed Blood","damage_taken":26,"max_hp_gain":5,"max_hp_loss":0,"event_name":"Forgotten Altar","floor":19,"gold_loss":0}],"is_beta":false,"boss_relics":[{"not_picked":["Black Blood","Calling Bell"],"picked":"Mark of Pain"}],"items_purged_floors":[],"is_endless":false,"potions_floor_spawned":[4,11,16],"ascension_level":15}}