{"host":"3emvdmfknoa4z50o","time":1613515273,"event":{"mods":["BaseMod","Colored Map","Minty Spire (QoL Compilation)"],"gold_per_floor":[118,138,138,313,326,326,356,356,356,356,387,259,277,242,242,337,337,356,356,356,113,113,113,138,138,138,148,165,90,90,104,104,104,104],"floor_reached":33,"language":"ENG","playtime":2268,"items_purged":["Strike_B","Doubt"],"score":314,"play_id":"d59e68ec-9ea8-4115-a196-6f32b1b7a202","local_time":"20210216174113","is_ascension_mode":true,"campfire_choices":[{"data":"Chaos","floor":6.0,"key":"SMITH"},{"floor":10.0,"key":"REST"},{"floor":15.0,"key":"REST"},{"data":"Rainbow","floor":23.0,"key":"SMITH"},{"floor":25.0,"key":"REST"},{"floor":32,"key":"REST"}],"circlet_count":0,"master_deck":["Strike_B+1","Strike_B+1","Strike_B+1","Defend_B","Defend_B","Defend_B","Defend_B","Zap","Dualcast+1","Chaos+1","Conserve Battery","Defragment","Steam","Gash","Rainbow+1","Cold Snap","Compile Driver","Sweeping Beam","Capacitor","Ball Lightning"],"relics":["Cracked Core","Tiny Chest","InkBottle","Happy Flower","Nuclear Battery","Nloth\u0027s Gift","Potion Belt","Regal Pillow","White Beast Statue"],"acts_visited":["Exordium","TheCity"],"potions_floor_usage":[31,33,33],"damage_taken":[{"damage":1.0,"enemies":"Cultist","floor":1.0,"turns":4.0},{"damage":1.0,"enemies":"2 Louse","floor":2.0,"turns":3.0},{"damage":0.0,"enemies":"Small Slimes","floor":5.0,"turns":2.0},{"damage":41.0,"enemies":"Gremlin Nob","floor":7.0,"turns":5.0},{"damage":28.0,"enemies":"3 Sentries","floor":11.0,"turns":5.0},{"damage":0.0,"enemies":"Exordium Wildlife","floor":13.0,"turns":4.0},{"damage":7.0,"enemies":"The Guardian","floor":16.0,"turns":10.0},{"damage":11.0,"enemies":"Spheric Guardian","floor":18.0,"turns":4.0},{"damage":0.0,"enemies":"2 Thieves","floor":19.0,"turns":1.0},{"damage":36.0,"enemies":"Gremlin Leader","floor":24.0,"turns":7.0},{"damage":5.0,"enemies":"Centurion and Healer","floor":27.0,"turns":7.0},{"damage":0.0,"enemies":"Snecko","floor":28.0,"turns":4.0},{"damage":14,"enemies":"Shelled Parasite and Fungi","floor":31,"turns":5},{"damage":87,"enemies":"Automaton","floor":33,"turns":10}],"seed_played":"2672230645153780473","potions_obtained":[{"floor":2.0,"key":"Energy Potion"},{"floor":7.0,"key":"FocusPotion"},{"floor":13.0,"key":"SmokeBomb"},{"floor":16.0,"key":"BlessingOfTheForge"},{"floor":18.0,"key":"Ancient Potion"},{"floor":24.0,"key":"Ancient Potion"},{"floor":27.0,"key":"SkillPotion"},{"floor":31,"key":"Weak Potion"}],"is_trial":false,"path_per_floor":["M","M","?","?","M","R","E","?","T","R","E","$","M","?","R","B",null,"M","M","T","$","?","R","E","R","T","M","M","$","T","M","R","B"],"character_chosen":"DEFECT","items_purchased":["Steam","Whetstone","Capacitor"],"campfire_rested":4,"item_purchase_floors":[12,21,29],"current_hp_per_floor":[81,80,64,64,64,64,23,23,23,47,19,19,19,39,63,56,82,71,71,71,71,71,71,35,59,59,54,54,54,54,40,79,0,0],"gold":104,"neow_bonus":"TEN_PERCENT_HP_BONUS","is_daily":false,"chose_seed":false,"campfire_upgraded":2,"win_rate":0.0,"timestamp":1613515273,"path_taken":["M","M","?","?","M","R","E","?","T","R","E","$","?","?","R","BOSS","M","M","?","$","?","R","E","R","T","?","M","?","?","M","R","BOSS"],"items_purchased_type":["Card","Relic","Card"],"build_version":"2020-12-22","purchased_purges":2,"victory":false,"max_hp_per_floor":[82,82,82,82,82,82,82,82,82,82,82,82,82,82,82,82,82,82,82,82,82,82,82,82,82,82,82,82,82,82,82,82,82,82],"card_choices":[{"not_picked":["Streamline","Scrape","Turbo"],"picked":"SKIP","floor":1.0},{"not_picked":["Compile Driver","Go for the Eyes"],"picked":"Chaos","floor":2.0},{"not_picked":["Turbo","Gash","Recycle"],"picked":"SKIP","floor":5.0},{"not_picked":["Beam Cell","Hello World"],"picked":"Conserve Battery","floor":7.0},{"not_picked":["Force Field","Streamline"],"picked":"Defragment","floor":11.0},{"not_picked":["Aggregate","Hologram"],"picked":"Gash","floor":13.0},{"not_picked":["Electrodynamics","Thunder Strike"],"picked":"Rainbow","floor":16.0},{"not_picked":["Go for the Eyes","Redo"],"picked":"Cold Snap","floor":18.0},{"not_picked":["Cold Snap","Machine Learning"],"picked":"Compile Driver","floor":24.0},{"not_picked":["Beam Cell","Aggregate+1","Barrage"],"picked":"SKIP","floor":27.0},{"not_picked":["Stack","Consume"],"picked":"Sweeping Beam","floor":28.0},{"not_picked":["Rebound+1","Gash"],"picked":"Ball Lightning","floor":31}],"player_experience":511278,"relics_obtained":[{"floor":7.0,"key":"Tiny Chest"},{"floor":9.0,"key":"InkBottle"},{"floor":11.0,"key":"Happy Flower"},{"floor":24.0,"key":"Potion Belt"},{"floor":26.0,"key":"Regal Pillow"},{"floor":30.0,"key":"White Beast Statue"}],"event_choices":[{"damage_healed":0.0,"max_hp_gain":0.0,"max_hp_loss":0.0,"gold_gain":0.0,"event_name":"Shining Light","player_choice":"Entered Light","floor":3.0,"gold_loss":0.0,"damage_taken":16.0,"cards_upgraded":["Strike_B","Dualcast"]},{"damage_healed":0.0,"max_hp_gain":0.0,"max_hp_loss":0.0,"gold_gain":175.0,"event_name":"Liars Game","player_choice":"AGREE","floor":4.0,"gold_loss":0.0,"damage_taken":0.0,"cards_obtained":["Doubt"]},{"damage_healed":0.0,"max_hp_gain":0.0,"max_hp_loss":0.0,"gold_gain":0.0,"event_name":"Golden Wing","player_choice":"Ignored","floor":8.0,"gold_loss":0.0,"damage_taken":0.0},{"damage_healed":20.0,"max_hp_gain":0.0,"max_hp_loss":0.0,"gold_gain":0.0,"event_name":"The Cleric","player_choice":"Healed","floor":14.0,"gold_loss":35.0,"damage_taken":0.0},{"damage_healed":0.0,"max_hp_gain":0.0,"max_hp_loss":0.0,"gold_gain":0.0,"event_name":"N\u0027loth","player_choice":"Traded Relic","floor":22.0,"relics_lost":["Whetstone"],"gold_loss":0.0,"damage_taken":0.0,"relics_obtained":["Nloth\u0027s Gift"]}],"is_beta":false,"boss_relics":[{"not_picked":["Pandora\u0027s Box","Sozu"],"picked":"Nuclear Battery"}],"items_purged_floors":[12,21],"is_endless":false,"potions_floor_spawned":[2,7,13,16,18,24,27,31],"killed_by":"Automaton","ascension_level":3}}