{"host":"6q94iy5iz6612v89","time":1613462649,"event":{"mods":["2.2 Compatiblity","AchievementEnabler","BaseMod","Colored Map","DeckTracker","Keyboard Shortcuts","Minty Spire (QoL Compilation)","Permanent Neow","StSLib","SuperFastMode"],"gold_per_floor":[360,376,376,96,108,120,120,130,156,156,186,198,232,242,242,313,313,327,343,360,103,122,122,135,185,209,226,226,246,246,246,246,246,246],"floor_reached":33,"language":"KOR","playtime":706,"items_purged":["Strike_G","Strike_G"],"score":676,"play_id":"0a79c988-c7ab-4b5d-964e-9f3e4e1abd22","local_time":"20210216170409","is_ascension_mode":true,"campfire_choices":[{"data":"Deadly Poison","floor":7,"key":"SMITH"},{"data":"Catalyst","floor":10,"key":"SMITH"},{"data":"Noxious Fumes","floor":15,"key":"SMITH"},{"data":"Adrenaline","floor":23,"key":"SMITH"},{"data":"Neutralize","floor":28,"key":"SMITH"},{"floor":30,"key":"RECALL"},{"data":"Poisoned Stab","floor":32,"key":"SMITH"}],"circlet_count":0,"master_deck":["AscendersBane","Strike_G","Strike_G","Strike_G","Defend_G","Defend_G","Defend_G","Defend_G","Defend_G","Survivor","Neutralize+1","Dagger Throw","Backflip","Deadly Poison+1","Noxious Fumes+1","Catalyst+1","Poisoned Stab+1","Blur","Reflex","Adrenaline+1","PiercingWail+1","Decay"],"relics":["Ring of the Snake","PreservedInsect","Regal Pillow","Bronze Scales","Coffee Dripper","TwistedFunnel"],"acts_visited":["Exordium","TheCity"],"potions_floor_usage":[8,13,13,16,22,27,33],"damage_taken":[{"damage":8,"enemies":"2 Louse","floor":1,"turns":6},{"damage":0,"enemies":"Cultist","floor":2,"turns":3},{"damage":0,"enemies":"Jaw Worm","floor":5,"turns":5},{"damage":0,"enemies":"Blue Slaver","floor":6,"turns":4},{"damage":0,"enemies":"3 Louse","floor":8,"turns":2},{"damage":21,"enemies":"3 Sentries","floor":11,"turns":6},{"damage":0,"enemies":"2 Fungi Beasts","floor":12,"turns":3},{"damage":0,"enemies":"Gremlin Nob","floor":13,"turns":2},{"damage":3,"enemies":"Large Slime","floor":14,"turns":4},{"damage":0,"enemies":"Hexaghost","floor":16,"turns":7},{"damage":0,"enemies":"3 Byrds","floor":18,"turns":3},{"damage":1,"enemies":"2 Thieves","floor":19,"turns":4},{"damage":24,"enemies":"Shelled Parasite and Fungi","floor":20,"turns":4},{"damage":4,"enemies":"3 Cultists","floor":22,"turns":4},{"damage":1,"enemies":"Snake Plant","floor":24,"turns":2},{"damage":16,"enemies":"Cultist and Chosen","floor":27,"turns":4},{"damage":5,"enemies":"Chosen and Byrds","floor":29,"turns":4},{"damage":10,"enemies":"Champ","floor":33,"turns":5}],"seed_played":"-2350418310908625965","potions_obtained":[{"floor":5,"key":"Fire Potion"},{"floor":6,"key":"FearPotion"},{"floor":8,"key":"BlessingOfTheForge"},{"floor":13,"key":"BlessingOfTheForge"},{"floor":14,"key":"LiquidMemories"},{"floor":20,"key":"Explosive Potion"},{"floor":24,"key":"FearPotion"},{"floor":27,"key":"Energy Potion"}],"is_trial":false,"path_per_floor":["M","M","?","$","M","M","R","M","T","R","E","M","E","M","R","B",null,"M","M","M","$","M","R","M","?","T","M","R","M","R","?","R","B"],"character_chosen":"THE_SILENT","items_purchased":["Deadly Poison","Noxious Fumes","Catalyst","TwistedFunnel"],"campfire_rested":0,"item_purchase_floors":[4,4,4,21],"current_hp_per_floor":[51,51,51,51,51,51,51,51,51,51,30,30,30,27,27,27,52,52,51,27,27,23,23,22,22,22,6,6,1,1,1,1,0,0],"gold":246,"neow_bonus":"TWO_FIFTY_GOLD","is_daily":false,"chose_seed":false,"campfire_upgraded":6,"win_rate":0.0,"timestamp":1613462649,"path_taken":["M","M","?","$","?","?","R","M","T","R","E","M","E","M","R","BOSS","M","M","?","$","M","R","M","?","T","M","R","M","R","?","R","BOSS"],"items_purchased_type":["Card","Card","Card","Relic"],"build_version":"2020-12-22","purchased_purges":2,"victory":false,"max_hp_per_floor":[60,60,60,60,60,60,60,60,60,60,60,60,60,60,60,60,60,60,60,60,60,60,60,60,60,60,60,60,60,60,60,60,60,60],"card_choices":[{"not_picked":["Deflect","Flying Knee"],"picked":"Dagger Throw","floor":1},{"not_picked":["Dodge and Roll","Dagger Throw","Acrobatics"],"picked":"SKIP","floor":2},{"not_picked":["Eviscerate","Caltrops","Quick Slash"],"picked":"SKIP","floor":5},{"not_picked":["Blade Dance","Bane"],"picked":"Poisoned Stab","floor":6},{"not_picked":["Envenom","Prepared","Flying Knee"],"picked":"SKIP","floor":8},{"not_picked":["Underhanded Strike","Expertise","Predator"],"picked":"SKIP","floor":11},{"not_picked":["Bane","Flechettes","Prepared"],"picked":"SKIP","floor":12},{"not_picked":["Burst","Bouncing Flask"],"picked":"Blur","floor":13},{"not_picked":["Dodge and Roll","Backflip"],"picked":"Reflex","floor":14},{"not_picked":["Malaise","Unload"],"picked":"Adrenaline","floor":16},{"not_picked":["Dagger Throw","Flying Knee"],"picked":"PiercingWail+1","floor":18},{"not_picked":["Setup+1","Sucker Punch","Reflex"],"picked":"SKIP","floor":19},{"not_picked":["PiercingWail","Concentrate","Cloak And Dagger"],"picked":"SKIP","floor":20},{"not_picked":["Slice","Deadly Poison","Concentrate+1"],"picked":"SKIP","floor":22},{"not_picked":["All Out Attack","Bane","Dash"],"picked":"SKIP","floor":24},{"not_picked":["Quick Slash+1","Concentrate","Burst"],"picked":"SKIP","floor":27},{"not_picked":["Distraction","Flying Knee","Escape Plan"],"picked":"SKIP","floor":29}],"player_experience":1489476,"relics_obtained":[{"floor":9,"key":"PreservedInsect"},{"floor":11,"key":"Regal Pillow"},{"floor":13,"key":"Bronze Scales"}],"event_choices":[{"damage_healed":0,"gold_gain":0,"player_choice":"1 cards matched","damage_taken":0,"max_hp_gain":0,"max_hp_loss":0,"event_name":"Match and Keep!","floor":3,"gold_loss":0,"cards_obtained":["Backflip"]},{"damage_healed":0,"gold_gain":50,"player_choice":"Stole From Cult","damage_taken":0,"max_hp_gain":0,"max_hp_loss":0,"event_name":"Nest","floor":25,"gold_loss":0},{"damage_healed":0,"gold_gain":0,"player_choice":"Smashed Altar","damage_taken":0,"max_hp_gain":0,"max_hp_loss":0,"event_name":"Forgotten Altar","floor":31,"gold_loss":0,"cards_obtained":["Decay"]}],"is_beta":false,"boss_relics":[{"not_picked":["Busted Crown","Tiny House"],"picked":"Coffee Dripper"}],"items_purged_floors":[4,21],"is_endless":false,"potions_floor_spawned":[5,6,8,13,14,20,24,27],"killed_by":"Champ","ascension_level":20}}