{"host":"1vy6j31128f61x2z","time":1613449366,"event":{"mods":["AchievementEnabler","Act Like it!","BaseMod","Colored Powertips","Hallownest","Hermit","Marisa????????","Minty Spire (QoL Compilation)","Permanent Neow","StSLib","The Bug Knight","The Cursed","The Servant 0.9.4"],"gold_per_floor":[112,128,145,70,90,124,142,142,142,172,182,182,200,9,9,107,107,125,125,103,103,116,149,161,161,161,161,161],"floor_reached":27,"language":"ENG","playtime":2092,"items_purged":[],"score":245,"play_id":"d88e5ad1-be09-4fd1-913c-b0d8d902d928","local_time":"20210215232246","is_ascension_mode":false,"campfire_choices":[{"data":"HollowMod:MantisMark","floor":8,"key":"SMITH"},{"floor":12,"key":"REST"},{"data":"HollowMod:HowlingWraiths","floor":15,"key":"SMITH"},{"floor":25,"key":"REST"}],"circlet_count":0,"master_deck":["HollowMod:NailStrikeStart","HollowMod:NailStrikeStart","HollowMod:NailStrikeStart","HollowMod:NailStrikeStart","HollowMod:QuickDashStart","HollowMod:QuickDashStart","HollowMod:QuickDashStart","HollowMod:QuickDashStart","HollowMod:FocusHealStart","HollowMod:PogoStrike","HollowMod:GreatSlash","HollowMod:PerfectDash","HollowMod:MantisMark+1","HollowMod:BaldurShell","HollowMod:CornifersMapStart","HollowMod:AwokenDreamNail","HollowMod:HowlingWraiths+1","HollowMod:PureNailStrike","HollowMod:MidwifesHunger","HollowMod:SharpenedNail","HollowMod:SoulStrike+1","HollowMod:RecoilStrike","HollowMod:MonarchWings","HollowMod:HuntersJournal"],"relics":["HollowMod:VesselMask","Ornamental Fan","Nunchaku","MealTicket","Art of War","Black Star","Pantograph","Bag of Preparation","HornCleat"],"acts_visited":["Exordium","Hallownest:Greenpath"],"potions_floor_usage":[6,16,16,27,27],"damage_taken":[{"damage":1,"enemies":"Hallownest:monsterHuskWarrior","floor":1,"turns":3},{"damage":6,"enemies":"Hallownest:2_Tiktiks_and_1_Crawlid","floor":2,"turns":3},{"damage":10,"enemies":"Hallownest:monsterHuskGuard","floor":3,"turns":4},{"damage":8,"enemies":"Hallownest:Wandering_and_Horned","floor":5,"turns":4},{"damage":26,"enemies":"Hallownest:eliteMossKnight","floor":6,"turns":10},{"damage":0,"enemies":"Hallownest:monsterAspidMother","floor":7,"turns":4},{"damage":12,"enemies":"Hallownest:eliteVengeflyKing","floor":10,"turns":7},{"damage":21,"enemies":"Hallownest:1_Ooma_and_2_Uuma","floor":11,"turns":4},{"damage":8,"enemies":"Hallownest:Wandering_and_Horned","floor":13,"turns":3},{"damage":17,"enemies":"Hallownest:BossFalseKnight","floor":16,"turns":9},{"damage":5,"enemies":"Hallownest:Flukemon_and_Top","floor":18,"turns":5},{"damage":25,"enemies":"Hallownest:Guard_and_Sentry","floor":22,"turns":5},{"damage":19,"enemies":"Hallownest:Nosk","floor":23,"turns":10},{"damage":25,"enemies":"Hallownest:monsterShrumalOgre","floor":24,"turns":6},{"damage":45,"enemies":"Hallownest:eliteWatcherKnight","floor":27,"turns":9}],"seed_played":"-5606470285302611552","potions_obtained":[{"floor":0,"key":"SkillPotion"},{"floor":0,"key":"EssenceOfSteel"},{"floor":0,"key":"EssenceOfSteel"},{"floor":7,"key":"Weak Potion"},{"floor":24,"key":"ColorlessPotion"}],"is_trial":false,"path_per_floor":["M","M","M","?","M","E","M","R","T","E","M","R","M","$","R","B",null,"M","?","$","?","M","E","M","R","T","E"],"character_chosen":"THE_BUGKNIGHT","items_purchased":["Art of War","HollowMod:PureNailStrike","HollowMod:SoulStrike"],"campfire_rested":2,"item_purchase_floors":[14,14,20],"current_hp_per_floor":[75,75,75,80,72,52,52,52,52,50,29,53,45,60,60,43,80,75,80,80,80,55,36,17,41,41,0,0],"gold":161,"neow_bonus":"THREE_SMALL_POTIONS","is_daily":false,"chose_seed":false,"campfire_upgraded":2,"win_rate":0.0,"timestamp":1613449366,"path_taken":["M","M","M","?","M","E","M","R","T","E","M","R","M","$","R","BOSS","M","?","$","?","M","E","M","R","T","E"],"items_purchased_type":["Relic","Card","Card"],"build_version":"2020-12-22","purchased_purges":0,"victory":false,"max_hp_per_floor":[75,75,75,80,80,80,80,80,80,80,80,80,80,80,80,80,80,80,80,80,80,80,80,80,80,80,80,80],"card_choices":[{"not_picked":["HollowMod:DreamGate","HollowMod:QuirrelsAssistance"],"picked":"HollowMod:GreatSlash","floor":1},{"not_picked":["HollowMod:Grubsong","HollowMod:TaintedHusks"],"picked":"HollowMod:InfectedCysts","floor":2},{"not_picked":["HollowMod:ShadowDash","HollowMod:WraithStrike"],"picked":"HollowMod:PerfectDash","floor":3},{"not_picked":["HollowMod:SharpenedNail","HollowMod:VengefulVoid"],"picked":"HollowMod:MantisMark","floor":5},{"not_picked":["HollowMod:FastStrike","HollowMod:BlackTendrils"],"picked":"HollowMod:BaldurShell","floor":6},{"not_picked":["HollowMod:LifebloodCore","HollowMod:CloakDash"],"picked":"HollowMod:CornifersMapStart","floor":7},{"not_picked":["HollowMod:SharpenedNail","HollowMod:CloakDash"],"picked":"HollowMod:AwokenDreamNail","floor":10},{"not_picked":["HollowMod:SiblingsSouls","HollowMod:ShapeofUnn"],"picked":"HollowMod:HowlingWraiths","floor":11},{"not_picked":["HollowMod:PerfectDash","HollowMod:SoulShaman","HollowMod:SharpenedNail"],"picked":"SKIP","floor":13},{"not_picked":["HollowMod:AwokenDreamNail","HollowMod:LifebloodCore"],"picked":"HollowMod:MidwifesHunger","floor":16},{"not_picked":["HollowMod:NewLittleFool","HollowMod:DesolateDive"],"picked":"HollowMod:SharpenedNail","floor":18},{"not_picked":["HollowMod:InfectedAttack","HollowMod:VengefulVoid"],"picked":"HollowMod:RecoilStrike","floor":22},{"not_picked":["HollowMod:BlackTendrils+1","HollowMod:SharpenedShadows"],"picked":"HollowMod:MonarchWings","floor":23},{"not_picked":["HollowMod:MawleksShell","HollowMod:ChannelNail+1"],"picked":"HollowMod:HuntersJournal","floor":24}],"player_experience":82109,"relics_obtained":[{"floor":6,"key":"Ornamental Fan"},{"floor":9,"key":"Nunchaku"},{"floor":10,"key":"MealTicket"},{"floor":23,"key":"Pantograph"},{"floor":23,"key":"Bag of Preparation"},{"floor":26,"key":"HornCleat"}],"event_choices":[],"is_beta":false,"boss_relics":[{"not_picked":["Runic Dome","Ectoplasm"],"picked":"Black Star"}],"items_purged_floors":[],"is_endless":false,"potions_floor_spawned":[5,7,10,11,13,24],"killed_by":"Hallownest:eliteWatcherKnight","ascension_level":0}}