{"host":"dqv8oo4v229c1o2l","time":1613434574,"event":{"mods":["AchievementEnabler","BaseMod","Colored Map","Colored Powertips","Minty Spire (QoL Compilation)","Quick Restart","Rare Cards Sparkle","StSLib","Synergy Search"],"gold_per_floor":[113,113,113,133,153,182,182,182,182,58,83,83,83,100,100,205,205,218,238,81,95,106,106,118,118,118,43,43,55,73,73,73,73,73],"floor_reached":33,"language":"ENG","playtime":1246,"items_purged":[],"score":373,"play_id":"bbaa5845-cde3-4553-b3e9-0c4d6b8b0b41","local_time":"20210215161614","is_ascension_mode":true,"campfire_choices":[{"data":"Fission","floor":8.0,"key":"SMITH"},{"floor":13.0,"key":"REST"},{"data":"Hologram","floor":15.0,"key":"SMITH"},{"floor":23.0,"key":"REST"},{"data":"Reprogram","floor":25.0,"key":"SMITH"},{"floor":32.0,"key":"REST"}],"circlet_count":0,"master_deck":["Defend_B","Defend_B","Defend_B","Zap","Dualcast","Ball Lightning","Sweeping Beam","Hologram+1","Fission+1","Gash","Self Repair","Chaos","Gash","All For One","Storm+1","Sunder+1","Leap+1","Reprogram+1","Flex","Prostrate","Headbutt","Anger","Acrobatics","Shame"],"relics":["Cracked Core","NeowsBlessing","InkBottle","Bag of Preparation","Tiny Chest","Astrolabe","PrismaticShard","Prayer Wheel","Bird Faced Urn","Peace Pipe"],"acts_visited":["Exordium","TheCity"],"potions_floor_usage":[33],"damage_taken":[{"damage":0.0,"enemies":"2 Louse","floor":1.0,"turns":1.0},{"damage":0.0,"enemies":"Cultist","floor":4.0,"turns":1.0},{"damage":0.0,"enemies":"Small Slimes","floor":5.0,"turns":1.0},{"damage":17.0,"enemies":"Lagavulin","floor":6.0,"turns":4.0},{"damage":31.0,"enemies":"Gremlin Nob","floor":11.0,"turns":4.0},{"damage":3.0,"enemies":"Blue Slaver","floor":14.0,"turns":3.0},{"damage":30.0,"enemies":"Hexaghost","floor":16.0,"turns":8.0},{"damage":0.0,"enemies":"Chosen","floor":18.0,"turns":3.0},{"damage":5.0,"enemies":"Spheric Guardian","floor":19.0,"turns":3.0},{"damage":40.0,"enemies":"Chosen and Byrds","floor":21.0,"turns":7.0},{"damage":22.0,"enemies":"Snake Plant","floor":22.0,"turns":5.0},{"damage":17.0,"enemies":"Centurion and Healer","floor":24.0,"turns":5.0},{"damage":14.0,"enemies":"Snecko","floor":29.0,"turns":6.0},{"damage":29.0,"enemies":"Cultist and Chosen","floor":30.0,"turns":6.0},{"damage":43,"enemies":"Automaton","floor":33,"turns":4}],"seed_played":"-1611074009880233342","potions_obtained":[{"floor":3.0,"key":"EssenceOfDarkness"},{"floor":3.0,"key":"Weak Potion"},{"floor":3.0,"key":"EssenceOfDarkness"},{"floor":11.0,"key":"AttackPotion"},{"floor":14.0,"key":"Swift Potion"},{"floor":16.0,"key":"ColorlessPotion"},{"floor":21.0,"key":"Weak Potion"}],"is_trial":false,"path_per_floor":["M","$","?","M","M","E","?","R","T","$","E","?","R","M","R","B",null,"M","M","$","M","M","R","M","R","T","?","T","M","M","?","R","B"],"character_chosen":"DEFECT","items_purchased":["Gash","Self Repair","PrismaticShard"],"campfire_rested":3,"item_purchase_floors":[10,10,20],"current_hp_per_floor":[68,68,68,68,68,51,51,51,51,51,27,27,49,53,53,30,64,71,73,73,40,25,47,37,37,37,37,37,34,14,14,36,0,0],"gold":73,"neow_bonus":"THREE_ENEMY_KILL","is_daily":false,"chose_seed":false,"campfire_upgraded":3,"win_rate":0.0,"timestamp":1613434574,"path_taken":["M","$","?","M","?","E","?","R","T","?","E","?","R","M","R","BOSS","M","M","$","M","?","R","M","R","T","?","?","M","M","?","R","BOSS"],"items_purchased_type":["Card","Card","Relic"],"build_version":"2020-12-22","purchased_purges":0,"victory":false,"max_hp_per_floor":[75,75,75,75,75,75,75,75,75,75,75,75,75,75,75,75,75,75,75,75,75,75,75,75,75,75,75,75,75,75,75,75,75,75],"card_choices":[{"not_picked":["Coolheaded","White Noise"],"picked":"Ball Lightning","floor":1.0},{"not_picked":["Streamline","Hyperbeam"],"picked":"Sweeping Beam","floor":4.0},{"not_picked":["Barrage","Leap"],"picked":"Hologram","floor":5.0},{"not_picked":["Hologram","Sweeping Beam"],"picked":"Fission","floor":6.0},{"not_picked":["Barrage","Rebound"],"picked":"Chaos","floor":11.0},{"not_picked":["Rebound","Redo"],"picked":"Gash","floor":14.0},{"not_picked":["Meteor Strike","Hyperbeam"],"picked":"All For One","floor":16.0},{"not_picked":["Double Energy","Aggregate+1"],"picked":"Reprogram","floor":18.0},{"not_picked":["Undo","Compile Driver","Leap"],"picked":"SKIP","floor":19.0},{"not_picked":["Skim","Prostrate"],"picked":"Flex","floor":21.0},{"not_picked":["ClearTheMind","Havoc"],"picked":"Prostrate","floor":22.0},{"not_picked":["Pommel Strike+1","Sucker Punch+1"],"picked":"Headbutt","floor":24.0},{"not_picked":["CrushJoints","PathToVictory","Dodge and Roll"],"picked":"SKIP","floor":29.0},{"not_picked":["Rip and Tear","True Grit","EmptyFist"],"picked":"SKIP","floor":29.0},{"not_picked":["Swivel","All For One"],"picked":"Anger","floor":30.0},{"not_picked":["Setup","Heavy Blade"],"picked":"Acrobatics","floor":30.0}],"player_experience":323125,"relics_obtained":[{"floor":6.0,"key":"InkBottle"},{"floor":9.0,"key":"Bag of Preparation"},{"floor":11.0,"key":"Tiny Chest"},{"floor":26.0,"key":"Prayer Wheel"},{"floor":28.0,"key":"Bird Faced Urn"}],"event_choices":[{"damage_healed":0.0,"max_hp_gain":0.0,"max_hp_loss":0.0,"gold_gain":0.0,"event_name":"Lab","player_choice":"Got Potions","floor":3.0,"gold_loss":0.0,"damage_taken":0.0},{"damage_healed":0.0,"max_hp_gain":0.0,"max_hp_loss":0.0,"gold_gain":0.0,"event_name":"The Woman in Blue","player_choice":"Bought 0 Potions","floor":7.0,"gold_loss":0.0,"damage_taken":0.0},{"cards_removed":["Strike_B"],"damage_healed":0.0,"max_hp_gain":0.0,"max_hp_loss":0.0,"gold_gain":0.0,"event_name":"Purifier","player_choice":"Purged","floor":12.0,"gold_loss":0.0,"damage_taken":0.0},{"cards_removed":["Strike_B"],"damage_healed":0.0,"max_hp_gain":0.0,"max_hp_loss":0.0,"gold_gain":0.0,"event_name":"Beggar","player_choice":"Gave Gold","floor":27.0,"gold_loss":75.0,"damage_taken":0.0},{"damage_healed":0.0,"max_hp_gain":0.0,"max_hp_loss":0.0,"gold_gain":0.0,"event_name":"Addict","player_choice":"Stole Relic","floor":31.0,"gold_loss":0.0,"damage_taken":0.0,"relics_obtained":["Peace Pipe"],"cards_obtained":["Shame"]}],"is_beta":false,"boss_relics":[{"not_picked":["FrozenCore","Sozu"],"picked":"Astrolabe"}],"items_purged_floors":[],"is_endless":false,"potions_floor_spawned":[11,14,16,21,24],"killed_by":"Automaton","ascension_level":9}}