{"host":"xp27heuvanyklt0b","time":1613479210,"event":{"mods":["100% Spire Juice","BaseMod","CapriCore","Koishi","Lobotomy","Minty Spire (QoL Compilation)","StSLib","The Immortal"],"gold_per_floor":[109,109,129,2,12,47,47,23,75,105,177,192,192,192,192,289,289,306,306,318,337,347,379,478,493,541,551,651,651,651,661,661,661,661],"floor_reached":33,"language":"KOR","playtime":1758,"items_purged":[],"score":291,"play_id":"fd1a4af9-dad0-4fab-b724-2e16d0465acb","local_time":"20210216214010","is_ascension_mode":true,"campfire_choices":[{"data":"Venomology","floor":7,"key":"SMITH"},{"floor":13,"key":"REST"},{"data":"Concentrate","floor":15,"key":"SMITH"},{"floor":29,"key":"REST"},{"floor":32,"key":"REST"}],"circlet_count":0,"master_deck":["Strike_G","Strike_G","Strike_G","Strike_G","Strike_G","Defend_G","Defend_G","Defend_G","Defend_G","Defend_G","Survivor","Neutralize","Dramatic Entrance","Well Laid Plans","Cloak And Dagger","Die Die Die","Blade Dance","Concentrate+1","Venomology+1","Backflip","Leg Sweep","Predator","Glass Knife","Acrobatics","Terror+1","Tactician","Dagger Spray","Setup+1","Riddle With Holes+1","Reflex","Sucker Punch","Deflect+1"],"relics":["Ring of the Snake","Art of War","Ancient Tea Set","PreservedInsect","Bottled Lightning","HoveringKite","Mercury Hourglass","Unceasing Top","The Courier"],"acts_visited":["Exordium","TheCity"],"potions_floor_usage":[10,16,16,19,21,22,22,23,25,27,28,31,33,33,33],"damage_taken":[{"damage":0,"enemies":"2 Louse","floor":1,"turns":2},{"damage":0,"enemies":"Jaw Worm","floor":3,"turns":6},{"damage":0,"enemies":"Cultist","floor":5,"turns":2},{"damage":9,"enemies":"3 Sentries","floor":6,"turns":6},{"damage":39,"enemies":"Lagavulin","floor":10,"turns":10},{"damage":0,"enemies":"3 Louse","floor":12,"turns":1},{"damage":31,"enemies":"The Guardian","floor":16,"turns":18},{"damage":3,"enemies":"Shell Parasite","floor":18,"turns":7},{"damage":12,"enemies":"Spheric Guardian","floor":20,"turns":4},{"damage":12,"enemies":"Snake Plant","floor":21,"turns":4},{"damage":10,"enemies":"Chosen and Byrds","floor":22,"turns":7},{"damage":2,"enemies":"Gremlin Leader","floor":23,"turns":7},{"damage":1,"enemies":"Sentry and Sphere","floor":25,"turns":5},{"damage":0,"enemies":"3 Cultists","floor":27,"turns":4},{"damage":13,"enemies":"Colosseum Slavers","floor":28,"turns":2},{"damage":3,"enemies":"Colosseum Nobs","floor":28,"turns":3},{"damage":25,"enemies":"Snake Plant","floor":31,"turns":4},{"damage":32,"enemies":"Automaton","floor":33,"turns":6}],"seed_played":"5131824634768579955","potions_obtained":[{"floor":3,"key":"DistilledChaos"},{"floor":6,"key":"DistilledChaos"},{"floor":16,"key":"Fire Potion"},{"floor":18,"key":"PowerPotion"},{"floor":19,"key":"Fruit Juice"},{"floor":19,"key":"Weak Potion"},{"floor":25,"key":"DuplicationPotion"}],"is_trial":false,"path_per_floor":["M","?","M","$","M","E","R","$","T","E","?","M","R","?","R","B",null,"M","?","M","M","M","E","?","M","T","M","?","R","?","M","R","B"],"character_chosen":"THE_SILENT","items_purchased":["Die Die Die","Blade Dance","Backflip"],"campfire_rested":3,"item_purchase_floors":[4,4,8],"current_hp_per_floor":[70,52,52,52,52,43,43,43,43,4,4,4,25,48,48,17,70,67,72,60,48,38,36,36,35,35,35,19,41,35,10,32,0,0],"gold":661,"neow_bonus":"RANDOM_COLORLESS","is_daily":false,"chose_seed":false,"campfire_upgraded":2,"win_rate":0.0,"timestamp":1613479210,"path_taken":["M","?","M","$","M","E","R","$","T","E","?","M","R","?","R","BOSS","M","?","M","?","M","E","?","M","T","M","?","R","?","?","R","BOSS"],"items_purchased_type":["Card","Card","Card"],"build_version":"2020-12-22","purchased_purges":0,"victory":false,"max_hp_per_floor":[70,70,70,70,70,70,70,70,70,70,70,70,70,70,70,70,70,70,75,75,75,75,75,75,75,75,75,75,75,75,75,75,75,75],"card_choices":[{"not_picked":["Blind","Enlightenment"],"picked":"Dramatic Entrance","floor":0},{"not_picked":["Backflip","PiercingWail"],"picked":"Well Laid Plans","floor":1},{"not_picked":["PiercingWail","Infinite Blades"],"picked":"Cloak And Dagger","floor":3},{"not_picked":["Blade Dance","Noxious Fumes"],"picked":"Concentrate","floor":5},{"not_picked":["Finisher","Underhanded Strike"],"picked":"Venomology","floor":6},{"not_picked":["Catalyst","Predator"],"picked":"Leg Sweep","floor":10},{"not_picked":["Dagger Throw","Noxious Fumes"],"picked":"Predator","floor":12},{"not_picked":["Envenom","Unload"],"picked":"Glass Knife","floor":16},{"not_picked":["Concentrate+1","Quick Slash"],"picked":"Acrobatics","floor":18},{"not_picked":["Dagger Throw+1","Setup"],"picked":"Terror+1","floor":20},{"not_picked":["Quick Slash","Blade Dance"],"picked":"Tactician","floor":21},{"not_picked":["Acrobatics","Poisoned Stab"],"picked":"Dagger Spray","floor":22},{"not_picked":["Leg Sweep","Dagger Spray"],"picked":"Setup+1","floor":23},{"not_picked":["Dodge and Roll+1","Envenom"],"picked":"Riddle With Holes+1","floor":25},{"not_picked":["Terror+1","Dagger Throw"],"picked":"Reflex","floor":27},{"not_picked":["Slice","Dodge and Roll"],"picked":"Sucker Punch","floor":28},{"not_picked":["Dodge and Roll+1","Slice"],"picked":"Deflect+1","floor":31}],"player_experience":309172,"relics_obtained":[{"floor":6,"key":"Ancient Tea Set"},{"floor":9,"key":"PreservedInsect"},{"floor":10,"key":"Bottled Lightning"},{"floor":23,"key":"Mercury Hourglass"},{"floor":28,"key":"Unceasing Top"},{"floor":28,"key":"The Courier"}],"event_choices":[{"damage_healed":0,"gold_gain":0,"player_choice":"Success","damage_taken":18,"relics_obtained":["Art of War"],"max_hp_gain":0,"max_hp_loss":0,"event_name":"Scrap Ooze","floor":2,"gold_loss":0},{"damage_healed":0,"gold_gain":72,"player_choice":"Gained Gold","damage_taken":0,"max_hp_gain":0,"max_hp_loss":0,"event_name":"Golden Wing","floor":11,"gold_loss":0},{"damage_healed":23,"gold_gain":0,"player_choice":"Banana","damage_taken":0,"max_hp_gain":0,"max_hp_loss":0,"event_name":"Big Fish","floor":14,"gold_loss":0},{"damage_healed":0,"gold_gain":0,"player_choice":"Got Potions","damage_taken":0,"max_hp_gain":0,"max_hp_loss":0,"event_name":"Lab","floor":19,"gold_loss":0},{"damage_healed":0,"gold_gain":99,"player_choice":"Stole From Cult","damage_taken":0,"max_hp_gain":0,"max_hp_loss":0,"event_name":"Nest","floor":24,"gold_loss":0},{"damage_healed":0,"gold_gain":0,"player_choice":"Fight","damage_taken":0,"max_hp_gain":0,"max_hp_loss":0,"event_name":"Colosseum","floor":28,"gold_loss":0},{"damage_healed":0,"gold_gain":0,"player_choice":"Fought Nobs","damage_taken":0,"max_hp_gain":0,"max_hp_loss":0,"event_name":"Colosseum","floor":28,"gold_loss":0},{"damage_healed":0,"gold_gain":0,"player_choice":"","damage_taken":6,"max_hp_gain":0,"max_hp_loss":0,"event_name":"Knowing Skull","floor":30,"potions_obtained":[],"gold_loss":0,"cards_obtained":[]}],"is_beta":false,"boss_relics":[{"not_picked":["SlaversCollar","Pandora\u0027s Box"],"picked":"HoveringKite"}],"items_purged_floors":[],"is_endless":false,"potions_floor_spawned":[3,6,16,18,20,21,25,27],"killed_by":"Automaton","ascension_level":1}}