{"host":"mvk4cyf8p31hksyn","time":1613500497,"event":{"mods":["BaseMod","Block Reminder","Colored Map","Highlight Path","Minty Spire (QoL Compilation)","Relic Sorter"],"gold_per_floor":[13,29,29,29,44,44,89,89,113,147,176,203,203,203,203,335,335,367,385,300,321,344,344,383,104,152,205,205,240,240,273,273,412,412,439,151,172,190,216,252,252,273,298,316,337,337,353,398,398,398,398,398,104,139,139],"floor_reached":56,"language":"ENG","playtime":3614,"items_purged":["Strike_R","Defend_R","Defend_R"],"score":1325,"play_id":"79dcb780-d615-4517-9284-1306cfc268ef","local_time":"20210216193457","is_ascension_mode":true,"campfire_choices":[{"data":"Bash","floor":6.0,"key":"SMITH"},{"data":"Dual Wield","floor":8.0,"key":"SMITH"},{"floor":13.0,"key":"REST"},{"floor":15.0,"key":"REST"},{"data":"Rage","floor":23.0,"key":"SMITH"},{"data":"Armaments","floor":30.0,"key":"SMITH"},{"floor":32,"key":"REST"},{"data":"Limit Break","floor":41,"key":"SMITH"},{"floor":46,"key":"RECALL"},{"data":"True Grit","floor":49,"key":"SMITH"},{"data":"Double Tap","floor":52,"key":"SMITH"}],"circlet_count":0,"master_deck":["Bash+1","Dropkick","Rage+1","Dual Wield+1","Disarm","Inflame","Double Tap+1","Battle Trance","Entrench","Burning Pact+1","Headbutt","Flash of Steel","Armaments+1","True Grit+1","Limit Break+1","Dark Embrace+1","Thunderclap","Trip+1","Flash of Steel","Bloodletting"],"relics":["Burning Blood","Golden Idol","CeramicFish","Omamori","Charon\u0027s Ashes","Black Star","Centennial Puzzle","Frozen Egg 2","Bronze Scales","Anchor","White Beast Statue","Unceasing Top","Pantograph","Cursed Key","Vajra","Red Skull","Paper Frog","Ancient Tea Set","War Paint","The Courier","Ornamental Fan","Bottled Tornado","Bag of Marbles","Orichalcum"],"acts_visited":["Exordium","TheCity","TheBeyond","TheEnding"],"potions_floor_usage":[40],"damage_taken":[{"damage":4.0,"enemies":"2 Louse","floor":1.0,"turns":3.0},{"damage":12.0,"enemies":"Small Slimes","floor":2.0,"turns":5.0},{"damage":6.0,"enemies":"Jaw Worm","floor":5.0,"turns":3.0},{"damage":20.0,"enemies":"Gremlin Nob","floor":7.0,"turns":4.0},{"damage":29.0,"enemies":"3 Sentries","floor":10.0,"turns":9.0},{"damage":12.0,"enemies":"Blue Slaver","floor":11.0,"turns":3.0},{"damage":9.0,"enemies":"Large Slime","floor":12.0,"turns":8.0},{"damage":39.0,"enemies":"The Guardian","floor":16.0,"turns":10.0},{"damage":13.0,"enemies":"Chosen","floor":18.0,"turns":5.0},{"damage":25.0,"enemies":"Spheric Guardian","floor":21.0,"turns":5.0},{"damage":13.0,"enemies":"Snecko","floor":22.0,"turns":5.0},{"damage":9.0,"enemies":"Slavers","floor":24.0,"turns":3.0},{"damage":31.0,"enemies":"Book of Stabbing","floor":27.0,"turns":4.0},{"damage":12.0,"enemies":"Gremlin Leader","floor":29.0,"turns":5.0},{"damage":23,"enemies":"3 Cultists","floor":31,"turns":5},{"damage":2,"enemies":"Champ","floor":33,"turns":8},{"damage":3,"enemies":"Orb Walker","floor":35,"turns":4},{"damage":19,"enemies":"3 Darklings","floor":37,"turns":3},{"damage":13,"enemies":"Nemesis","floor":40,"turns":5},{"damage":5,"enemies":"4 Shapes","floor":42,"turns":3},{"damage":10,"enemies":"Spire Growth","floor":44,"turns":3},{"damage":9,"enemies":"Sphere and 2 Shapes","floor":45,"turns":5},{"damage":0,"enemies":"4 Shapes","floor":47,"turns":3},{"damage":0,"enemies":"Giant Head","floor":48,"turns":5},{"damage":23,"enemies":"Donu and Deca","floor":50,"turns":5},{"damage":9,"enemies":"Shield and Spear","floor":54,"turns":3},{"damage":51,"enemies":"The Heart","floor":55,"turns":5}],"seed_played":"1779435414648341554","potions_obtained":[{"floor":1.0,"key":"SkillPotion"},{"floor":5.0,"key":"LiquidBronze"},{"floor":7.0,"key":"Dexterity Potion"},{"floor":11.0,"key":"SpeedPotion"},{"floor":16.0,"key":"Energy Potion"},{"floor":21.0,"key":"PowerPotion"},{"floor":29.0,"key":"Swift Potion"},{"floor":31,"key":"HeartOfIron"},{"floor":33,"key":"Energy Potion"},{"floor":40,"key":"Block Potion"},{"floor":44,"key":"Swift Potion"},{"floor":48,"key":"EntropicBrew"}],"is_trial":false,"path_per_floor":["M","M","?","$","M","R","E","R","T","E","M","M","R","?","R","B",null,"M","?","?","M","M","R","E","$","T","E","?","E","R","M","R","B",null,"M","$","M","?","T","E","R","M","T","M","M","R","M","E","R","B",null,"R","$","E","B",null],"character_chosen":"IRONCLAD","items_purchased":["Flash of Steel","Strength Potion","Regen Potion","Vajra","Thunderclap","Bottled Tornado"],"campfire_rested":3,"item_purchase_floors":[25,25,25,36,36,53],"current_hp_per_floor":[80,74,54,54,54,54,40,40,40,17,11,8,32,25,49,16,80,73,73,73,54,47,47,44,44,44,33,33,27,27,10,34,63,80,80,80,67,57,57,50,50,51,51,47,44,44,50,56,56,63,80,80,80,77,35],"gold":139,"neow_bonus":"REMOVE_TWO","is_daily":false,"chose_seed":false,"campfire_upgraded":7,"win_rate":0.0,"timestamp":1613500497,"path_taken":["M","M","?","$","M","R","E","R","T","E","M","M","R","?","R","BOSS","M","?","?","M","M","R","E","$","T","E","?","E","R","M","R","BOSS","M","$","M","?","?","E","R","M","T","?","M","R","M","E","R","BOSS","R","$","E","BOSS"],"items_purchased_type":["Card","Potion","Potion","Relic","Card","Relic"],"build_version":"2020-12-22","purchased_purges":3,"victory":true,"max_hp_per_floor":[80,80,80,80,80,80,80,80,80,80,80,80,80,80,80,80,80,80,80,80,80,80,80,80,80,80,80,80,80,80,80,80,80,80,80,80,80,80,80,80,80,80,80,80,80,80,80,80,80,80,80,80,80,80,80],"card_choices":[{"not_picked":["Fire Breathing","Intimidate"],"picked":"Dropkick","floor":1.0},{"not_picked":["Sword Boomerang","Perfected Strike"],"picked":"Rage","floor":2.0},{"not_picked":["Clash","Rampage","Body Slam"],"picked":"SKIP","floor":5.0},{"not_picked":["Fire Breathing","Searing Blow"],"picked":"Dual Wield","floor":7.0},{"not_picked":["Wild Strike","Reckless Charge","Clash"],"picked":"SKIP","floor":10.0},{"not_picked":["Flex","Thunderclap"],"picked":"Disarm","floor":11.0},{"not_picked":["Sever Soul","Shrug It Off"],"picked":"Inflame","floor":12.0},{"not_picked":["Bludgeon","Reaper"],"picked":"Double Tap","floor":16.0},{"not_picked":["Twin Strike+1","Power Through+1"],"picked":"Battle Trance","floor":18.0},{"not_picked":["Iron Wave","Searing Blow","Pummel+1"],"picked":"SKIP","floor":21.0},{"not_picked":["Evolve+1","Havoc"],"picked":"Headbutt","floor":22.0},{"not_picked":["Iron Wave+1","Flex","Sentinel"],"picked":"SKIP","floor":24.0},{"not_picked":["Reckless Charge","Flex"],"picked":"Armaments","floor":27.0},{"not_picked":["Blood for Blood","Rampage","Demon Form+1"],"picked":"SKIP","floor":29.0},{"not_picked":["Anger+1","Warcry+1"],"picked":"True Grit","floor":31},{"not_picked":["Brutality+1","Impervious"],"picked":"Limit Break","floor":33},{"not_picked":["True Grit","Sword Boomerang"],"picked":"Dark Embrace+1","floor":35},{"not_picked":["Uppercut","Perfected Strike","Feel No Pain+1"],"picked":"SKIP","floor":37},{"not_picked":["Discovery","Good Instincts"],"picked":"Trip","floor":38},{"not_picked":["Chrysalis","PanicButton"],"picked":"Flash of Steel","floor":38},{"not_picked":["Shrug It Off+1","Armaments","Flex+1"],"picked":"SKIP","floor":40},{"not_picked":["Iron Wave+1","Heavy Blade","Evolve+1"],"picked":"SKIP","floor":42},{"not_picked":["Blood for Blood+1","Feel No Pain+1","True Grit"],"picked":"SKIP","floor":44},{"not_picked":["Blood for Blood+1","Juggernaut+1","Iron Wave+1"],"picked":"SKIP","floor":45},{"not_picked":["Thunderclap+1","Perfected Strike","Flex"],"picked":"SKIP","floor":47},{"not_picked":["Wild Strike+1","Shockwave"],"picked":"Bloodletting","floor":48},{"not_picked":["Headbutt","Spot Weakness+1","Body Slam+1"],"picked":"SKIP","floor":54}],"player_experience":860768,"relics_obtained":[{"floor":7.0,"key":"CeramicFish"},{"floor":9.0,"key":"Omamori"},{"floor":10.0,"key":"Charon\u0027s Ashes"},{"floor":24.0,"key":"Frozen Egg 2"},{"floor":24.0,"key":"Bronze Scales"},{"floor":27.0,"key":"Anchor"},{"floor":27.0,"key":"White Beast Statue"},{"floor":29.0,"key":"Unceasing Top"},{"floor":29.0,"key":"Pantograph"},{"floor":39,"key":"Red Skull"},{"floor":40,"key":"Paper Frog"},{"floor":40,"key":"Ancient Tea Set"},{"floor":43,"key":"War Paint"},{"floor":48,"key":"The Courier"},{"floor":48,"key":"Ornamental Fan"},{"floor":54,"key":"Bag of Marbles"},{"floor":54,"key":"Orichalcum"}],"event_choices":[{"damage_healed":0.0,"max_hp_gain":0.0,"max_hp_loss":0.0,"gold_gain":0.0,"event_name":"Golden Idol","player_choice":"Take Damage","floor":3.0,"gold_loss":0.0,"damage_taken":20.0,"relics_obtained":["Golden Idol"]},{"cards_removed":["Strike_R"],"damage_healed":0.0,"max_hp_gain":0.0,"max_hp_loss":0.0,"gold_gain":0.0,"event_name":"Golden Wing","player_choice":"Card Removal","floor":14.0,"gold_loss":0.0,"damage_taken":7.0},{"damage_healed":0.0,"max_hp_gain":0.0,"max_hp_loss":0.0,"gold_gain":0.0,"cards_transformed":["Strike_R","Defend_R"],"event_name":"Drug Dealer","player_choice":"Became Test Subject","floor":19.0,"gold_loss":0.0,"damage_taken":0.0,"cards_obtained":["Entrench","Burning Pact"]},{"damage_healed":0.0,"max_hp_gain":0.0,"max_hp_loss":0.0,"gold_gain":0.0,"event_name":"Addict","player_choice":"Obtained Relic","floor":20.0,"gold_loss":85.0,"damage_taken":0.0,"relics_obtained":["Centennial Puzzle"]},{"cards_removed":["Strike_R"],"damage_healed":0.0,"max_hp_gain":0.0,"max_hp_loss":0.0,"gold_gain":0.0,"event_name":"Back to Basics","player_choice":"Elegance","floor":28.0,"gold_loss":0.0,"damage_taken":0.0},{"damage_healed":0,"gold_gain":0,"player_choice":"Memory 3","damage_taken":10,"max_hp_gain":0,"max_hp_loss":0,"event_name":"SensoryStone","floor":38,"gold_loss":0}],"is_beta":false,"boss_relics":[{"not_picked":["SlaversCollar","Snecko Eye"],"picked":"Black Star"},{"not_picked":["Coffee Dripper","Busted Crown"],"picked":"Cursed Key"}],"items_purged_floors":[25,36,53],"is_endless":false,"potions_floor_spawned":[1,5,7,11,16,21,29,31,33,35,37,40,42,44,45,47,48,54],"ascension_level":1}}