{"host":"l2lylj0omvglf5x0","time":1613471724,"event":{"mods":["2.2 Compatiblity","BaseMod","Bestiary","Block Reminder","Colored Map","Colored Powertips","Curses Come First","Highlight Path","Keyboard Shortcuts","Minty Spire (QoL Compilation)","Relic Sorter","Relic Stats","Slay the Relics Exporter","StSLib","SuperFastMode"],"gold_per_floor":[115,127,145,220,239,273,284,284,284,284,305,337,348,348,348],"floor_reached":14,"language":"ENG","playtime":589,"items_purged":[],"score":107,"play_id":"06426e7c-d733-4771-95a1-140ec5a4ee18","local_time":"20210216113524","is_ascension_mode":true,"campfire_choices":[{"floor":8,"key":"REST"}],"circlet_count":0,"master_deck":["Strike_P","Strike_P","Strike_P","Strike_P","Defend_P","Defend_P","Defend_P","Defend_P","Eruption","Vigilance","Normality","Apotheosis","ThirdEye","FlurryOfBlows","BattleHymn","Establishment","FollowUp","FlurryOfBlows","CrushJoints","Tantrum"],"relics":["PureWater","Nunchaku","Omamori","Odd Mushroom","Blood Vial"],"acts_visited":["Exordium"],"potions_floor_usage":[3,11,11,12,14],"damage_taken":[{"damage":0,"enemies":"Small Slimes","floor":1,"turns":4},{"damage":3,"enemies":"Jaw Worm","floor":2,"turns":2},{"damage":0,"enemies":"2 Louse","floor":3,"turns":4},{"damage":14,"enemies":"Blue Slaver","floor":5,"turns":4},{"damage":8,"enemies":"3 Sentries","floor":6,"turns":5},{"damage":11,"enemies":"Large Slime","floor":7,"turns":6},{"damage":6,"enemies":"The Mushroom Lair","floor":11,"turns":3},{"damage":10,"enemies":"Lagavulin","floor":12,"turns":6},{"damage":0,"enemies":"Looter","floor":13,"turns":2},{"damage":45,"enemies":"Gremlin Nob","floor":14,"turns":4}],"seed_played":"-9167240313305660154","potions_obtained":[{"floor":1,"key":"Swift Potion"},{"floor":5,"key":"SkillPotion"},{"floor":7,"key":"Weak Potion"},{"floor":11,"key":"SpeedPotion"},{"floor":12,"key":"ColorlessPotion"}],"is_trial":false,"path_per_floor":["M","M","M","?","M","E","M","R","T","?","?","E","M","E"],"character_chosen":"WATCHER","items_purchased":[],"campfire_rested":1,"item_purchase_floors":[],"current_hp_per_floor":[72,69,69,58,44,36,25,46,46,51,45,35,37,0,0],"gold":348,"neow_bonus":"RANDOM_COLORLESS_2","is_daily":false,"chose_seed":false,"campfire_upgraded":0,"win_rate":0.0,"timestamp":1613471724,"path_taken":["M","M","M","?","M","E","M","R","T","?","?","E","M","E"],"items_purchased_type":[],"build_version":"2020-12-22","purchased_purges":0,"victory":false,"max_hp_per_floor":[72,72,72,72,72,72,72,72,72,77,77,77,77,77,77],"relic_stats":{"Blood Vial":4,"Nunchaku":[3],"counters":[10,40],"obtain_stats":[{"Blood Vial":12,"Nunchaku":6,"Omamori":9,"PureWater":0,"Odd Mushroom":11},{"Blood Vial":8,"Nunchaku":5,"Omamori":6,"PureWater":0,"Odd Mushroom":7},{"Blood Vial":34,"Nunchaku":19,"Omamori":25,"PureWater":0,"Odd Mushroom":28}]},"card_choices":[{"not_picked":["Transmutation","Master of Strategy"],"picked":"Apotheosis","floor":0},{"not_picked":["BowlingBash","Evaluate"],"picked":"ThirdEye","floor":1},{"not_picked":["WheelKick","Prostrate"],"picked":"FlurryOfBlows","floor":2},{"not_picked":["EmptyBody","SashWhip"],"picked":"BattleHymn","floor":3},{"not_picked":["Nirvana","BattleHymn"],"picked":"Establishment","floor":5},{"not_picked":["ClearTheMind","Halt"],"picked":"FollowUp","floor":6},{"not_picked":["ThirdEye","Halt"],"picked":"FlurryOfBlows","floor":7},{"not_picked":["Halt","Brilliance"],"picked":"CrushJoints","floor":11},{"not_picked":["Protect","Crescendo"],"picked":"Tantrum","floor":12},{"not_picked":["ClearTheMind","FollowUp","Tantrum"],"picked":"SKIP","floor":13}],"player_experience":948505,"relics_obtained":[{"floor":6,"key":"Nunchaku"},{"floor":9,"key":"Omamori"},{"floor":11,"key":"Odd Mushroom"},{"floor":12,"key":"Blood Vial"}],"event_choices":[{"damage_healed":0,"gold_gain":75,"player_choice":"Gather Gold","damage_taken":11,"max_hp_gain":0,"max_hp_loss":0,"event_name":"World of Goop","floor":4,"gold_loss":0},{"damage_healed":0,"gold_gain":0,"player_choice":"Donut","damage_taken":0,"max_hp_gain":5,"max_hp_loss":0,"event_name":"Big Fish","floor":10,"gold_loss":0},{"damage_healed":0,"gold_gain":0,"player_choice":"Fought Mushrooms","damage_taken":0,"max_hp_gain":0,"max_hp_loss":0,"event_name":"Mushrooms","floor":11,"gold_loss":0}],"is_beta":false,"boss_relics":[],"items_purged_floors":[],"is_endless":false,"potions_floor_spawned":[1,5,7,11,12],"killed_by":"Gremlin Nob","ascension_level":1}}