{"host":"gg","time":1613446394,"event":{"mods":["BaseMod","Colored Map","Googly Eyes","Minty Spire (QoL Compilation)","Relic Stats","The IronCluck"],"gold_per_floor":[119,119,133,149,149,182,182,37,107,107,135,145,170,185,185,185,185],"floor_reached":16,"language":"ENG","playtime":626,"items_purged":[],"score":440,"play_id":"ddb39ff7-203c-4abf-9a16-62f007f15bc4","local_time":"20210215193314","is_ascension_mode":true,"campfire_choices":[{"floor":7.0,"key":"REST"},{"floor":15,"key":"REST"}],"circlet_count":0,"master_deck":["AscendersBane","Strike_P","Strike_P","Strike_P","Strike_P","Defend_P","Defend_P","Defend_P","Defend_P","Eruption","Vigilance","FearNoEvil","FlyingSleeves","Judgement+1","LessonLearned","Regret","EmptyFist+1","Vengeance","Sanctity"],"relics":["Cursed Key","PreservedInsect","Shuriken","Frozen Egg 2","Molten Egg 2","StrikeDummy","Happy Flower"],"acts_visited":["Exordium"],"potions_floor_usage":[16,16],"damage_taken":[{"damage":2.0,"enemies":"Cultist","floor":1.0,"turns":3.0},{"damage":9.0,"enemies":"Jaw Worm","floor":3.0,"turns":4.0},{"damage":0.0,"enemies":"2 Louse","floor":4.0,"turns":3.0},{"damage":5.0,"enemies":"Lagavulin","floor":6.0,"turns":5.0},{"damage":5.0,"enemies":"3 Sentries","floor":11.0,"turns":5.0},{"damage":6.0,"enemies":"Red Slaver","floor":12.0,"turns":3.0},{"damage":0,"enemies":"Gremlin Nob","floor":13,"turns":2},{"damage":3,"enemies":"3 Louse","floor":14,"turns":2},{"damage":36,"enemies":"The Guardian","floor":16,"turns":4}],"seed_played":"-5271065395521091615","potions_obtained":[{"floor":1.0,"key":"SkillPotion"},{"floor":11.0,"key":"Strength Potion"},{"floor":12,"key":"EssenceOfSteel"},{"floor":13,"key":"Swift Potion"}],"is_trial":false,"path_per_floor":["M","$","M","M","?","E","R","$","T","?","E","M","E","M","R","B"],"character_chosen":"WATCHER","items_purchased":["LessonLearned","Block Potion"],"campfire_rested":2,"item_purchase_floors":[8,8],"current_hp_per_floor":[59,59,50,50,15,10,30,30,30,30,25,19,19,16,36,0,0],"gold":185,"neow_bonus":"BOSS_RELIC","is_daily":false,"chose_seed":false,"campfire_upgraded":0,"win_rate":0.0,"timestamp":1613446394,"path_taken":["M","$","M","M","?","E","R","$","T","?","E","M","E","M","R","BOSS"],"items_purchased_type":["Card","Potion"],"build_version":"2020-12-18","purchased_purges":0,"victory":false,"max_hp_per_floor":[68,68,68,68,68,68,68,68,68,68,68,68,68,68,68,68,68],"relic_stats":{"Happy Flower":[2],"counters":[9,31],"Shuriken":[4],"PreservedInsect":84,"Cursed Key":1,"obtain_stats":[{"Happy Flower":13,"Shuriken":6,"Molten Egg 2":10,"PreservedInsect":5,"PureWater":0,"Frozen Egg 2":9,"Cursed Key":0,"StrikeDummy":11},{"Happy Flower":7,"Shuriken":4,"Molten Egg 2":4,"PreservedInsect":3,"PureWater":0,"Frozen Egg 2":4,"Cursed Key":0,"StrikeDummy":5},{"Happy Flower":25,"Shuriken":15,"Molten Egg 2":15,"PreservedInsect":10,"PureWater":0,"Frozen Egg 2":15,"Cursed Key":0,"StrikeDummy":20}]},"card_choices":[{"not_picked":["LikeWater","EmptyFist"],"picked":"FearNoEvil","floor":1.0},{"not_picked":["WaveOfTheHand","ThirdEye"],"picked":"FlyingSleeves","floor":3.0},{"not_picked":["Halt","LikeWater","PathToVictory"],"picked":"SKIP","floor":4.0},{"not_picked":["SashWhip","Evaluate"],"picked":"Judgement","floor":6.0},{"not_picked":["Halt","SashWhip+1"],"picked":"EmptyFist+1","floor":11.0},{"not_picked":["ClearTheMind","Meditate"],"picked":"Vengeance","floor":12},{"not_picked":["Nirvana+1","Judgement"],"picked":"Sanctity","floor":13},{"not_picked":["FearNoEvil+1","Worship","Evaluate"],"picked":"SKIP","floor":14}],"player_experience":1338926,"relics_obtained":[{"floor":6.0,"key":"Shuriken"},{"floor":9.0,"key":"Frozen Egg 2"},{"floor":10.0,"key":"Molten Egg 2"},{"floor":11.0,"key":"StrikeDummy"},{"floor":13,"key":"Happy Flower"}],"event_choices":[{"damage_healed":0.0,"max_hp_gain":0.0,"max_hp_loss":0.0,"gold_gain":0.0,"event_name":"Scrap Ooze","player_choice":"Success","floor":5.0,"gold_loss":0.0,"damage_taken":35.0,"relics_obtained":["PreservedInsect"]},{"damage_healed":0.0,"max_hp_gain":0.0,"max_hp_loss":0.0,"gold_gain":0.0,"event_name":"Wheel of Change","player_choice":"Relic","floor":10.0,"gold_loss":0.0,"damage_taken":0.0}],"is_beta":true,"boss_relics":[],"items_purged_floors":[],"is_endless":false,"potions_floor_spawned":[1,11,12,13,14],"killed_by":"The Guardian","ascension_level":20}}