{"host":"51qmnr9isyv85d0p","time":1613475232,"event":{"mods":["AchievementEnabler","BaseMod","Colored Map","Colored Powertips","Curses Come First","Downfall","Minty Spire (QoL Compilation)","Red Circlet Mod","Relic Stats","StSLib","TestMod"],"gold_per_floor":[99,118,129,27900,26892,26912,26912,26912,26940,26940,26968,27368,27398,27120,27136,27239,27239,27239,27251,26229,26229,26244,26244,26244,26275,25427,25460,25476,25492,25502,24481,24491,24596,24596,24596,24613,24633,24653,24669,24669,24696,24696,24596,24610,24621,23919,23919,23946,23846,23846],"floor_reached":51,"language":"ZHS","playtime":2124,"items_purged":["downfall:Haunted","bronze:Defend","bronze:Strike","bronze:Defend","bronze:Strike","bronze:Defend"],"score":1343,"play_id":"621b4a58-7b0e-45d2-8246-3bcb34649069","local_time":"20210216193352","is_ascension_mode":true,"campfire_choices":[{"data":"bronze:Replicate","floor":1,"key":"SMITH"},{"data":"bronze:DelayedSlice","floor":10,"key":"SMITH"},{"data":"bronze:DelayedSlice","floor":18,"key":"SMITH"},{"data":"bronze:InfiniteBeams","floor":23,"key":"SMITH"},{"data":"bronze:InfiniteLoop","floor":35,"key":"SMITH"},{"data":"bronze:DelayedSlice","floor":40,"key":"SMITH"},{"data":"bronze:DelayedSlice","floor":43,"key":"SMITH"},{"data":"bronze:DelayedSlice","floor":49,"key":"SMITH"}],"circlet_count":0,"master_deck":["bronze:Strike+1","bronze:Strike","bronze:Defend","bronze:Replicate+1","bronze:Goto+1","bronze:BitShift+1","bronze:DelayedSlice+1","downfall:Icky","bronze:DelayedSlice+1","bronze:DelayedSlice+1","bronze:TinkerersToolbox","bronze:DelayedSlice+1","bronze:InfiniteBeams+1","bronze:DelayedSlice+1","expansioncontent:InvincibleStrength+1","bronze:DelayedSlice+1","bronze:InfiniteLoop+1","bronze:DelayedSlice+1","bronze:Replicate+1"],"relics":["bronze:BronzeCore","testmod-ThousandKnives","champ:DeflectingBracers","testmod-InfectionSource","Sundial","Toolbox","testmod-HeartOfStrike","bronze:BottledCode","Bag of Marbles","Bottled Lightning","Gremlin Horn","Whetstone","War Paint","TheAbacus","testmod-IncinerationGenerator","testmod-Justice","Mercury Hourglass","Strange Spoon","testmod-CasingShield","Dream Catcher","Boot","Potion Belt","testmod-Register","Anchor","testmod-EqualTreatment","testmod-ObsoleteBoomerang","HandDrill","Philosopher\u0027s Stone","downfall:HeartBlessingBlue","Pen Nib","Juzu Bracelet","DollysMirror","Pantograph","InkBottle","downfall:HeartBlessingGreen"],"acts_visited":["Exordium","TheCity","TheBeyond"],"potions_floor_usage":[19,20,20,30,38,50,50,50,50,50,50,50,50],"damage_taken":[{"damage":3,"enemies":"2 Louse","floor":2,"turns":2},{"damage":2,"enemies":"Jaw Worm","floor":3,"turns":2},{"damage":0,"enemies":"downfall:FleeingMerchant","floor":5,"turns":4},{"damage":0,"enemies":"Cultist","floor":6,"turns":2},{"damage":0,"enemies":"3 Sentries","floor":9,"turns":2},{"damage":0,"enemies":"Gremlin Nob","floor":11,"turns":1},{"damage":0,"enemies":"Lagavulin","floor":13,"turns":3},{"damage":0,"enemies":"downfall:FleeingMerchant","floor":14,"turns":3},{"damage":0,"enemies":"Blue Slaver","floor":15,"turns":2},{"damage":0,"enemies":"IC_STATUS_ARCHETYPE","floor":16,"turns":2},{"damage":0,"enemies":"Spheric Guardian","floor":19,"turns":1},{"damage":0,"enemies":"Chosen","floor":22,"turns":3},{"damage":2,"enemies":"Book of Stabbing","floor":25,"turns":2},{"damage":0,"enemies":"Gremlin Leader","floor":27,"turns":2},{"damage":0,"enemies":"Centurion and Healer","floor":28,"turns":2},{"damage":0,"enemies":"Snake Plant","floor":29,"turns":2},{"damage":0,"enemies":"Snecko","floor":30,"turns":1},{"damage":0,"enemies":"Centurion and Healer","floor":32,"turns":1},{"damage":0,"enemies":"SI_MIRROR_ARCHETYPE","floor":33,"turns":2},{"damage":0,"enemies":"Orb Walker","floor":36,"turns":1},{"damage":0,"enemies":"3 Shapes","floor":37,"turns":1},{"damage":0,"enemies":"Jaw Worm Horde","floor":38,"turns":1},{"damage":0,"enemies":"4 Shapes","floor":39,"turns":1},{"damage":0,"enemies":"Spire Growth","floor":44,"turns":2},{"damage":0,"enemies":"Writhing Mass","floor":45,"turns":1},{"damage":0,"enemies":"Nemesis","floor":48,"turns":2},{"damage":0,"enemies":"WA_ARCHETYPE_DIVINITY","floor":50,"turns":2}],"seed_played":"-8912943840480588519","potions_obtained":[{"floor":6,"key":"AttackPotion"},{"floor":11,"key":"LiquidBronze"},{"floor":19,"key":"Fruit Juice"},{"floor":27,"key":"Swift Potion"},{"floor":30,"key":"testmod-SpacePotion"},{"floor":32,"key":"Dexterity Potion"},{"floor":36,"key":"Strength Potion"},{"floor":38,"key":"testmod-SpacePotion"},{"floor":42,"key":"downfall:CursedFountainPotion"},{"floor":45,"key":"LiquidBronze"}],"is_trial":false,"path_per_floor":["R","M","M","?","$","M","T","?","E","R","E","?","E","$","M","B",null,"R","M","$","?","M","R","T","E","$","E","M","M","M","$","M","B",null,"R","M","M","M","M","R","T","?","R","M","M","$","T","E","R","B",null],"character_chosen":"THE_AUTOMATON","items_purchased":["testmod-InfectionSource","Sundial","Toolbox","bronze:DelayedSlice","GamblersBrew","Energy Potion","CultistPotion","Whetstone","War Paint","TheAbacus","BlessingOfTheForge","testmod-SpacePotion","testmod-SpacePotion","testmod-Justice","Mercury Hourglass","Strange Spoon","Swift Potion","bronze:InfiniteBeams","Boot","Potion Belt","testmod-Register","Explosive Potion","FearPotion","SteroidPotion","expansioncontent:InvincibleStrength+1","testmod-EqualTreatment","testmod-ObsoleteBoomerang","HandDrill","testmod-TimePotion","Pen Nib","Juzu Bracelet","DollysMirror","Strength Potion"],"campfire_rested":0,"item_purchase_floors":[5,5,5,5,5,5,5,14,14,14,14,20,20,20,20,20,20,20,26,26,26,26,26,26,26,31,31,31,31,46,46,46,46],"current_hp_per_floor":[70,67,65,65,65,65,65,60,60,60,60,60,60,60,60,60,60,60,65,65,65,65,65,65,63,63,63,63,63,63,63,63,63,65,65,65,65,65,65,65,65,65,75,75,75,75,75,75,75,75],"gold":23846,"neow_bonus":"ONE_RARE_RELIC","is_daily":false,"chose_seed":false,"campfire_upgraded":8,"win_rate":0.0,"timestamp":1613475232,"path_taken":["R","M","M","?","$","M","T","?","E","R","E","?","E","$","M","BOSS","R","M","$","?","M","R","T","E","$","E","M","M","M","$","M","BOSS","R","M","M","M","M","R","T","?","R","M","M","$","?","E","R","BOSS"],"items_purchased_type":["Relic","Relic","Relic","Card","Potion","Potion","Potion","Relic","Relic","Relic","Potion","Potion","Potion","Relic","Relic","Relic","Potion","Card","Relic","Relic","Relic","Potion","Potion","Potion","Card","Relic","Relic","Relic","Potion","Relic","Relic","Relic","Potion"],"build_version":"2020-12-22","purchased_purges":6,"victory":true,"max_hp_per_floor":[70,70,70,70,70,70,70,60,60,60,60,60,60,60,60,60,60,60,65,65,65,65,65,65,65,65,65,65,65,65,65,65,65,65,65,65,65,65,65,65,65,65,75,75,75,75,75,75,75,75],"relic_stats":{"Gremlin Horn":[12,9],"counters":[27,50],"Pen Nib":[3],"Juzu Bracelet":0,"Whetstone":["bronze:Strike","bronze:DelayedSlice"],"War Paint":["bronze:Goto","bronze:BitShift"],"Boot":[159],"Mercury Hourglass":[95],"Strange Spoon":[14],"Dream Catcher":0,"TheAbacus":[12],"Sundial":[2],"Pantograph":0,"HandDrill":[32],"obtain_stats":[{"testmod-HeartOfStrike":7,"bronze:BronzeCore":0,"Gremlin Horn":13,"testmod-EqualTreatment":31,"testmod-IncinerationGenerator":17,"downfall:HeartBlessingGreen":49,"Juzu Bracelet":46,"Whetstone":14,"Boot":26,"testmod-CasingShield":24,"Dream Catcher":25,"TheAbacus":14,"Sundial":5,"downfall:HeartBlessingBlue":43,"DollysMirror":46,"Pantograph":47,"testmod-ThousandKnives":0,"Toolbox":5,"testmod-ObsoleteBoomerang":31,"Philosopher\u0027s Stone":34,"HandDrill":31,"testmod-InfectionSource":5,"InkBottle":48,"Potion Belt":26,"testmod-TestBox":0,"testmod-Register":26,"champ:DeflectingBracers":0,"Pen Nib":46,"War Paint":14,"testmod-Justice":20,"Mercury Hourglass":20,"bronze:BottledCode":8,"Strange Spoon":20,"Anchor":27,"Bag of Marbles":9,"Bottled Lightning":11},{"testmod-HeartOfStrike":4,"bronze:BronzeCore":0,"Gremlin Horn":7,"testmod-EqualTreatment":17,"testmod-IncinerationGenerator":10,"downfall:HeartBlessingGreen":26,"Juzu Bracelet":25,"Whetstone":8,"Boot":13,"testmod-CasingShield":12,"Dream Catcher":13,"TheAbacus":8,"Sundial":3,"downfall:HeartBlessingBlue":23,"DollysMirror":25,"Pantograph":25,"testmod-ThousandKnives":0,"Toolbox":3,"testmod-ObsoleteBoomerang":17,"Philosopher\u0027s Stone":19,"HandDrill":17,"testmod-InfectionSource":3,"InkBottle":26,"Potion Belt":13,"testmod-TestBox":0,"testmod-Register":13,"champ:DeflectingBracers":0,"Pen Nib":25,"War Paint":8,"testmod-Justice":11,"Mercury Hourglass":11,"bronze:BottledCode":4,"Strange Spoon":11,"Anchor":14,"Bag of Marbles":5,"Bottled Lightning":6},{"testmod-HeartOfStrike":10,"bronze:BronzeCore":0,"Gremlin Horn":16,"testmod-EqualTreatment":36,"testmod-IncinerationGenerator":23,"downfall:HeartBlessingGreen":48,"Juzu Bracelet":46,"Whetstone":19,"Boot":29,"testmod-CasingShield":27,"Dream Catcher":29,"TheAbacus":19,"Sundial":8,"downfall:HeartBlessingBlue":43,"DollysMirror":46,"Pantograph":46,"testmod-ThousandKnives":0,"Toolbox":8,"testmod-ObsoleteBoomerang":36,"Philosopher\u0027s Stone":39,"HandDrill":36,"testmod-InfectionSource":8,"InkBottle":48,"Potion Belt":29,"testmod-TestBox":0,"testmod-Register":29,"champ:DeflectingBracers":0,"Pen Nib":46,"War Paint":19,"testmod-Justice":24,"Mercury Hourglass":24,"bronze:BottledCode":10,"Strange Spoon":24,"Anchor":31,"Bag of Marbles":12,"Bottled Lightning":13}],"InkBottle":[3]},"card_choices":[{"not_picked":["bronze:Iterate","bronze:DigitalCarnage"],"picked":"bronze:BitShift","floor":2},{"not_picked":["bronze:CutThrough","bronze:Turbo"],"picked":"bronze:DelayedSlice","floor":3},{"not_picked":["bronze:Frontload","bronze:CutThrough","bronze:WildBeam"],"picked":"SKIP","floor":5},{"not_picked":["bronze:Overheat","bronze:DelayedGuard"],"picked":"bronze:DelayedSlice","floor":6},{"not_picked":["bronze:Virus","bronze:Repair","bronze:WhirlingStrike"],"picked":"SKIP","floor":9},{"not_picked":["bronze:ForLoop","bronze:Overheat","bronze:BronzeOrb"],"picked":"SKIP","floor":11},{"not_picked":["bronze:Frontload","bronze:Constructor","bronze:OilSpill"],"picked":"SKIP","floor":13},{"not_picked":["bronze:WildBeam","bronze:Frontload","bronze:ForceShield"],"picked":"SKIP","floor":14},{"not_picked":["bronze:Frontload","bronze:Shield","bronze:ChildClass"],"picked":"SKIP","floor":15},{"not_picked":["bronze:AlphaBuild","bronze:RecursiveStrike"],"picked":"bronze:TinkerersToolbox","floor":16},{"not_picked":["bronze:ChosenStrike","bronze:Fortify+1"],"picked":"bronze:DelayedSlice+1","floor":19},{"not_picked":["bronze:FineTuning+1","bronze:Invalidate"],"picked":"bronze:DelayedSlice","floor":22},{"not_picked":["bronze:Refactor+1","bronze:Separator","bronze:FollowUp"],"picked":"SKIP","floor":25},{"not_picked":["bronze:Boost","bronze:Overheat","bronze:Shell"],"picked":"SKIP","floor":27},{"not_picked":["bronze:BuggyMess+1","bronze:Separator+1","bronze:Backtrace"],"picked":"SKIP","floor":28},{"not_picked":["bronze:CloningBeam","bronze:DarkDash+1"],"picked":"bronze:DelayedSlice","floor":29},{"not_picked":["bronze:BitShift","bronze:BronzeArmor+1","bronze:FineTuning"],"picked":"SKIP","floor":30},{"not_picked":["bronze:NullPointer","bronze:BugBarrage","bronze:Shield+1"],"picked":"SKIP","floor":32},{"not_picked":["bronze:Assembly","bronze:Break"],"picked":"bronze:InfiniteLoop","floor":33},{"not_picked":["bronze:NullPointer","bronze:Fortify","bronze:CutThrough+1"],"picked":"SKIP","floor":36},{"not_picked":["bronze:Shield+1","bronze:OilSpill","bronze:Frontload"],"picked":"SKIP","floor":37},{"not_picked":["bronze:DarkDash","bronze:OilSpill"],"picked":"bronze:DelayedSlice","floor":38},{"not_picked":["bronze:Boost","bronze:InfiniteBeams","bronze:Overload+1"],"picked":"SKIP","floor":39},{"not_picked":["bronze:Constructor+1","bronze:Branch","bronze:SpaghettiCode"],"picked":"SKIP","floor":44},{"not_picked":["bronze:WildBeam+1","bronze:FollowUp","bronze:OilSpill+1"],"picked":"SKIP","floor":45},{"not_picked":["bronze:DigitalCarnage","bronze:CutThrough","bronze:Turbo+1"],"picked":"SKIP","floor":48}],"player_experience":88337,"relics_obtained":[{"floor":7,"key":"testmod-HeartOfStrike"},{"floor":9,"key":"Bag of Marbles"},{"floor":11,"key":"Bottled Lightning"},{"floor":13,"key":"Gremlin Horn"},{"floor":24,"key":"testmod-CasingShield"},{"floor":25,"key":"Dream Catcher"},{"floor":27,"key":"Anchor"},{"floor":47,"key":"Pantograph"},{"floor":48,"key":"InkBottle"}],"event_choices":[{"damage_healed":0,"gold_gain":400,"player_choice":"Sell","damage_taken":0,"max_hp_gain":0,"max_hp_loss":0,"event_name":"¶÷ÂåË¹µÄÅÌ×Ó","floor":12,"relics_lost":["testmod-TestBox"],"gold_loss":0}],"is_beta":false,"boss_relics":[{"not_picked":["testmod-Recursion","expansioncontent:StudyCardRelic"],"picked":"testmod-IncinerationGenerator"},{"not_picked":["bronze:PlatinumCore","testmod-DeterminationOfClimber"],"picked":"Philosopher\u0027s Stone"}],"items_purged_floors":[5,14,20,26,31,46],"is_endless":false,"potions_floor_spawned":[6,11,13,15,19,27,30,32,36,38,39,45],"ascension_level":3}}