{"host":"yqztwemefsbhfep8","time":1613452317,"event":{"mods":["BaseMod","Downfall","Hermit","Minty Spire (QoL Compilation)","StSLib"],"gold_per_floor":[99,117,117,128,146,162,185,220,238,88,114,126,26,37,50,153,153,53,64,64,74,174,243,268,268,318,352,413,63,63,77,97,198,198,198,212,232,282,382,382,452,452,124,152,166,216,128,153,183,195,207,251,18,18,18,18,18,18],"floor_reached":56,"language":"ENG","playtime":3336,"items_purged":["Parasite"],"score":815,"play_id":"9e90f4c8-6a49-45ee-a066-4d22a586ec84","local_time":"20210215211157","is_ascension_mode":false,"campfire_choices":[{"data":"Slimebound:Split","floor":1.0,"key":"SMITH"},{"floor":13.0,"key":"RECALL"},{"data":"Slimebound:TagTeam","floor":18.0,"key":"SMITH"},{"floor":25.0,"key":"REST"},{"floor":30.0,"key":"REST"},{"data":"1","floor":35.0,"key":"LIFT"},{"data":"Slimebound:Repurpose","floor":40.0,"key":"SMITH"},{"floor":47,"key":"REST"},{"data":"2","floor":54,"key":"LIFT"}],"circlet_count":0,"master_deck":["Slimebound:Strike_Slimebound","Slimebound:Strike_Slimebound+1","Slimebound:Strike_Slimebound","Slimebound:Tackle","Slimebound:Defend_Slimebound","Slimebound:Defend_Slimebound","Slimebound:Defend_Slimebound","Slimebound:Defend_Slimebound","Slimebound:Split+1","Slimebound:CorrosiveSpit+1","Slimebound:BestDefense","Slimebound:Nibble+1","Slimebound:SplitAcid","Slimebound:MinionMaster","Slimebound:Prepare","Slimebound:Repurpose+1","Slimebound:SplitBruiser","Slimebound:LeadByExample","Slimebound:TagTeam+1","Evolve","Slimebound:ProtectTheBoss","Slimebound:Prepare","Slimebound:FlameTackle","Slimebound:LeadByExample","Slimebound:DouseInSlime","CurseOfTheBell","Slimebound:Equalize+1","Slimebound:SlimeTap+1","Slimebound:Prepare+1","Slimebound:LevelUp+1"],"relics":["Slimebound:AbsorbEndCombat","Boot","PreservedInsect","Whetstone","downfall:HeartBlessingGreen","Busted Crown","downfall:HeartBlessingRed","downfall:CloakOfManyFaces","CultistMask","FaceOfCleric","NlothsMask","GremlinMask","SsserpentHead","Strawberry","Regal Pillow","Calling Bell","Art of War","Mercury Hourglass","Girya","Thread and Needle","Mummified Hand","Bottled Lightning","MawBank","downfall:HeartBlessingBlue","Orichalcum","Toy Ornithopter"],"acts_visited":["Exordium","TheCity","TheBeyond","TheEnding"],"potions_floor_usage":[45,50,50,55,56,56],"damage_taken":[{"damage":11.0,"enemies":"Small Slimes","floor":2.0,"turns":3.0},{"damage":5.0,"enemies":"Cultist","floor":4.0,"turns":3.0},{"damage":3.0,"enemies":"2 Louse","floor":5.0,"turns":1.0},{"damage":18.0,"enemies":"Gremlin Gang","floor":6.0,"turns":4.0},{"damage":25.0,"enemies":"Lagavulin","floor":8.0,"turns":5.0},{"damage":11.0,"enemies":"Large Slime","floor":9.0,"turns":5.0},{"damage":20.0,"enemies":"3 Sentries","floor":11.0,"turns":3.0},{"damage":6.0,"enemies":"Exordium Wildlife","floor":12.0,"turns":4.0},{"damage":14.0,"enemies":"Gremlin Gang","floor":14.0,"turns":3.0},{"damage":11.0,"enemies":"2 Fungi Beasts","floor":15.0,"turns":3.0},{"damage":32.0,"enemies":"DF_ARCHETYPE_STREAMLINE","floor":16.0,"turns":9.0},{"damage":46.0,"enemies":"downfall:LooterAlt2","floor":19.0,"turns":4.0},{"damage":7.0,"enemies":"Shell Parasite","floor":21.0,"turns":3.0},{"damage":3.0,"enemies":"downfall:FaceTrader","floor":22.0,"turns":6.0},{"damage":5.0,"enemies":"Snake Plant","floor":23.0,"turns":3.0},{"damage":39.0,"enemies":"Gremlin Leader","floor":27.0,"turns":5.0},{"damage":14.0,"enemies":"Centurion and Healer","floor":28.0,"turns":5.0},{"damage":3.0,"enemies":"downfall:FleeingMerchant","floor":29.0,"turns":4.0},{"damage":30.0,"enemies":"Sentry and Sphere","floor":31.0,"turns":5.0},{"damage":11.0,"enemies":"Snecko","floor":32.0,"turns":3.0},{"damage":27.0,"enemies":"WA_ARCHETYPE_CALM","floor":33.0,"turns":9.0},{"damage":4.0,"enemies":"Orb Walker","floor":36.0,"turns":4.0},{"damage":35.0,"enemies":"3 Darklings","floor":37.0,"turns":6.0},{"damage":3.0,"enemies":"3 Darklings","floor":39.0,"turns":4.0},{"damage":3.0,"enemies":"Writhing Mass","floor":42.0,"turns":4.0},{"damage":8.0,"enemies":"downfall:FleeingMerchant","floor":43.0,"turns":4.0},{"damage":3.0,"enemies":"Nemesis","floor":44.0,"turns":3.0},{"damage":20,"enemies":"Spire Growth","floor":45,"turns":4},{"damage":3,"enemies":"Transient","floor":48,"turns":5},{"damage":0,"enemies":"Sphere and 2 Shapes","floor":49,"turns":4},{"damage":28,"enemies":"IC_BLOCK_ARCHETYPE","floor":50,"turns":9},{"damage":14,"enemies":"downfall:CharBossMerchant","floor":52,"turns":5},{"damage":59,"enemies":"downfall:NeowBoss","floor":55,"turns":9},{"damage":97,"enemies":"downfall:NeowBossFinal","floor":56,"turns":8}],"seed_played":"-8427375166737125881","potions_obtained":[{"floor":4.0,"key":"EssenceOfSteel"},{"floor":5.0,"key":"hexamod:SoulburnPotion"},{"floor":8.0,"key":"LiquidMemories"},{"floor":15.0,"key":"Strength Potion"},{"floor":16.0,"key":"AttackPotion"},{"floor":21.0,"key":"SmokeBomb"},{"floor":28.0,"key":"Strength Potion"},{"floor":32.0,"key":"Swift Potion"},{"floor":36.0,"key":"Explosive Potion"},{"floor":44.0,"key":"Slimebound:SlimedPotion"},{"floor":45,"key":"Strength Potion"},{"floor":48,"key":"PowerPotion"}],"is_trial":false,"path_per_floor":["R","M","?","M","M","M","T","E","M","?","E","M","R","M","M","B",null,"R","M","?","M","?","M","T","R","?","E","M","$","R","M","M","B",null,"R","M","M","?","?","R","T","M","$","E","M","T","R","M","M","B",null,"E","$","R","B","B"],"character_chosen":"SLIMEBOUND","items_purchased":["Regal Pillow","Slimebound:Prepare","Slimebound:FlameTackle","BlessingOfTheForge","Mummified Hand","PowerPotion","Toy Ornithopter","SpeedPotion"],"campfire_rested":3,"item_purchase_floors":[29,29,29,29,43,53,53,53],"current_hp_per_floor":[71,64,64,63,62,46,46,29,24,81,61,61,61,49,40,16,81,81,39,39,34,37,35,35,59,59,30,19,23,65,38,28,10,95,95,92,66,66,66,66,66,66,63,69,68,68,109,108,111,84,112,99,99,99,74,0,0,0],"gold":18,"neow_bonus":"TEN_PERCENT_HP_BONUS","is_daily":false,"chose_seed":false,"campfire_upgraded":3,"win_rate":0.0,"timestamp":1613452317,"path_taken":["R","M","?","?","M","M","T","E","M","?","E","M","R","?","M","BOSS","R","M","?","M","?","?","T","R","?","E","?","$","R","M","M","BOSS","R","M","M","?","?","R","T","M","$","E","M","?","R","M","M","BOSS","E","$","R","BOSS","BOSS"],"items_purchased_type":["Relic","Card","Card","Potion","Relic","Potion","Relic","Potion"],"build_version":"2020-12-22","purchased_purges":1,"victory":false,"max_hp_per_floor":[71,71,71,71,71,71,71,71,71,81,81,81,81,81,81,81,81,81,81,81,81,81,82,82,82,82,90,91,92,92,93,94,95,95,95,96,97,97,98,98,98,99,97,98,99,99,109,110,111,112,112,113,113,113,114,114,114,114],"card_choices":[{"not_picked":["Slimebound:GoopTackle","Slimebound:PressTheAttack"],"picked":"Slimebound:BestDefense","floor":2.0},{"not_picked":["Slimebound:LeadByExample","Slimebound:RollThrough"],"picked":"Slimebound:Nibble","floor":4.0},{"not_picked":["Slimebound:GoopTackle","Slimebound:FinishingTackle"],"picked":"Slimebound:SplitAcid","floor":5.0},{"not_picked":["Slimebound:HauntingLick","Slimebound:SlimeBrawl","Slimebound:RainOfGoop"],"picked":"SKIP","floor":6.0},{"not_picked":["Slimebound:HauntingLick","Slimebound:SplitBruiser"],"picked":"Slimebound:MinionMaster","floor":8.0},{"not_picked":["Slimebound:LeechEnergy","Slimebound:LivingWall"],"picked":"Slimebound:Prepare","floor":9.0},{"not_picked":["Slimebound:ProtectTheBoss","Slimebound:FinishingTackle"],"picked":"Slimebound:Repurpose","floor":11.0},{"not_picked":["Slimebound:SplitLeeching","Slimebound:SlimeSpikes"],"picked":"Slimebound:SplitBruiser","floor":12.0},{"not_picked":["Slimebound:HungryTackle","Slimebound:FlameTackle","Slimebound:DivideAndConquer"],"picked":"SKIP","floor":14.0},{"not_picked":["Slimebound:SplitSpecialist","Slimebound:ComboTackle"],"picked":"Slimebound:LeadByExample","floor":15.0},{"not_picked":["Slimebound:OneTwoCombo","Slimebound:LeechLife"],"picked":"Slimebound:TagTeam","floor":16.0},{"not_picked":[],"picked":"Slimebound:SplitLeeching+1","floor":19.0},{"not_picked":["Slimebound:SlimeBarrage"],"picked":"SKIP","floor":21.0},{"not_picked":["Slimebound:SamplingLick"],"picked":"SKIP","floor":23.0},{"not_picked":[],"picked":"Slimebound:ProtectTheBoss","floor":27.0},{"not_picked":["Slimebound:DivideAndConquer"],"picked":"SKIP","floor":28.0},{"not_picked":["Slimebound:ItLooksTasty"],"picked":"SKIP","floor":29.0},{"not_picked":[],"picked":"Slimebound:LeadByExample","floor":31.0},{"not_picked":["Slimebound:FinishingTackle"],"picked":"SKIP","floor":32.0},{"not_picked":[],"picked":"Slimebound:DouseInSlime","floor":33.0},{"not_picked":["Slimebound:DivideAndConquer"],"picked":"SKIP","floor":36.0},{"not_picked":[],"picked":"Slimebound:Equalize+1","floor":37.0},{"not_picked":[],"picked":"Slimebound:SlimeTap+1","floor":43.0},{"not_picked":["Slimebound:RollThrough"],"picked":"SKIP","floor":44.0},{"not_picked":["Slimebound:RollThrough+1"],"picked":"SKIP","floor":45},{"not_picked":[],"picked":"Slimebound:Prepare+1","floor":48},{"not_picked":[],"picked":"Slimebound:LevelUp+1","floor":49},{"not_picked":["Slimebound:SlimeSpikes"],"picked":"SKIP","floor":52}],"player_experience":316489,"relics_obtained":[{"floor":7.0,"key":"Boot"},{"floor":8.0,"key":"PreservedInsect"},{"floor":11.0,"key":"Whetstone"},{"floor":22.0,"key":"downfall:CloakOfManyFaces"},{"floor":27.0,"key":"Strawberry"},{"floor":34.0,"key":"Art of War"},{"floor":34.0,"key":"Mercury Hourglass"},{"floor":34.0,"key":"Girya"},{"floor":39.0,"key":"Thread and Needle"},{"floor":44.0,"key":"Bottled Lightning"},{"floor":46,"key":"MawBank"},{"floor":52,"key":"Orichalcum"}],"event_choices":[{"damage_healed":0.0,"max_hp_gain":0.0,"max_hp_loss":0.0,"gold_gain":0.0,"event_name":"Accursed Blacksmith","player_choice":"Forge","floor":3.0,"gold_loss":0.0,"damage_taken":0.0,"cards_upgraded":["Slimebound:CorrosiveSpit"]},{"cards_removed":["Slimebound:SplitLeeching"],"damage_healed":0.0,"max_hp_gain":0.0,"max_hp_loss":0.0,"gold_gain":0.0,"event_name":"NoteForYourself","player_choice":"Took Card","floor":26.0,"gold_loss":0.0,"damage_taken":0.0,"cards_obtained":["Evolve"]}],"is_beta":false,"boss_relics":[{"not_picked":["bronze:MakeshiftBattery","Empty Cage"],"picked":"Busted Crown"},{"not_picked":["Pandora\u0027s Box","Cursed Key"],"picked":"Calling Bell"}],"items_purged_floors":[43],"is_endless":false,"potions_floor_spawned":[4,5,8,15,16,21,28,31,32,36,42,44,45,48],"killed_by":"downfall:NeowBossFinal","ascension_level":0}}