{"host":"pj05r22d3fegil3v","time":1613448127,"event":{"mods":["BaseMod","Better Altar","Better Match","Better Note","Better Sensory Stone","Better Skull","Better Third Choice","BetterRewards","Card Filter","Colored Powertips","Curses Come First","Custom Start","DeckTracker","Displayed Cursed Tome","Evolution","Minty Spire (QoL Compilation)","Quick Restart","Rare Cards Sparkle","Relic Filter Mod","Smile Girya","StSLib","Weighted Paths","everything is the same but u backflip on backflip","slay the spire mod where everything is the same but ironclad has a cowboy hat"],"gold_per_floor":[115,290,309,319,339,339,369,369,441,476,476,476,476,476,476,576,626,636,174,190,190,190,190,190],"floor_reached":23,"language":"ENG","playtime":1285,"items_purged":["Doubt"],"score":363,"play_id":"2faa80db-6e87-4f14-ad92-6cd70be77885","local_time":"20210215230207","is_ascension_mode":true,"campfire_choices":[{"data":"Apotheosis","floor":6.0,"key":"SMITH"},{"data":"WindmillStrike","floor":8.0,"key":"SMITH"},{"data":"ConjureBlade","floor":11,"key":"SMITH"},{"floor":15,"key":"REST"}],"circlet_count":0,"master_deck":["SashWhip","SashWhip","SashWhip","SashWhip","EmptyBody","EmptyBody+1","EmptyBody","Eruption","Vigilance","MentalFortress","Apotheosis+1","ConjureBlade+1","Vengeance","WindmillStrike+1","DevaForm+1","Forethought+1","Alpha","Wireheading+1","Mayhem+1"],"relics":["PureWater","EVO:Axolotl","Kunai","Calipers","Frozen Egg 2","Juzu Bracelet","Tiny House","Molten Egg 2","Frozen Eye"],"acts_visited":["Exordium","TheCity"],"potions_floor_usage":[16,23],"damage_taken":[{"damage":1.0,"enemies":"Jaw Worm","floor":1.0,"turns":3.0},{"damage":25.0,"enemies":"Small Slimes","floor":3.0,"turns":4.0},{"damage":0.0,"enemies":"2 Louse","floor":4.0,"turns":3.0},{"damage":4.0,"enemies":"Exordium Thugs","floor":5.0,"turns":5.0},{"damage":16.0,"enemies":"3 Sentries","floor":7.0,"turns":6.0},{"damage":0,"enemies":"Lagavulin","floor":10,"turns":4},{"damage":34,"enemies":"Hexaghost","floor":16,"turns":5},{"damage":27,"enemies":"Shell Parasite","floor":18,"turns":6},{"damage":0,"enemies":"Spheric Guardian","floor":20,"turns":2},{"damage":56,"enemies":"Gremlin Leader","floor":23,"turns":5}],"seed_played":"-8218706387946402031","potions_obtained":[{"floor":3.0,"key":"ColorlessPotion"},{"floor":7.0,"key":"Ancient Potion"},{"floor":17,"key":"BlessingOfTheForge"},{"floor":18,"key":"StancePotion"}],"is_trial":false,"path_per_floor":["M","?","M","M","M","R","E","R","T","E","R","?","?","?","R","B",null,"M","$","M","?","?","E"],"character_chosen":"WATCHER","items_purchased":["MentalFortress","Kunai","Apotheosis","EntropicBrew","Molten Egg 2","Frozen Eye"],"campfire_rested":1,"item_purchase_floors":[0,0,0,0,19,19],"current_hp_per_floor":[64,64,39,39,35,35,19,19,19,19,19,19,19,19,40,6,77,50,50,50,50,50,0,0],"gold":190,"neow_bonus":"","is_daily":false,"chose_seed":false,"campfire_upgraded":3,"win_rate":0.0,"timestamp":1613448127,"path_taken":["M","?","M","M","M","R","E","R","T","E","R","?","?","?","R","BOSS","M","$","M","?","?","E"],"items_purchased_type":["Card","Relic","Card","Potion","Relic","Relic"],"build_version":"2020-12-22","purchased_purges":1,"victory":false,"max_hp_per_floor":[72,72,72,72,72,72,72,72,72,72,72,72,72,72,72,72,77,77,77,77,77,77,77,77],"card_choices":[{"not_picked":["CutThroughFate","JustLucky","FlyingSleeves"],"picked":"SKIP","floor":1.0},{"not_picked":["CrushJoints","Protect","ThirdEye"],"picked":"SKIP","floor":3.0},{"not_picked":["Halt","Weave"],"picked":"Vengeance","floor":4.0},{"not_picked":["Protect","PathToVictory","Evaluate"],"picked":"SKIP","floor":5.0},{"not_picked":["CarveReality","PathToVictory"],"picked":"WindmillStrike","floor":7.0},{"not_picked":["Adaptation+1","WreathOfFlame"],"picked":"DevaForm+1","floor":10},{"not_picked":["Thinking Ahead","Panache+1"],"picked":"Forethought","floor":12},{"not_picked":["Judgement","DeusExMachina"],"picked":"Alpha","floor":16},{"not_picked":["Perseverance","Crescendo"],"picked":"Wireheading+1","floor":18},{"not_picked":["CutThroughFate+1","Collect","EmptyFist+1"],"picked":"SKIP","floor":20},{"not_picked":["Metamorphosis","Violence"],"picked":"Mayhem","floor":21}],"player_experience":110648,"relics_obtained":[{"floor":7.0,"key":"Calipers"},{"floor":9.0,"key":"Frozen Egg 2"},{"floor":10,"key":"Juzu Bracelet"}],"event_choices":[{"damage_healed":0.0,"max_hp_gain":0.0,"max_hp_loss":0.0,"gold_gain":175.0,"event_name":"betterThird:BetterSerpent","player_choice":"AGREE","floor":2.0,"gold_loss":0.0,"damage_taken":115.0},{"damage_healed":0,"gold_gain":1,"player_choice":"1","damage_taken":0,"max_hp_gain":0,"max_hp_loss":0,"event_name":"betterStone:BetterStone","floor":12,"gold_loss":0},{"damage_healed":0,"gold_gain":0,"player_choice":"Upgraded","damage_taken":0,"max_hp_gain":0,"max_hp_loss":0,"event_name":"Upgrade Shrine","floor":13,"gold_loss":0,"cards_upgraded":["Forethought"]},{"cards_removed":["Apotheosis"],"damage_healed":0,"gold_gain":0,"player_choice":"Give","damage_taken":0,"max_hp_gain":0,"max_hp_loss":0,"event_name":"betterNote:BetterNote","floor":14,"gold_loss":0,"cards_obtained":["Flame Barrier"]},{"damage_healed":0,"gold_gain":0,"player_choice":"1","damage_taken":0,"max_hp_gain":0,"max_hp_loss":0,"event_name":"betterMatch:BetterMatch","floor":21,"gold_loss":0,"cards_obtained":["betterMatch:CommonCard","betterMatch:UncommonCard","betterMatch:ColorlessRareCard"]}],"is_beta":false,"boss_relics":[{"not_picked":["Snecko Eye","Pandora\u0027s Box"],"picked":"Tiny House"}],"items_purged_floors":[19],"is_endless":false,"potions_floor_spawned":[3,7,18],"killed_by":"Gremlin Leader","ascension_level":1}}