{"host":"pj7egx7jkoz18hom","time":1613440827,"event":{"mods":["AchievementEnabler","BaseMod","Keyboard Shortcuts","Minty Spire (QoL Compilation)","SuperFastMode"],"gold_per_floor":[114,124,144,160,12,42,42,42,66,86,86,114,114,126,126,126,126],"floor_reached":16,"language":"KOR","playtime":2737,"items_purged":["Strike_R"],"score":134,"play_id":"f280f0d3-b09a-4e65-8a54-856c443845b7","local_time":"20210216110027","is_ascension_mode":true,"campfire_choices":[{"data":"Armaments","floor":7,"key":"SMITH"},{"floor":13,"key":"REST"},{"data":"Reaper","floor":15,"key":"SMITH"}],"circlet_count":0,"master_deck":["Strike_R","Strike_R","Strike_R","Defend_R+1","Defend_R+1","Defend_R+1","Defend_R","Bash","Reaper+1","Armaments+1","Headbutt","Inflame","Bludgeon+1","Rampage","Spot Weakness"],"relics":["Burning Blood","Oddly Smooth Stone","War Paint","Blood Vial"],"acts_visited":["Exordium"],"potions_floor_usage":[6,6,16],"damage_taken":[{"damage":13,"enemies":"Small Slimes","floor":1,"turns":4},{"damage":6,"enemies":"Cultist","floor":2,"turns":4},{"damage":10,"enemies":"Jaw Worm","floor":3,"turns":4},{"damage":21,"enemies":"2 Fungi Beasts","floor":4,"turns":5},{"damage":39,"enemies":"Lagavulin","floor":6,"turns":7},{"damage":6,"enemies":"Exordium Thugs","floor":10,"turns":4},{"damage":8,"enemies":"Gremlin Nob","floor":12,"turns":3},{"damage":15,"enemies":"Blue Slaver","floor":14,"turns":3},{"damage":65,"enemies":"Slime Boss","floor":16,"turns":9}],"seed_played":"-601699366410523385","potions_obtained":[{"floor":1,"key":"SpeedPotion"},{"floor":4,"key":"Block Potion"},{"floor":12,"key":"LiquidBronze"}],"is_trial":false,"path_per_floor":["M","M","M","M","$","E","R","?","T","M","?","E","R","M","R","B"],"character_chosen":"IRONCLAD","items_purchased":["Inflame"],"campfire_rested":1,"item_purchase_floors":[5],"current_hp_per_floor":[57,61,63,56,56,30,30,14,14,18,18,20,44,42,42,0,0],"gold":126,"neow_bonus":"THREE_RARE_CARDS","is_daily":false,"chose_seed":false,"campfire_upgraded":2,"win_rate":0.0,"timestamp":1613440827,"path_taken":["M","M","M","M","$","E","R","?","T","M","?","E","R","M","R","BOSS"],"items_purchased_type":["Card"],"build_version":"2020-12-22","purchased_purges":1,"victory":false,"max_hp_per_floor":[80,80,80,80,80,80,80,80,80,80,80,80,80,80,80,80,80],"card_choices":[{"not_picked":["Demon Form","Limit Break"],"picked":"Reaper","floor":0},{"not_picked":["Pommel Strike","True Grit"],"picked":"Armaments","floor":1},{"not_picked":["Reckless Charge","Iron Wave"],"picked":"Headbutt","floor":2},{"not_picked":["Burning Pact","Clothesline","Iron Wave"],"picked":"SKIP","floor":3},{"not_picked":["Power Through","Clothesline","Twin Strike"],"picked":"SKIP","floor":4},{"not_picked":["Iron Wave","Heavy Blade"],"picked":"Bludgeon","floor":6},{"not_picked":["Disarm","Wild Strike","Uppercut"],"picked":"SKIP","floor":10},{"not_picked":["Wild Strike","Clothesline","Pommel Strike"],"picked":"SKIP","floor":12},{"not_picked":["Cleave","Shrug It Off"],"picked":"Spot Weakness","floor":14}],"player_experience":87537,"relics_obtained":[{"floor":6,"key":"Oddly Smooth Stone"},{"floor":9,"key":"War Paint"},{"floor":12,"key":"Blood Vial"}],"event_choices":[{"damage_healed":0,"gold_gain":0,"player_choice":"Entered Light","damage_taken":16,"max_hp_gain":0,"max_hp_loss":0,"event_name":"Shining Light","floor":8,"gold_loss":0,"cards_upgraded":["Bludgeon","Defend_R"]},{"damage_healed":0,"gold_gain":0,"cards_transformed":["Strike_R"],"player_choice":"Transformed","damage_taken":0,"max_hp_gain":0,"max_hp_loss":0,"event_name":"Transmorgrifier","floor":11,"gold_loss":0,"cards_obtained":["Rampage"]}],"is_beta":false,"boss_relics":[],"items_purged_floors":[5],"is_endless":false,"potions_floor_spawned":[1,4,12],"killed_by":"Slime Boss","ascension_level":4}}