{"host":"dn6kke80v5f7isus","time":1613512056,"event":{"mods":["AchievementEnabler","Act Like it!","Astrologer","BaseMod","Colored Powertips","Custom Start","Defuse TimeMaze Blight","Energized Spire","Gremlin Skip","Highlight Path","Hubris","Infinite Spire","Marisa????????","Marked Mod","Minty Spire (QoL Compilation)","Quick Restart","Rare Cards Sparkle","Reliquary","Replay The Spire","StSLib","The Servant 0.9.4","Uncapped","Unceasing Turn Reminder"],"gold_per_floor":[116,116,128,142,142,174,174,174,174],"floor_reached":8,"language":"ENG","playtime":265,"items_purged":[],"score":59,"play_id":"948e1b91-5d92-4144-ae59-5d22b559773d","local_time":"20210216164736","is_ascension_mode":true,"campfire_choices":[{"floor":7,"key":"REST"}],"circlet_count":0,"master_deck":["Strike_G","Strike_G","Strike_G","Strike_G","Strike_G","Defend_G","Defend_G","Defend_G","Defend_G","Defend_G","Survivor+1","Neutralize","Blade Dance"],"relics":["Ring of the Snake","NeowsBlessing","Replay:Accelerometer"],"acts_visited":["Exordium"],"potions_floor_usage":[6,6,6,6,6,6,6,8],"damage_taken":[{"damage":0,"enemies":"Jaw Worm","floor":1,"turns":1},{"damage":0,"enemies":"Cultist","floor":3,"turns":1},{"damage":0,"enemies":"Small Slimes","floor":4,"turns":1},{"damage":35,"enemies":"Lagavulin","floor":6,"turns":9},{"damage":9,"enemies":"3 Sentries","floor":8,"turns":2}],"seed_played":"-3370686387610723164","potions_obtained":[{"floor":2,"key":"SneckoOil"},{"floor":2,"key":"LifebloodPotion"},{"floor":2,"key":"EntropicBrew"},{"floor":4,"key":"LiquidMemories"},{"floor":6,"key":"Fire Potion"}],"is_trial":false,"path_per_floor":["M","?","M","M","?","E","R","E"],"character_chosen":"THE_SILENT","items_purchased":[],"campfire_rested":1,"item_purchase_floors":[],"current_hp_per_floor":[70,70,70,70,70,35,56,47,47],"gold":174,"neow_bonus":"THREE_ENEMY_KILL","is_daily":false,"chose_seed":false,"campfire_upgraded":0,"win_rate":0.0,"timestamp":1613512056,"path_taken":["M","?","?","M","?","E","R","E"],"items_purchased_type":[],"build_version":"2020-12-22","purchased_purges":0,"victory":false,"max_hp_per_floor":[70,70,70,70,70,70,70,70,70],"card_choices":[{"not_picked":["PiercingWail","hubris:SlightOfHand","Leg Sweep"],"picked":"SKIP","floor":1},{"not_picked":["Deflect","Poisoned Stab","Well Laid Plans"],"picked":"SKIP","floor":3},{"not_picked":["Outmaneuver","Dash","Acrobatics"],"picked":"SKIP","floor":4},{"not_picked":["Catalyst","Sucker Punch"],"picked":"Blade Dance","floor":6}],"player_experience":450078,"relics_obtained":[{"floor":6,"key":"Replay:Accelerometer"}],"event_choices":[{"damage_healed":0,"gold_gain":0,"player_choice":"Got Potions","damage_taken":0,"max_hp_gain":0,"max_hp_loss":0,"event_name":"Lab","floor":2,"gold_loss":0}],"is_beta":false,"boss_relics":[],"items_purged_floors":[],"is_endless":false,"potions_floor_spawned":[4,6],"killed_by":"3 Sentries","ascension_level":1}}