{"host":"seujf6kmfn3ctpoe","time":1613477498,"event":{"mods":["BaseMod","Colored Map","Jedi Mod","Minty Spire (QoL Compilation)","Permanent Neow","Relic Sorter","Relic Stats","StSLib"],"gold_per_floor":[18,18,41,61,61,61,101,121,194,223,244,244,19,34,34,165,165,186,201,222,241,265,265,265,265],"floor_reached":24,"language":"ENG","playtime":989,"items_purged":["Strike_B"],"score":212,"play_id":"1a11c181-d806-4152-b895-4868ca4a4544","local_time":"20210216131138","is_ascension_mode":true,"campfire_choices":[{"data":"Gash","floor":6,"key":"SMITH"},{"floor":15,"key":"REST"},{"floor":23,"key":"REST"}],"circlet_count":0,"master_deck":["Strike_B","Strike_B","Strike_B","Defend_B","Defend_B","Defend_B","Defend_B","Zap","Dualcast","Gash+1","jedi:BurstFrost","Gash","Scrape","Electrodynamics","Scrape","Leap"],"relics":["Cracked Core","jedi:kaleidoscope","Golden Idol","Ginger","jedi:bottledfury","Odd Mushroom","Bag of Marbles","jedi:battlestandard"],"acts_visited":["Exordium","TheCity"],"potions_floor_usage":[16],"damage_taken":[{"damage":0,"enemies":"2 Louse","floor":1,"turns":3},{"damage":2,"enemies":"Jaw Worm","floor":3,"turns":3},{"damage":0,"enemies":"Cultist","floor":4,"turns":3},{"damage":23,"enemies":"Lagavulin","floor":7,"turns":6},{"damage":11,"enemies":"Exordium Wildlife","floor":8,"turns":4},{"damage":17,"enemies":"The Mushroom Lair","floor":10,"turns":4},{"damage":6,"enemies":"Large Slime","floor":11,"turns":3},{"damage":0,"enemies":"Lots of Slimes","floor":14,"turns":1},{"damage":21,"enemies":"Hexaghost","floor":16,"turns":9},{"damage":10,"enemies":"Shell Parasite","floor":18,"turns":6},{"damage":5,"enemies":"Chosen","floor":19,"turns":4},{"damage":24,"enemies":"Centurion and Healer","floor":20,"turns":4},{"damage":9,"enemies":"Shelled Parasite and Fungi","floor":21,"turns":5},{"damage":16,"enemies":"Snecko","floor":22,"turns":4},{"damage":0,"enemies":"Slavers","floor":24,"turns":1}],"seed_played":"1726035944571267934","potions_obtained":[{"floor":3,"key":"PotionOfCapacity"},{"floor":10,"key":"Swift Potion"},{"floor":11,"key":"SteroidPotion"},{"floor":18,"key":"Strength Potion"},{"floor":22,"key":"FocusPotion"}],"is_trial":false,"path_per_floor":["M","?","M","M","$","R","E","M","T","?","M","?","$","M","R","B",null,"M","M","M","M","M","R","E"],"character_chosen":"DEFECT","items_purchased":["Bag of Marbles"],"campfire_rested":2,"item_purchase_floors":[13],"current_hp_per_floor":[75,69,67,67,67,67,44,33,33,16,10,10,10,10,30,9,69,59,54,30,21,5,25,25,25],"gold":265,"neow_bonus":"ONE_RARE_RELIC","is_daily":false,"chose_seed":false,"campfire_upgraded":1,"win_rate":0.0,"timestamp":1613477498,"path_taken":["M","?","M","M","?","R","E","?","T","?","M","?","$","M","R","BOSS","M","M","?","M","M","R","E"],"items_purchased_type":["Relic"],"build_version":"2020-12-22","purchased_purges":1,"victory":false,"max_hp_per_floor":[75,69,69,69,69,69,69,69,69,69,69,69,69,69,69,69,69,69,69,69,69,69,69,69,69],"relic_stats":{"counters":[15,60],"Golden Idol":80,"Ginger":[3],"obtain_stats":[{"jedi:kaleidoscope":0,"Golden Idol":2,"Bag of Marbles":13,"Ginger":7,"jedi:bottledfury":9,"jedi:battlestandard":17,"Odd Mushroom":10,"Cracked Core":0},{"jedi:kaleidoscope":0,"Golden Idol":1,"Bag of Marbles":7,"Ginger":4,"jedi:bottledfury":5,"jedi:battlestandard":9,"Odd Mushroom":6,"Cracked Core":0},{"jedi:kaleidoscope":0,"Golden Idol":3,"Bag of Marbles":26,"Ginger":15,"jedi:bottledfury":19,"jedi:battlestandard":36,"Odd Mushroom":23,"Cracked Core":0}]},"card_choices":[{"not_picked":["jedi:BurstLightning","Turbo"],"picked":"Gash","floor":1},{"not_picked":["Undo","Barrage"],"picked":"jedi:BurstFrost","floor":3},{"not_picked":["Defragment","jedi:hex"],"picked":"Gash","floor":4},{"not_picked":["Rebound","Cold Snap"],"picked":"Scrape","floor":7},{"not_picked":["jedi:BurstLightning","Steam","Genetic Algorithm"],"picked":"SKIP","floor":8},{"not_picked":["jedi:BurstLightning","Turbo","Static Discharge"],"picked":"SKIP","floor":11},{"not_picked":["Coolheaded","Force Field","Consume"],"picked":"SKIP","floor":14},{"not_picked":["jedi:readyaimfire","Fission"],"picked":"Electrodynamics","floor":16},{"not_picked":["Cold Snap","jedi:blockon","Barrage"],"picked":"SKIP","floor":18},{"not_picked":["Barrage","jedi:overflow"],"picked":"Scrape","floor":19},{"not_picked":["Scrape","Rip and Tear","Capacitor"],"picked":"SKIP","floor":20},{"not_picked":["jedi:blockon","Double Energy"],"picked":"Leap","floor":21},{"not_picked":["jedi:reiji","Streamline","Turbo"],"picked":"SKIP","floor":22}],"player_experience":447789,"relics_obtained":[{"floor":7,"key":"Ginger"},{"floor":9,"key":"jedi:bottledfury"},{"floor":10,"key":"Odd Mushroom"}],"event_choices":[{"damage_healed":0,"gold_gain":0,"player_choice":"Lose Max HP","damage_taken":0,"relics_obtained":["Golden Idol"],"max_hp_gain":0,"max_hp_loss":6,"event_name":"Golden Idol","floor":2,"gold_loss":0},{"damage_healed":0,"gold_gain":0,"player_choice":"Fought Mushrooms","damage_taken":0,"max_hp_gain":0,"max_hp_loss":0,"event_name":"Mushrooms","floor":10,"gold_loss":0},{"damage_healed":0,"gold_gain":0,"player_choice":"Leave","damage_taken":0,"max_hp_gain":0,"max_hp_loss":0,"event_name":"FaceTrader","floor":12,"gold_loss":0}],"is_beta":false,"boss_relics":[{"not_picked":["Runic Pyramid","Cursed Key"],"picked":"jedi:battlestandard"}],"items_purged_floors":[13],"is_endless":false,"potions_floor_spawned":[3,10,11,18,22],"killed_by":"Slavers","ascension_level":1}}