{"host":"7ij4m6ehapfophuy","time":1613433784,"event":{"mods":["BaseMod","Bestiary","Curses Come First","Filter the Spire","Minty Spire (QoL Compilation)","Relic Stats","StSLib","ojb\u0027s Better Paths Mod"],"gold_per_floor":[219,219,237,16,16,52,52,88,88,103,136,136,106,127,127,127,127],"floor_reached":16,"language":"ENG","playtime":661,"items_purged":[],"score":236,"play_id":"947140ba-26ec-40d4-8c14-0e82ebc8d9e0","local_time":"20210215190304","is_ascension_mode":true,"campfire_choices":[{"data":"Dualcast","floor":7.0,"key":"SMITH"},{"data":"Zap","floor":12,"key":"SMITH"},{"data":"Go for the Eyes","floor":15,"key":"SMITH"}],"circlet_count":0,"master_deck":["AscendersBane","Strike_B","Strike_B","Strike_B","Strike_B","Defend_B","Defend_B","Defend_B","Defend_B","Zap+1","Dualcast+1","Go for the Eyes+1","Rebound","Ball Lightning","Capacitor","Ball Lightning","Compile Driver","Buffer","Lockon"],"relics":["Cracked Core","Golden Idol","ClockworkSouvenir","Ice Cream","Cables","Incense Burner","Strawberry"],"acts_visited":["Exordium"],"potions_floor_usage":[11,16],"damage_taken":[{"damage":5.0,"enemies":"Small Slimes","floor":1.0,"turns":4.0},{"damage":1.0,"enemies":"2 Louse","floor":3.0,"turns":3.0},{"damage":8.0,"enemies":"Gremlin Nob","floor":6.0,"turns":3.0},{"damage":35.0,"enemies":"3 Sentries","floor":8.0,"turns":8.0},{"damage":0.0,"enemies":"Cultist","floor":10.0,"turns":3.0},{"damage":11,"enemies":"Lagavulin","floor":11,"turns":5},{"damage":2,"enemies":"2 Fungi Beasts","floor":14,"turns":3},{"damage":32,"enemies":"The Guardian","floor":16,"turns":9}],"seed_played":"-3300666772964201177","potions_obtained":[{"floor":3.0,"key":"FearPotion"},{"floor":10.0,"key":"Regen Potion"},{"floor":13,"key":"BlessingOfTheForge"},{"floor":13,"key":"BlessingOfTheForge"},{"floor":14,"key":"SkillPotion"}],"is_trial":false,"path_per_floor":["M","?","M","$","?","E","R","E","T","M","E","R","?","M","R","B"],"character_chosen":"DEFECT","items_purchased":["ClockworkSouvenir","Ball Lightning"],"campfire_rested":0,"item_purchase_floors":[4,4],"current_hp_per_floor":[59,59,58,58,63,55,55,20,20,20,30,30,30,28,28,0,0],"gold":127,"neow_bonus":"HUNDRED_GOLD","is_daily":false,"chose_seed":false,"campfire_upgraded":3,"win_rate":0.0,"timestamp":1613433784,"path_taken":["M","?","M","$","?","E","R","E","T","M","E","R","?","M","R","BOSS"],"items_purchased_type":["Relic","Card"],"build_version":"2020-12-22","purchased_purges":0,"victory":false,"max_hp_per_floor":[71,64,64,64,69,69,69,69,69,69,76,76,76,76,76,76,76],"relic_stats":{"counters":[8,38],"Golden Idol":32,"obtain_stats":[{"Ice Cream":6,"Golden Idol":2,"Strawberry":11,"Incense Burner":9,"Cracked Core":0,"ClockworkSouvenir":4,"Cables":8},{"Ice Cream":3,"Golden Idol":1,"Strawberry":6,"Incense Burner":4,"Cracked Core":0,"ClockworkSouvenir":2,"Cables":4},{"Ice Cream":10,"Golden Idol":4,"Strawberry":26,"Incense Burner":18,"Cracked Core":0,"ClockworkSouvenir":7,"Cables":18}],"Cables":[18,15,3,0,0]},"card_choices":[{"not_picked":["Steam","Turbo"],"picked":"Go for the Eyes","floor":1.0},{"not_picked":["Leap","Redo"],"picked":"Rebound","floor":3.0},{"not_picked":["Gash","Go for the Eyes"],"picked":"Capacitor","floor":6.0},{"not_picked":["Barrage","Rip and Tear"],"picked":"Ball Lightning","floor":8.0},{"not_picked":["Double Energy","Stack"],"picked":"Compile Driver","floor":10.0},{"not_picked":["Double Energy","Lockon"],"picked":"Buffer","floor":11},{"not_picked":["Heatsinks","Go for the Eyes"],"picked":"Lockon","floor":14}],"player_experience":1136983,"relics_obtained":[{"floor":6.0,"key":"Ice Cream"},{"floor":8.0,"key":"Cables"},{"floor":9.0,"key":"Incense Burner"},{"floor":11,"key":"Strawberry"}],"event_choices":[{"damage_healed":0.0,"max_hp_gain":0.0,"max_hp_loss":7.0,"gold_gain":0.0,"event_name":"Golden Idol","player_choice":"Lose Max HP","floor":2.0,"gold_loss":0.0,"damage_taken":0.0,"relics_obtained":["Golden Idol"]},{"damage_healed":0.0,"max_hp_gain":5.0,"max_hp_loss":0.0,"gold_gain":0.0,"event_name":"Big Fish","player_choice":"Donut","floor":5.0,"gold_loss":0.0,"damage_taken":0.0},{"damage_healed":0,"gold_gain":0,"player_choice":"Bought 2 Potions","damage_taken":0,"max_hp_gain":0,"max_hp_loss":0,"event_name":"The Woman in Blue","floor":13,"gold_loss":0}],"is_beta":false,"boss_relics":[],"items_purged_floors":[],"is_endless":false,"potions_floor_spawned":[3,10,14],"killed_by":"The Guardian","ascension_level":20}}