{"host":"06t6i6dwlvtvdxau","time":1613485836,"event":{"mods":["BaseMod","BetterRewards","Colored Map","Colored Powertips","GifTheSpireLib","Hermit","Minty Spire (QoL Compilation)","Quick Restart","Shop Mod","StSLib"],"gold_per_floor":[110,110,110,35,56,56,95,95,95,139,162,162,187,8,8,99,99,61,80,80,80,80],"floor_reached":21,"language":"FRA","playtime":1034,"items_purged":["Defend_G","Strike_G"],"score":346,"play_id":"f4307d4d-9081-4f97-8e09-6bb3dbdf3630","local_time":"20210216153036","is_ascension_mode":true,"campfire_choices":[{"data":"Neutralize","floor":6,"key":"SMITH"},{"data":"Terror","floor":8,"key":"SMITH"},{"floor":12,"key":"REST"},{"data":"Well Laid Plans","floor":15,"key":"SMITH"}],"circlet_count":0,"master_deck":["AscendersBane","Strike_G","Strike_G","Strike_G","Strike_G","Defend_G","Defend_G","Defend_G","Defend_G","Survivor","Neutralize+1","Escape Plan","Terror+1","Footwork","Well Laid Plans+1","Glass Knife","Calculated Gamble+1"],"relics":["Ring of the Snake","Golden Idol","Sundial","Bottled Lightning","Singing Bowl","Sozu","Calipers"],"acts_visited":["Exordium","TheCity"],"potions_floor_usage":[10,16,16],"damage_taken":[{"damage":9,"enemies":"Jaw Worm","floor":1,"turns":6},{"damage":1,"enemies":"Cultist","floor":5,"turns":5},{"damage":43,"enemies":"3 Sentries","floor":7,"turns":16},{"damage":14,"enemies":"Lagavulin","floor":10,"turns":8},{"damage":1,"enemies":"Small Slimes","floor":11,"turns":4},{"damage":1,"enemies":"Blue Slaver","floor":13,"turns":3},{"damage":1,"enemies":"The Guardian","floor":16,"turns":15},{"damage":6,"enemies":"2 Thieves","floor":18,"turns":5},{"damage":8,"enemies":"Shell Parasite","floor":19,"turns":5},{"damage":52,"enemies":"3 Cultists","floor":21,"turns":7}],"seed_played":"5211952630299528541","potions_obtained":[{"floor":1,"key":"SpeedPotion"},{"floor":11,"key":"LiquidMemories"},{"floor":13,"key":"PowerPotion"},{"floor":16,"key":"ColorlessPotion"}],"is_trial":false,"path_per_floor":["M","?","?","$","M","R","E","R","T","E","M","R","M","$","R","B",null,"M","M","T","M"],"character_chosen":"THE_SILENT","items_purchased":["Well Laid Plans"],"campfire_rested":1,"item_purchase_floors":[14],"current_hp_per_floor":[56,56,61,61,60,60,17,17,17,5,6,28,27,27,27,26,62,58,50,50,0,0],"gold":80,"neow_bonus":"TEN_PERCENT_HP_BONUS","is_daily":false,"chose_seed":false,"campfire_upgraded":3,"win_rate":0.0,"timestamp":1613485836,"path_taken":["M","?","?","?","M","R","E","R","T","E","?","R","M","$","R","BOSS","M","M","?","M"],"items_purchased_type":["Card"],"build_version":"2020-12-22","purchased_purges":2,"victory":false,"max_hp_per_floor":[72,65,70,70,70,70,70,70,70,72,74,74,74,74,74,74,74,76,76,76,76,76],"card_choices":[{"not_picked":["Bouncing Flask","Deflect","Flying Knee"],"picked":"SKIP","floor":1},{"not_picked":["Underhanded Strike","Dagger Throw"],"picked":"Escape Plan","floor":5},{"not_picked":["Flying Knee","Tactician"],"picked":"Terror","floor":7},{"not_picked":["Concentrate","A Thousand Cuts","Crippling Poison"],"picked":"Singing Bowl","floor":10},{"not_picked":["Prepared","Reflex","Sucker Punch"],"picked":"Singing Bowl","floor":11},{"not_picked":["Underhanded Strike","Cloak And Dagger"],"picked":"Footwork","floor":13},{"not_picked":["Unload","Burst"],"picked":"Glass Knife","floor":16},{"not_picked":["Deadly Poison","Finisher","Poisoned Stab"],"picked":"Singing Bowl","floor":18},{"not_picked":["Flechettes","Deflect"],"picked":"Calculated Gamble+1","floor":19}],"player_experience":795873,"relics_obtained":[{"floor":7,"key":"Sundial"},{"floor":9,"key":"Bottled Lightning"},{"floor":10,"key":"Singing Bowl"},{"floor":20,"key":"Calipers"}],"event_choices":[{"damage_healed":0,"gold_gain":0,"player_choice":"Lose Max HP","damage_taken":0,"relics_obtained":["Golden Idol"],"max_hp_gain":0,"max_hp_loss":7,"event_name":"Golden Idol","floor":2,"gold_loss":0},{"damage_healed":0,"gold_gain":0,"player_choice":"Donut","damage_taken":0,"max_hp_gain":5,"max_hp_loss":0,"event_name":"Big Fish","floor":3,"gold_loss":0}],"is_beta":false,"boss_relics":[{"not_picked":["Velvet Choker","Ectoplasm"],"picked":"Sozu"}],"items_purged_floors":[4,14],"is_endless":false,"potions_floor_spawned":[1,11,13,16,18],"killed_by":"3 Cultists","ascension_level":17}}