{"host":"zs3tguvuxkh90jf4","time":1613436985,"event":{"mods":["AchievementEnabler","BaseMod","Better Silent Start","Better-Laid Plans","BetterRewards","Block Reminder","Colored Map","Colored Powertips","Gold Saver","Minty Spire (QoL Compilation)","Shop Mod","StSLib","Transform Curses"],"gold_per_floor":[3024,2392,2402,2419,1999,1999,2026,2044,2044,2094,2110,2137,2151,2180,2180,2180,2180],"floor_reached":16,"language":"ENG","playtime":594,"items_purged":["Strike_R","Strike_R"],"score":269,"play_id":"badc79d4-b0d9-4197-a234-cafab45d5bd2","local_time":"20210215165625","is_ascension_mode":true,"campfire_choices":[{"data":"Body Slam","floor":6,"key":"SMITH"},{"floor":15,"key":"REST"}],"circlet_count":0,"master_deck":["AscendersBane","Strike_R","Strike_R","Strike_R","Defend_R","Defend_R","Defend_R+1","Defend_R+1","Bash","Heavy Blade","Metallicize","Cleave","Body Slam+1","Flex","Body Slam","Fire Breathing","Shrug It Off"],"relics":["Burning Blood","NeowsBlessing","Membership Card","Mango","Eternal Feather","MerchantsRug","Lizard Tail","Strawberry","DollysMirror","War Paint","The Courier","Question Card","Bottled Flame"],"acts_visited":["Exordium"],"potions_floor_usage":[7,7,14,16],"damage_taken":[{"damage":0,"enemies":"Cultist","floor":1,"turns":1},{"damage":0,"enemies":"Small Slimes","floor":3,"turns":2},{"damage":0,"enemies":"Jaw Worm","floor":4,"turns":1},{"damage":46,"enemies":"Lagavulin","floor":7,"turns":6},{"damage":13,"enemies":"2 Fungi Beasts","floor":8,"turns":4},{"damage":8,"enemies":"Looter","floor":11,"turns":4},{"damage":63,"enemies":"Gremlin Nob","floor":12,"turns":5},{"damage":8,"enemies":"Large Slime","floor":13,"turns":5},{"damage":39,"enemies":"Lagavulin","floor":14,"turns":8},{"damage":56,"enemies":"The Guardian","floor":16,"turns":9}],"seed_played":"50067189040171087","potions_obtained":[{"floor":1,"key":"Fire Potion"},{"floor":4,"key":"DistilledChaos"},{"floor":13,"key":"BlessingOfTheForge"},{"floor":14,"key":"DuplicationPotion"}],"is_trial":false,"path_per_floor":["M","$","M","M","$","R","E","M","T","?","M","E","M","E","R","B"],"character_chosen":"IRONCLAD","items_purchased":["Membership Card","Mango","Eternal Feather","Metallicize","Cleave","MerchantsRug","Lizard Tail","Strawberry","DollysMirror","Fire Breathing"],"campfire_rested":1,"item_purchase_floors":[2,2,2,2,2,2,5,5,5,5],"current_hp_per_floor":[74,88,89,89,96,96,56,49,49,49,47,54,52,19,56,0,0],"gold":2180,"neow_bonus":"THREE_ENEMY_KILL","is_daily":false,"chose_seed":false,"campfire_upgraded":1,"win_rate":0.0,"timestamp":1613436985,"path_taken":["M","$","M","M","$","R","E","?","T","?","?","E","M","E","R","BOSS"],"items_purchased_type":["Relic","Relic","Relic","Card","Card","Relic","Relic","Relic","Relic","Card"],"build_version":"2020-12-22","purchased_purges":2,"victory":false,"max_hp_per_floor":[75,89,89,89,96,96,96,96,96,96,96,96,96,96,96,96,96],"card_choices":[{"not_picked":["Second Wind","Dropkick"],"picked":"Heavy Blade","floor":1},{"not_picked":["Infernal Blade","Thunderclap"],"picked":"Body Slam","floor":3},{"not_picked":["Reckless Charge","Havoc"],"picked":"Flex","floor":4},{"not_picked":["Warcry","Combust","Exhume"],"picked":"SKIP","floor":7},{"not_picked":["Flex","Dark Embrace","Sever Soul"],"picked":"SKIP","floor":8},{"not_picked":["Clothesline","Iron Wave","Havoc"],"picked":"SKIP","floor":11},{"not_picked":["True Grit","Metallicize","Wild Strike"],"picked":"SKIP","floor":12},{"not_picked":["Cleave","Combust","Heavy Blade"],"picked":"Shrug It Off","floor":13},{"not_picked":["Exhume","Flex","Armaments","Twin Strike"],"picked":"SKIP","floor":14}],"player_experience":589472,"relics_obtained":[{"floor":7,"key":"War Paint"},{"floor":9,"key":"The Courier"},{"floor":12,"key":"Question Card"},{"floor":14,"key":"Bottled Flame"}],"event_choices":[{"damage_healed":0,"gold_gain":50,"player_choice":"Pray","damage_taken":0,"max_hp_gain":0,"max_hp_loss":0,"event_name":"Golden Shrine","floor":10,"gold_loss":0}],"is_beta":false,"boss_relics":[],"items_purged_floors":[2,5],"is_endless":false,"potions_floor_spawned":[1,4,13,14],"killed_by":"The Guardian","ascension_level":20}}