{"host":"j2zti408atcvju3x","time":1613471323,"event":{"mods":["BaseMod","Minty Spire (QoL Compilation)","Quick Restart","StSLib"],"gold_per_floor":[116,126,126,142,158,158,216,216,216,231,242,261,261,30,30,130,130,116,136,156,176,176,176,192,192,218,232,132,144,243,243,243,345,345,363,379,379,397,415,415,448,448,516,516,532,407,418,431,431,431,431],"floor_reached":50,"language":"ZHS","playtime":2394,"items_purged":["Strike_G","Defend_G","Strike_G+1"],"score":474,"play_id":"d82cd45e-08bd-4ab9-a5d4-d959bf68256a","local_time":"20210216182843","is_ascension_mode":false,"campfire_choices":[{"data":"Endless Agony","floor":6,"key":"SMITH"},{"floor":8,"key":"REST"},{"data":"A Thousand Cuts","floor":13,"key":"SMITH"},{"floor":15,"key":"REST"},{"floor":23,"key":"REST"},{"data":"Infinite Blades","floor":25,"key":"SMITH"},{"data":"Flying Knee","floor":32,"key":"SMITH"},{"floor":40,"key":"REST"},{"floor":42,"key":"REST"},{"floor":49,"key":"REST"}],"circlet_count":0,"master_deck":["Strike_G+1","Defend_G+1","Defend_G+1","Defend_G+1","Defend_G+1","Survivor+1","Neutralize+1","Blade Dance+1","Backstab+1","Deflect+1","Endless Agony+1","Flying Knee+1","A Thousand Cuts+1","CurseOfTheBell","Infinite Blades+1","Prepared+1","Infinite Blades+1","Finisher+1","Dagger Spray"],"relics":["Ring of the Snake","WingedGreaves","Shuriken","Pantograph","Lantern","Calling Bell","War Paint","Eternal Feather","Incense Burner","Bronze Scales","WristBlade","Kunai","Pear","Mark of the Bloom"],"acts_visited":["Exordium","TheCity","TheBeyond"],"potions_floor_usage":[16,31,31,33,50,50],"damage_taken":[{"damage":4,"enemies":"Jaw Worm","floor":1,"turns":5},{"damage":0,"enemies":"2 Louse","floor":2,"turns":3},{"damage":0,"enemies":"Cultist","floor":4,"turns":3},{"damage":0,"enemies":"3 Louse","floor":5,"turns":5},{"damage":23,"enemies":"3 Sentries","floor":7,"turns":10},{"damage":2,"enemies":"Blue Slaver","floor":10,"turns":3},{"damage":0,"enemies":"Lots of Slimes","floor":11,"turns":2},{"damage":4,"enemies":"2 Fungi Beasts","floor":12,"turns":2},{"damage":28,"enemies":"Hexaghost","floor":16,"turns":7},{"damage":10,"enemies":"2 Thieves","floor":18,"turns":4},{"damage":0,"enemies":"Spheric Guardian","floor":19,"turns":3},{"damage":11,"enemies":"Chosen and Byrds","floor":20,"turns":5},{"damage":21,"enemies":"Shelled Parasite and Fungi","floor":21,"turns":5},{"damage":12,"enemies":"Centurion and Healer","floor":24,"turns":4},{"damage":5,"enemies":"Chosen and Byrds","floor":27,"turns":4},{"damage":0,"enemies":"Sentry and Sphere","floor":29,"turns":3},{"damage":0,"enemies":"3 Cultists","floor":31,"turns":1},{"damage":46,"enemies":"Collector","floor":33,"turns":10},{"damage":20,"enemies":"3 Shapes","floor":35,"turns":3},{"damage":10,"enemies":"3 Darklings","floor":36,"turns":3},{"damage":17,"enemies":"Sphere and 2 Shapes","floor":38,"turns":4},{"damage":13,"enemies":"Maw","floor":39,"turns":6},{"damage":50,"enemies":"Nemesis","floor":41,"turns":5},{"damage":23,"enemies":"Jaw Worm Horde","floor":45,"turns":3},{"damage":7,"enemies":"4 Shapes","floor":47,"turns":3},{"damage":2,"enemies":"Maw","floor":48,"turns":5},{"damage":26,"enemies":"Time Eater","floor":50,"turns":4}],"seed_played":"227921004853277478","potions_obtained":[{"floor":7,"key":"Energy Potion"},{"floor":11,"key":"LiquidBronze"},{"floor":12,"key":"ColorlessPotion"},{"floor":16,"key":"SmokeBomb"},{"floor":33,"key":"SkillPotion"},{"floor":38,"key":"Poison Potion"},{"floor":39,"key":"FairyPotion"},{"floor":47,"key":"DuplicationPotion"}],"is_trial":false,"path_per_floor":["M","M","?","M","M","R","?","R","T","M","M","M","R","$","R","B",null,"M","M","M","M","?","R","M","R","T","M","$","M","?","M","R","B",null,"M","M","?","M","M","R","E","R","T","?","M","$","M","M","R","B"],"character_chosen":"THE_SILENT","items_purchased":["Lantern"],"campfire_rested":6,"item_purchase_floors":[14],"current_hp_per_floor":[59,59,59,59,59,59,36,54,54,52,52,48,48,48,63,35,63,53,53,42,21,21,48,36,45,45,40,40,40,40,40,49,17,63,43,33,33,16,3,30,18,45,55,55,32,32,25,23,23,0,0],"gold":431,"neow_bonus":"ONE_RARE_RELIC","is_daily":false,"chose_seed":false,"campfire_upgraded":4,"win_rate":0.0,"timestamp":1613471323,"path_taken":["M","M","?","M","M","R","?","R","T","?","M","M","R","$","R","BOSS","M","M","?","M","?","R","M","R","T","M","$","M","?","M","R","BOSS","M","M","?","M","?","R","E","R","T","?","M","$","M","M","R","BOSS"],"items_purchased_type":["Relic"],"build_version":"2020-12-22","purchased_purges":3,"victory":false,"max_hp_per_floor":[63,63,63,63,63,63,63,63,63,63,63,63,63,63,63,63,63,63,63,63,63,63,63,63,63,63,63,63,63,63,63,63,63,63,63,63,63,63,63,63,63,63,73,73,73,73,73,73,73,73,73],"card_choices":[{"not_picked":["Dagger Spray","Flying Knee"],"picked":"Blade Dance","floor":1},{"not_picked":["Crippling Poison","Footwork"],"picked":"Backstab","floor":2},{"not_picked":["Crippling Poison","Bullet Time"],"picked":"Deflect","floor":4},{"not_picked":["Eviscerate","Underhanded Strike"],"picked":"Endless Agony","floor":5},{"not_picked":["Sucker Punch","Backflip"],"picked":"Flying Knee","floor":7},{"not_picked":["Expertise","Underhanded Strike"],"picked":"A Thousand Cuts","floor":10},{"not_picked":["Backflip","Poisoned Stab","Quick Slash"],"picked":"SKIP","floor":11},{"not_picked":["Bane","Deadly Poison","Flying Knee"],"picked":"SKIP","floor":12},{"not_picked":["Poisoned Stab+1","Blade Dance+1","Reflex+1"],"picked":"SKIP","floor":18},{"not_picked":["Dodge and Roll","PiercingWail","Quick Slash"],"picked":"SKIP","floor":19},{"not_picked":["Flechettes","Crippling Poison","Poisoned Stab"],"picked":"SKIP","floor":20},{"not_picked":["Outmaneuver","Backflip"],"picked":"Infinite Blades","floor":21},{"not_picked":["Night Terror","Flying Knee"],"picked":"Prepared","floor":24},{"not_picked":["Expertise+1","Bane","Masterful Stab"],"picked":"SKIP","floor":27},{"not_picked":["Poisoned Stab","Bane","Acrobatics"],"picked":"SKIP","floor":29},{"not_picked":["Caltrops+1","Slice","Prepared"],"picked":"SKIP","floor":35},{"not_picked":["Caltrops","Dodge and Roll"],"picked":"Infinite Blades+1","floor":36},{"not_picked":["Poisoned Stab","Heel Hook+1"],"picked":"Finisher","floor":38},{"not_picked":["Quick Slash+1","Choke","Deflect"],"picked":"SKIP","floor":39},{"not_picked":["Venomology","Slice","Quick Slash"],"picked":"SKIP","floor":41},{"not_picked":["Deflect+1","Deadly Poison","Caltrops"],"picked":"SKIP","floor":45},{"not_picked":["Deadly Poison","Eviscerate+1","Backflip+1"],"picked":"SKIP","floor":47},{"not_picked":["Flying Knee","Quick Slash"],"picked":"Dagger Spray","floor":48}],"player_experience":14473,"relics_obtained":[{"floor":7,"key":"Shuriken"},{"floor":9,"key":"Pantograph"},{"floor":17,"key":"War Paint"},{"floor":17,"key":"Eternal Feather"},{"floor":17,"key":"Incense Burner"},{"floor":26,"key":"Bronze Scales"},{"floor":41,"key":"Kunai"},{"floor":43,"key":"Pear"}],"event_choices":[{"cards_removed":["Strike_G"],"damage_healed":0,"gold_gain":0,"player_choice":"Forget","damage_taken":0,"max_hp_gain":0,"max_hp_loss":0,"event_name":"Living Wall","floor":3,"gold_loss":0},{"damage_healed":0,"gold_gain":0,"player_choice":"Searched \u00272\u0027 times","damage_taken":0,"max_hp_gain":0,"max_hp_loss":0,"event_name":"Dead Adventurer","floor":7,"gold_loss":0},{"damage_healed":0,"gold_gain":0,"player_choice":"Ignored","damage_taken":0,"max_hp_gain":0,"max_hp_loss":0,"event_name":"Vampires","floor":22,"gold_loss":0},{"damage_healed":0,"gold_gain":99,"player_choice":"Stole From Cult","damage_taken":0,"max_hp_gain":0,"max_hp_loss":0,"event_name":"Nest","floor":30,"gold_loss":0},{"cards_removed":["Strike_G"],"damage_healed":0,"gold_gain":0,"player_choice":"Card Removal","damage_taken":0,"max_hp_gain":0,"max_hp_loss":0,"event_name":"Wheel of Change","floor":37,"gold_loss":0},{"damage_healed":0,"gold_gain":0,"player_choice":"Upgrade","damage_taken":0,"relics_obtained":["Mark of the Bloom"],"max_hp_gain":0,"max_hp_loss":0,"event_name":"MindBloom","floor":44,"gold_loss":0,"cards_upgraded":["Strike_G","Strike_G","Defend_G","Defend_G","Defend_G","Survivor","Neutralize","Backstab","Deflect","Prepared","Finisher"]}],"is_beta":false,"boss_relics":[{"not_picked":["Fusion Hammer","Velvet Choker"],"picked":"Calling Bell"},{"not_picked":["Philosopher\u0027s Stone","Cursed Key"],"picked":"WristBlade"}],"items_purged_floors":[14,28,46],"is_endless":false,"potions_floor_spawned":[7,11,12,16,18,21,24,33,38,39,47,48],"killed_by":"Time Eater","ascension_level":0}}