{"host":"tzwikg9s6mkzv6w0","time":1613487469,"event":{"mods":["BaseMod","Good Game Mod","Minty Spire (QoL Compilation)","Spicy Shops","StSLib"],"gold_per_floor":[363,60,70,145,162,162,179,179,204,78,96,46,46,46],"floor_reached":13,"language":"ZHS","playtime":473,"items_purged":["Strike_G","Strike_G","Strike_G","Defend_G"],"score":105,"play_id":"794895e6-dad9-457a-8d08-ebab0dcf5d05","local_time":"20210216225749","is_ascension_mode":true,"campfire_choices":[{"data":"Seek","floor":6.0,"key":"SMITH"}],"circlet_count":0,"master_deck":["Strike_G","Strike_G","Defend_G","Defend_G","Defend_G","Defend_G","Survivor","Neutralize","Seek+1","Footwork","Concentrate","Dagger Spray","Deep Breath","Backstab","Doppelganger"],"relics":["Ring of the Snake","REME:ComplimentaryCards","Omamori","Smiling Mask","Medical Kit"],"acts_visited":["Exordium"],"potions_floor_usage":[13,13],"damage_taken":[{"damage":0.0,"enemies":"Cultist","floor":1.0,"turns":5.0},{"damage":3.0,"enemies":"2 Louse","floor":3.0,"turns":5.0},{"damage":0.0,"enemies":"Jaw Worm","floor":5.0,"turns":8.0},{"damage":12.0,"enemies":"Looter","floor":7.0,"turns":4.0},{"damage":3.0,"enemies":"Blue Slaver","floor":11.0,"turns":3.0},{"damage":49,"enemies":"Lagavulin","floor":13,"turns":16}],"seed_played":"-7982759431765243295","potions_obtained":[{"floor":7.0,"key":"Ancient Potion"},{"floor":11.0,"key":"Energy Potion"}],"is_trial":false,"path_per_floor":["M","$","M","?","M","R","M","?","T","$","M","$","E"],"character_chosen":"THE_SILENT","items_purchased":["Omamori","Footwork","Medical Kit"],"campfire_rested":0,"item_purchase_floors":[2,2,10],"current_hp_per_floor":[63,63,60,54,54,54,42,42,42,42,39,39,0,0],"gold":46,"neow_bonus":"TWO_FIFTY_GOLD","is_daily":false,"chose_seed":false,"campfire_upgraded":1,"win_rate":0.0,"timestamp":1613487469,"path_taken":["M","$","M","?","?","R","M","?","T","?","?","$","E"],"items_purchased_type":["Relic","Card","Relic"],"build_version":"2020-12-22","purchased_purges":4,"victory":false,"max_hp_per_floor":[63,63,63,63,63,63,63,63,63,63,63,63,63,63],"card_choices":[{"not_picked":["Bane","Quick Slash","Blur"],"picked":"SKIP","floor":1.0},{"not_picked":["Quick Slash","Dagger Spray"],"picked":"Concentrate","floor":3.0},{"not_picked":["Flechettes","Choke","PiercingWail"],"picked":"SKIP","floor":5.0},{"not_picked":["Flying Knee","Distraction"],"picked":"Dagger Spray","floor":7.0},{"not_picked":["Dodge and Roll","Dash","Infinite Blades"],"picked":"SKIP","floor":11.0}],"player_experience":104697,"relics_obtained":[{"floor":9.0,"key":"Smiling Mask"}],"event_choices":[{"damage_healed":0.0,"max_hp_gain":0.0,"max_hp_loss":0.0,"gold_gain":75.0,"event_name":"FaceTrader","player_choice":"Touch","floor":4.0,"gold_loss":0.0,"damage_taken":6.0},{"damage_healed":0.0,"max_hp_gain":0.0,"max_hp_loss":0.0,"gold_gain":0.0,"event_name":"Match and Keep!","player_choice":"3 cards matched","floor":8.0,"gold_loss":0.0,"damage_taken":0.0,"cards_obtained":["Deep Breath","Backstab","Doppelganger"]}],"is_beta":false,"boss_relics":[],"items_purged_floors":[2,2,10,12],"is_endless":false,"potions_floor_spawned":[7,11],"killed_by":"Lagavulin","ascension_level":8}}