{"host":"jq8d8epkoknfq6em","time":1613500020,"event":{"mods":["AchievementEnabler","BaseMod","Colored Map","Colored Powertips","Highlight Path","Minty Spire (QoL Compilation)","Quick Restart","Relic Stats","StSLib"],"gold_per_floor":[119,136,28,44,56,56,73,98,98,98,128,141,153,168,168,266,266,266,266,1,1,1,1,1,1,1,1,1,1,1,1,1,1,1,1,1,1,1,1,1,1,1,1,1,1,1,1,1,1,1,1],"floor_reached":50,"language":"ENG","playtime":5577,"items_purged":["Regret","Strike_G"],"score":860,"play_id":"7df1840f-9105-458f-ae21-9cec16d961c7","local_time":"20210216192700","is_ascension_mode":true,"campfire_choices":[{"data":"The Bomb","floor":6,"key":"SMITH"},{"floor":10,"key":"REST"},{"floor":15,"key":"REST"},{"data":"Adrenaline","floor":23,"key":"SMITH"},{"data":"Calculated Gamble","floor":25,"key":"SMITH"},{"data":"Adrenaline","floor":29,"key":"SMITH"},{"data":"Blade Dance","floor":32,"key":"SMITH"},{"data":"After Image","floor":40,"key":"SMITH"},{"floor":42,"key":"REST"},{"floor":49,"key":"REST"}],"circlet_count":0,"master_deck":["AscendersBane","Strike_G","Strike_G","Strike_G","Strike_G","Defend_G","Defend_G","Defend_G","Defend_G","Defend_G","Survivor","Neutralize","The Bomb+1","Crippling Poison","Flying Knee","Dash","PiercingWail","Sucker Punch","Adrenaline+1","After Image+1","Slice","Adrenaline+1","Blade Dance+1","Skewer+1","Flash of Steel","Calculated Gamble+1","Expertise","Blur","Finisher+1","Terror","Acrobatics+1","Endless Agony","Madness","PiercingWail","Cloak And Dagger+1","Noxious Fumes","PiercingWail+1","Acrobatics+1"],"relics":["Ring of the Snake","Peace Pipe","Shuriken","Boot","Ectoplasm","Calipers","Kunai","HoveringKite","Bottled Lightning","Mummified Hand"],"acts_visited":["Exordium","TheCity","TheBeyond"],"potions_floor_usage":[8,8,16,22,24,33,33,41,50,50],"damage_taken":[{"damage":4,"enemies":"Cultist","floor":1,"turns":4},{"damage":17,"enemies":"Small Slimes","floor":2,"turns":3},{"damage":8,"enemies":"2 Louse","floor":4,"turns":4},{"damage":0,"enemies":"Exordium Wildlife","floor":5,"turns":4},{"damage":8,"enemies":"Exordium Thugs","floor":7,"turns":4},{"damage":10,"enemies":"Lagavulin","floor":8,"turns":7},{"damage":7,"enemies":"Gremlin Nob","floor":11,"turns":4},{"damage":8,"enemies":"Blue Slaver","floor":12,"turns":3},{"damage":5,"enemies":"Red Slaver","floor":13,"turns":4},{"damage":4,"enemies":"Large Slime","floor":14,"turns":5},{"damage":8,"enemies":"Hexaghost","floor":16,"turns":10},{"damage":0,"enemies":"Chosen","floor":18,"turns":4},{"damage":7,"enemies":"Spheric Guardian","floor":19,"turns":5},{"damage":0,"enemies":"Centurion and Healer","floor":21,"turns":4},{"damage":0,"enemies":"3 Cultists","floor":22,"turns":4},{"damage":0,"enemies":"Book of Stabbing","floor":24,"turns":5},{"damage":0,"enemies":"Shelled Parasite and Fungi","floor":27,"turns":3},{"damage":1,"enemies":"Cultist and Chosen","floor":28,"turns":4},{"damage":0,"enemies":"Sentry and Sphere","floor":31,"turns":3},{"damage":12,"enemies":"Champ","floor":33,"turns":9},{"damage":5,"enemies":"3 Shapes","floor":35,"turns":4},{"damage":16,"enemies":"3 Darklings","floor":36,"turns":5},{"damage":31,"enemies":"Nemesis","floor":41,"turns":7},{"damage":0,"enemies":"Sphere and 2 Shapes","floor":44,"turns":4},{"damage":0,"enemies":"Jaw Worm Horde","floor":45,"turns":4},{"damage":0,"enemies":"Maw","floor":46,"turns":5},{"damage":12,"enemies":"3 Darklings","floor":47,"turns":6},{"damage":17,"enemies":"Transient","floor":48,"turns":5},{"damage":29,"enemies":"Donu and Deca","floor":50,"turns":7}],"seed_played":"-161050249667410806","potions_obtained":[{"floor":1,"key":"SpeedPotion"},{"floor":2,"key":"Poison Potion"},{"floor":13,"key":"AttackPotion"},{"floor":14,"key":"Poison Potion"},{"floor":21,"key":"Strength Potion"},{"floor":27,"key":"PowerPotion"},{"floor":31,"key":"Poison Potion"},{"floor":33,"key":"SpeedPotion"},{"floor":36,"key":"Poison Potion"},{"floor":44,"key":"Energy Potion"},{"floor":47,"key":"Dexterity Potion"}],"is_trial":false,"path_per_floor":["M","M","$","M","M","R","M","E","T","R","E","M","M","M","R","B",null,"M","M","$","M","M","R","E","R","T","M","M","R","?","M","R","B",null,"M","M","?","?","$","R","E","R","T","M","M","M","M","M","R","B"],"character_chosen":"THE_SILENT","items_purchased":["Dash","Flash of Steel","Calculated Gamble"],"campfire_rested":4,"item_purchase_floors":[3,20,20],"current_hp_per_floor":[59,42,42,34,34,34,26,16,16,37,30,22,17,13,34,26,59,59,52,52,52,52,52,52,52,52,52,51,51,51,51,51,39,62,57,41,41,41,41,41,10,31,31,31,31,31,19,2,23,0,0],"gold":1,"neow_bonus":"RANDOM_COLORLESS_2","is_daily":false,"chose_seed":false,"campfire_upgraded":6,"win_rate":0.0,"timestamp":1613500020,"path_taken":["M","M","$","M","M","R","M","E","T","R","E","M","M","M","R","BOSS","M","?","$","M","?","R","E","R","T","M","M","R","?","M","R","BOSS","M","M","?","?","?","R","E","R","T","M","M","?","M","M","R","BOSS"],"items_purchased_type":["Card","Card","Card"],"build_version":"2020-12-22","purchased_purges":2,"victory":false,"max_hp_per_floor":[70,70,70,70,70,70,70,70,70,70,70,70,70,70,70,70,70,70,70,70,70,70,70,70,70,70,70,70,70,70,70,70,70,70,70,70,70,70,70,70,70,70,70,70,70,70,70,70,70,70,70],"relic_stats":{"Peace Pipe":0,"counters":[29,140],"Shuriken":[82],"Mummified Hand":[9],"HoveringKite":[16],"Ectoplasm":427,"Kunai":[55],"Boot":[88],"obtain_stats":[{"Peace Pipe":8,"Calipers":24,"Shuriken":9,"Mummified Hand":43,"HoveringKite":34,"Ectoplasm":17,"Kunai":26,"Bottled Lightning":41,"Boot":11,"Ring of the Snake":0},{"Peace Pipe":6,"Calipers":16,"Shuriken":6,"Mummified Hand":23,"HoveringKite":20,"Ectoplasm":11,"Kunai":16,"Bottled Lightning":23,"Boot":7,"Ring of the Snake":0},{"Peace Pipe":26,"Calipers":74,"Shuriken":26,"Mummified Hand":109,"HoveringKite":93,"Ectoplasm":52,"Kunai":74,"Bottled Lightning":109,"Boot":30,"Ring of the Snake":0}],"Ring of the Snake":[58]},"card_choices":[{"not_picked":["Magnetism","Violence"],"picked":"The Bomb","floor":0},{"not_picked":["Setup","Dodge and Roll"],"picked":"Crippling Poison","floor":1},{"not_picked":["Bane","Dagger Spray"],"picked":"Flying Knee","floor":2},{"not_picked":["Cloak And Dagger","Eviscerate"],"picked":"PiercingWail","floor":4},{"not_picked":["Acrobatics","Skewer"],"picked":"Sucker Punch","floor":5},{"not_picked":["Quick Slash","Poisoned Stab","Concentrate"],"picked":"SKIP","floor":7},{"not_picked":["Flying Knee","Glass Knife"],"picked":"Adrenaline","floor":8},{"not_picked":["Deadly Poison","Crippling Poison"],"picked":"After Image","floor":11},{"not_picked":["Underhanded Strike","Deadly Poison","All Out Attack"],"picked":"SKIP","floor":12},{"not_picked":["Dagger Spray","Backflip"],"picked":"Slice","floor":13},{"not_picked":["Masterful Stab","Prepared"],"picked":"Endless Agony","floor":14},{"not_picked":["Doppelganger","A Thousand Cuts"],"picked":"Adrenaline","floor":16},{"not_picked":["Backflip","Dagger Throw"],"picked":"Blade Dance","floor":18},{"not_picked":["Acrobatics","Slice"],"picked":"Skewer+1","floor":19},{"not_picked":["Bane+1","Reflex"],"picked":"Expertise","floor":21},{"not_picked":["Dodge and Roll+1","Slice"],"picked":"Blur","floor":22},{"not_picked":["Slice+1","Heel Hook","Deadly Poison+1"],"picked":"SKIP","floor":24},{"not_picked":["Escape Plan","Predator"],"picked":"Finisher+1","floor":27},{"not_picked":["Finisher","Choke","Poisoned Stab"],"picked":"SKIP","floor":28},{"not_picked":["Sucker Punch","Slice"],"picked":"Terror","floor":31},{"not_picked":["Crippling Poison+1","Catalyst"],"picked":"Acrobatics+1","floor":35},{"not_picked":["Slice","Terror+1"],"picked":"Endless Agony","floor":36},{"not_picked":["Violence","Panacea"],"picked":"Madness","floor":37},{"not_picked":["Riddle With Holes","Deadly Poison+1","All Out Attack"],"picked":"SKIP","floor":41},{"not_picked":["Dagger Throw","Poisoned Stab"],"picked":"PiercingWail","floor":44},{"not_picked":["Quick Slash","Dagger Throw"],"picked":"Cloak And Dagger+1","floor":45},{"not_picked":["PiercingWail+1","Night Terror"],"picked":"Noxious Fumes","floor":46},{"not_picked":["Quick Slash+1","Masterful Stab+1"],"picked":"PiercingWail+1","floor":47},{"not_picked":["Concentrate","Dodge and Roll+1"],"picked":"Acrobatics+1","floor":48}],"player_experience":1045929,"relics_obtained":[{"floor":8,"key":"Peace Pipe"},{"floor":9,"key":"Shuriken"},{"floor":11,"key":"Boot"},{"floor":24,"key":"Calipers"},{"floor":26,"key":"Kunai"},{"floor":41,"key":"Bottled Lightning"},{"floor":43,"key":"Mummified Hand"}],"event_choices":[{"damage_healed":0,"gold_gain":0,"player_choice":"Memory 1","damage_taken":0,"max_hp_gain":0,"max_hp_loss":0,"event_name":"SensoryStone","floor":37,"gold_loss":0},{"cards_removed":["Endless Agony"],"damage_healed":0,"gold_gain":0,"player_choice":"Removed Attack","damage_taken":0,"max_hp_gain":0,"max_hp_loss":0,"event_name":"Falling","floor":38,"gold_loss":0}],"is_beta":false,"boss_relics":[{"not_picked":["Calling Bell","Astrolabe"],"picked":"Ectoplasm"},{"not_picked":["Black Star","Philosopher\u0027s Stone"],"picked":"HoveringKite"}],"items_purged_floors":[3,20],"is_endless":false,"potions_floor_spawned":[1,2,13,14,21,27,31,33,36,44,47],"killed_by":"Donu and Deca","ascension_level":11}}