{"host":"87fdiiwflhrwsj8a","time":1613519921,"event":{"mods":["Aspiration","BaseMod","Better Match","Better Third Choice","BetterRewards","Colored Map","Conspire","GifTheSpireLib","Infinite Spire","Minty Spire (QoL Compilation)","Quick Restart","Relic Sorter","Replay The Spire","StSLib","Stuff the Spire","The Marked","The Servant 0.9.4"],"gold_per_floor":[116,191,141,141,63,63,88,102,102,102,102],"floor_reached":10,"language":"ENG","playtime":414,"items_purged":[],"score":102,"play_id":"10fa14cf-d684-430a-b25c-6f65bf129732","local_time":"20210216185841","is_ascension_mode":true,"campfire_choices":[{"floor":6.0,"key":"REST"}],"circlet_count":0,"master_deck":["AscendersBane","Strike_S","Strike_S","Strike_S","Defend_S","Defend_S","Defend_S","Defend_S","KidneyShot","Exchange","SurpressingFire","FastForward"],"relics":["Uniform","ReplayTheSpireMod:CursedCoin","Membership Card","Art of War","Girya","Regal Pillow","Nunchaku","Frozen Egg 2"],"acts_visited":["Exordium"],"potions_floor_usage":[10],"damage_taken":[{"damage":4.0,"enemies":"Cultist","floor":1.0,"turns":6.0},{"damage":31.0,"enemies":"3 Sentries","floor":7.0,"turns":13.0},{"damage":2.0,"enemies":"Jaw Worm","floor":8.0,"turns":4.0},{"damage":37,"enemies":"Gremlin Nob","floor":10,"turns":5}],"seed_played":"-9090208657178292345","potions_obtained":[{"floor":1.0,"key":"Elixir"},{"floor":7.0,"key":"Dexterity Potion"}],"is_trial":false,"path_per_floor":["M","?","?","?","$","R","E","M","T","E"],"character_chosen":"THE_SERVANT","items_purchased":["ReplayTheSpireMod:CursedCoin","Membership Card","Art of War","Regal Pillow"],"campfire_rested":1,"item_purchase_floors":[0,0,0,5],"current_hp_per_floor":[39,28,28,28,28,62,31,29,29,0,0],"gold":102,"neow_bonus":"","is_daily":false,"chose_seed":false,"campfire_upgraded":0,"win_rate":0.0,"timestamp":1613519921,"path_taken":["M","?","?","?","$","R","E","M","T","E"],"items_purchased_type":["Relic","Relic","Relic","Relic"],"build_version":"2020-12-22","purchased_purges":0,"victory":false,"max_hp_per_floor":[65,65,65,65,65,65,65,65,65,65,65],"card_choices":[{"not_picked":["Potential","Alleviate"],"picked":"FastForward","floor":1.0},{"not_picked":["Replace","ShatteredReality","Revamp"],"picked":"SKIP","floor":7.0},{"not_picked":["StarChef","Revamp","ShatteredReality"],"picked":"SKIP","floor":8.0}],"player_experience":2663374,"relics_obtained":[{"floor":7.0,"key":"Nunchaku"},{"floor":9.0,"key":"Frozen Egg 2"}],"event_choices":[{"damage_healed":0.0,"max_hp_gain":0.0,"max_hp_loss":0.0,"gold_gain":75.0,"event_name":"betterThird:BetterGoop","player_choice":"Gold","floor":2.0,"gold_loss":0.0,"damage_taken":11.0},{"cards_removed":["Replay:Hysterical Blindness"],"damage_healed":0.0,"max_hp_gain":0.0,"max_hp_loss":0.0,"gold_gain":0.0,"event_name":"The Cleric","player_choice":"Card Removal","floor":3.0,"gold_loss":50.0,"damage_taken":0.0}],"is_beta":false,"boss_relics":[],"items_purged_floors":[],"is_endless":false,"potions_floor_spawned":[1,7],"killed_by":"Gremlin Nob","ascension_level":12}}