{"host":"9m8ch47vcmem52nv","time":1613516710,"event":{"mods":["2.2 Compatiblity","AchievementEnabler","Act Like it!","Aspiration","BaseMod","BetterRewards","CatGirl Mod","DeckTracker","Downfall","Fiend Mod","Friendly Minions","Gensokyo","Googly Eyes","Gremlin Mod","Hermit","Hubris","Infinite Spire","Kiyohime????","Koishi","Marisa????????","Minty Spire (QoL Compilation)","Reimu??????","Remilia??????","Shop Mod","StSLib","The Construct","The Cursed","The Disciple","The Mystic","The Necromancer","The Servant 0.9.4","Unceasing Turn Reminder","Yuri Mod"],"gold_per_floor":[113,131,157,107,107,107,137,137,137,19,35,35,35],"floor_reached":12,"language":"ENG","playtime":768,"items_purged":["hermit:Strike_Hermit"],"score":78,"play_id":"4f3b49cf-e75c-46ba-90e4-197dab7b1aa4","local_time":"20210216150510","is_ascension_mode":false,"campfire_choices":[{"data":"hermit:Vantage","floor":6,"key":"SMITH"},{"data":"1","floor":8,"key":"LIFT"}],"circlet_count":0,"master_deck":["hermit:Strike_Hermit","hermit:Strike_Hermit","hermit:Strike_Hermit","hermit:Defend_Hermit","hermit:Defend_Hermit","hermit:Defend_Hermit","hermit:Defend_Hermit","hermit:Snapshot","hermit:Covet","hermit:Determination","hermit:Dive","hermit:DeadOrAlive","hermit:Snipe","hermit:Determination","hermit:Combo","hermit:Vantage+1","hermit:Determination","hermit:Dive","hermit:ShadowCloak","Gensokyo:TarnishedGold","Gensokyo:TrainingManual","Gensokyo:Shovel","hermit:Gestalt"],"relics":["hermit:Momento","infinitespire:Golems Mask","Girya","infinitespire:Bottled Soul"],"acts_visited":["Gensokyo:Gensokyo"],"potions_floor_usage":[7],"damage_taken":[{"damage":6,"enemies":"Gensokyo:Gryphon","floor":1,"turns":4},{"damage":5,"enemies":"Gensokyo:Python","floor":2,"turns":4},{"damage":6,"enemies":"Gensokyo:2_Kodama","floor":3,"turns":3},{"damage":10,"enemies":"Gensokyo:Aya","floor":7,"turns":4},{"damage":20,"enemies":"Gensokyo:2_Rabbits","floor":11,"turns":7},{"damage":14,"enemies":"Gensokyo:Cirno","floor":12,"turns":9}],"seed_played":"-3711131143288181935","potions_obtained":[{"floor":1,"key":"hexamod:SoulburnPotion"}],"is_trial":false,"path_per_floor":["M","M","M","$","?","R","E","R","T","COS","M","E"],"character_chosen":"HERMIT","items_purchased":["hermit:Determination","hermit:Dive","hermit:DeadOrAlive","hermit:Snipe","hermit:Determination","hermit:Dive"],"campfire_rested":0,"item_purchase_floors":[0,0,0,0,0,4],"current_hp_per_floor":[45,40,34,34,42,42,32,32,32,32,12,0,0],"gold":35,"neow_bonus":"","is_daily":false,"chose_seed":false,"campfire_upgraded":1,"win_rate":0.0,"timestamp":1613516710,"path_taken":["M","?","?","$","?","R","E","R","T","COS","?","E"],"items_purchased_type":["Card","Card","Card","Card","Card","Card"],"build_version":"2020-12-22","purchased_purges":1,"victory":false,"max_hp_per_floor":[75,75,75,75,75,75,75,75,75,75,75,75,75],"card_choices":[{"not_picked":["hermit:Feint","hermit:PistolWhip"],"picked":"hermit:Combo","floor":1},{"not_picked":["hermit:PistolWhip","hermit:Spite"],"picked":"hermit:Vantage","floor":2},{"not_picked":["hermit:Roulette","hermit:PistolWhip"],"picked":"hermit:Determination","floor":3},{"not_picked":["hermit:HighCaliber","hermit:LuckOfTheDraw"],"picked":"hermit:ShadowCloak","floor":7},{"not_picked":["hermit:Enervate","hermit:Glare"],"picked":"hermit:Gestalt","floor":11}],"player_experience":347066,"relics_obtained":[{"floor":7,"key":"Girya"},{"floor":9,"key":"infinitespire:Bottled Soul"}],"event_choices":[],"is_beta":false,"boss_relics":[],"items_purged_floors":[0],"is_endless":false,"potions_floor_spawned":[1],"killed_by":"Gensokyo:Cirno","ascension_level":0}}