{"host":"4qp30tywltrhkmjj","time":1613500741,"event":{"mods":["2.2 Compatiblity","AchievementEnabler","Act Like it!","Ascension Unlocker","Aspiration","BaseMod","Bestiary","Better Altar","Better Match","Better Note","Better Skull","Better Third Choice","BetterRewards","CCEM2","CapriCore","Challenge The Spire","Colored Map","Colored Powertips","Conjunction","Conspire","Defuse TimeMaze Blight","Displayed Cursed Tome","Downfall","EXCEPTION","Emptier Cage","Energized Spire","Exacting","Gold Saver","Halation","Highlight Path","Hubris","Infinite Spire","Jedi Mod","Lobotomy","LobotomyExtend","Magitek Elite","Minty Spire (QoL Compilation)","Poor People Problems","Replay The Spire","SacredBarkPlus","Shop Mod","Spicy Shops","Spire Arcade","StSLib","The Blue Laboratory","Transform Curses","Uncapped","Unceasing Turn Reminder","Wandering Minibosses","Yuri Mod"],"gold_per_floor":[99,109,122,132,132,152,222,322,322,353,365,383,483,483,483,408,438,438,438,438],"floor_reached":18,"language":"ENG","playtime":793,"items_purged":[],"score":120,"play_id":"67aaeab3-4efc-490a-a2dc-c0480c56988e","local_time":"20210216193901","is_ascension_mode":true,"campfire_choices":[{"floor":1,"key":"DIG"}],"circlet_count":0,"master_deck":["champ:Strike","champ:Strike","champ:Strike","champ:Strike","champ:Defend","champ:Defend","champ:Defend","champ:Defend","champ:Execute","champ:Taunt","champ:StanceDance","champ:BerserkersShout","champ:StanceDance+1","champ:FanOfKnives","champ:CalledShot","champ:StanceDance","champ:VampiricStrike","champ:CrookedStrike+1","champ:SwordSigil"],"relics":["champ:ChampionCrown","Happy Flower","LetterFromLob","Incense Burner","Champion Belt"],"acts_visited":["Exordium"],"potions_floor_usage":[3,18],"damage_taken":[{"damage":16,"enemies":"2 Louse","floor":2,"turns":3},{"damage":33,"enemies":"Small Slimes","floor":3,"turns":7},{"damage":16,"enemies":"Jaw Worm","floor":4,"turns":3},{"damage":18,"enemies":"2 Fungi Beasts","floor":6,"turns":3},{"damage":41,"enemies":"3 Sentries","floor":10,"turns":6},{"damage":15,"enemies":"Large Slime","floor":11,"turns":5},{"damage":15,"enemies":"Red Slaver","floor":12,"turns":4},{"damage":39,"enemies":"Red Slaver","floor":13,"turns":3},{"damage":24,"enemies":"2 Fungi Beasts","floor":17,"turns":2},{"damage":66,"enemies":"DF_ARCHETYPE_STREAMLINE","floor":18,"turns":6}],"seed_played":"3336901279649017141","potions_obtained":[{"floor":2,"key":"Guardian:BlockOnCardUsePotion"},{"floor":3,"key":"blueLaboratory:AbyssPotion"},{"floor":4,"key":"blueLaboratory:ArtificerPotion"},{"floor":6,"key":"champ:TechniquePotion"}],"is_trial":false,"path_per_floor":["R_BF","M","M","M","?","M","T","?","?","E","M","M","?","PTL","PTL","?","M","B"],"character_chosen":"THE_CHAMP","items_purchased":[],"campfire_rested":0,"item_purchase_floors":[],"current_hp_per_floor":[99,93,90,89,89,81,81,81,81,60,60,60,46,46,46,46,37,0,0,0],"gold":438,"neow_bonus":"TEN_PERCENT_HP_BONUS","is_daily":false,"chose_seed":false,"campfire_upgraded":0,"win_rate":0.0,"timestamp":1613500741,"path_taken":["R_BF","M","M","M","?","M","T","?","?","E","M","?","?","PTL","PTL","?","M","BOSS"],"items_purchased_type":[],"build_version":"2020-12-22","purchased_purges":0,"victory":false,"max_hp_per_floor":[99,99,99,99,99,99,99,99,99,99,99,99,99,99,99,99,99,99,99,99],"card_choices":[{"not_picked":["champ:Haymaker","champ:CrownThrow"],"picked":"champ:StanceDance","floor":2},{"not_picked":["champ:AdrenalArmor","champ:Backstep"],"picked":"champ:BerserkersShout","floor":3},{"not_picked":["champ:PerfectedStrike","champ:ShieldSigil"],"picked":"champ:StanceDance","floor":4},{"not_picked":["champ:PerfectedStrike","champ:FaceSlap"],"picked":"champ:FanOfKnives","floor":6},{"not_picked":["champ:Circumvent","champ:ShieldThrow"],"picked":"champ:CalledShot","floor":10},{"not_picked":["champ:Haymaker","champ:Shatter","champ:DefensiveShout"],"picked":"SKIP","floor":11},{"not_picked":["champ:GutPunch","champ:DefensiveShout"],"picked":"champ:StanceDance","floor":12},{"not_picked":["champ:FalseCounter","champ:PerfectedStrike"],"picked":"champ:VampiricStrike","floor":13},{"not_picked":["champ:DefensiveStyle+1","champ:Encircle+1"],"picked":"champ:CrookedStrike+1","floor":16},{"not_picked":["champ:RecklessLeap","champ:HeartStrike"],"picked":"champ:SwordSigil","floor":17}],"player_experience":467302,"relics_obtained":[{"floor":1,"key":"Happy Flower"},{"floor":2,"key":"LetterFromLob"},{"floor":10,"key":"Incense Burner"},{"floor":13,"key":"Champion Belt"}],"event_choices":[{"damage_healed":0,"gold_gain":0,"player_choice":"Leave","damage_taken":0,"max_hp_gain":0,"max_hp_loss":0,"event_name":"conspire:Investor","floor":9,"gold_loss":0},{"damage_healed":0,"gold_gain":0,"player_choice":"2","damage_taken":0,"max_hp_gain":0,"max_hp_loss":0,"event_name":"betterMatch:BetterMatch","floor":16,"gold_loss":0,"cards_obtained":["betterMatch:UncommonCard"]}],"is_beta":false,"boss_relics":[],"items_purged_floors":[],"is_endless":false,"potions_floor_spawned":[2,4,6],"killed_by":"DF_ARCHETYPE_STREAMLINE","ascension_level":1}}