{"host":"lnnm69al9x392px5","time":1613458305,"event":{"mods":["BaseMod","Downfall","Minty Spire (QoL Compilation)","Reliquary","Replay The Spire","StSLib"],"gold_per_floor":[99,113,113,128,138,10,82,101,113,113,113,131,131,162,182,279,279,279,299,299,325,342,361,361,388,388,388,388],"floor_reached":26,"language":"ENG","playtime":877,"items_purged":["downfall:Malfunctioning"],"score":230,"play_id":"db6efa7c-262d-40e8-948d-014669a07451","local_time":"20210215225145","is_ascension_mode":false,"campfire_choices":[{"floor":1,"key":"DIG"},{"data":"Slimebound:OneTwoCombo","floor":13,"key":"SMITH"},{"data":"Slimebound:OozeBath","floor":18,"key":"SMITH"}],"circlet_count":0,"master_deck":["Slimebound:Tackle","Slimebound:Defend_Slimebound","Slimebound:Defend_Slimebound","Slimebound:Defend_Slimebound","Slimebound:Split","Slimebound:CorrosiveSpit","Slimebound:SplitAcid","Slimebound:SlimeTap","Slimebound:Schlurp","Slimebound:ForwardTackle","Slimebound:GoopSpray","Slimebound:OneTwoCombo+1","Slimebound:SpikyOuterGoop+1","Slimebound:SlimeBarrage","Slimebound:SplitBruiser","Slimebound:SpikyOuterGoop","Slimebound:OozeBath+1","Slimebound:Tackle+1","Slimebound:Tackle+1","Slimebound:Tackle+1","Slimebound:LivingWall","Slimebound:SplitAcid","Slimebound:RainOfGoop+1"],"relics":["reliquary:KinkedSpring","reliquary:QuartzCube","Snack Pack","FossilizedHelix","Shuriken","SlaversCollar","reliquary:Knoch","Turnip","Counterbalance"],"acts_visited":["Exordium","TheCity"],"potions_floor_usage":[25],"damage_taken":[{"damage":0,"enemies":"2 Louse","floor":2,"turns":2},{"damage":1,"enemies":"Cultist","floor":4,"turns":3},{"damage":7,"enemies":"Small Slimes","floor":5,"turns":3},{"damage":3,"enemies":"downfall:FleeingMerchant","floor":6,"turns":4},{"damage":14,"enemies":"Exordium Thugs","floor":8,"turns":3},{"damage":4,"enemies":"Gremlin Gang","floor":9,"turns":4},{"damage":0,"enemies":"3 Louse","floor":12,"turns":4},{"damage":9,"enemies":"3 Sentries","floor":14,"turns":5},{"damage":0,"enemies":"downfall:LooterAlt","floor":15,"turns":2},{"damage":9,"enemies":"IC_STATUS_ARCHETYPE","floor":16,"turns":5},{"damage":0,"enemies":"3 Byrds","floor":19,"turns":3},{"damage":11,"enemies":"Shell Parasite","floor":22,"turns":2},{"damage":30,"enemies":"Snake Plant","floor":23,"turns":3},{"damage":25,"enemies":"Book of Stabbing","floor":25,"turns":5},{"damage":8,"enemies":"Centurion and Healer","floor":26,"turns":1}],"seed_played":"1116729598379815544","potions_obtained":[{"floor":8,"key":"Explosive Potion"},{"floor":12,"key":"Slimebound:SlimyTonguePotion"},{"floor":14,"key":"Elixir"},{"floor":22,"key":"Flashbang"}],"is_trial":false,"path_per_floor":["R","M","?","M","M","$","T","M","M","?","?","M","R","E","M","B",null,"R","M","?","T","M","M","T","E","M"],"character_chosen":"SLIMEBOUND","items_purchased":["Slimebound:ForwardTackle"],"campfire_rested":0,"item_purchase_floors":[6],"current_hp_per_floor":[65,65,65,64,57,54,54,40,36,33,33,33,33,26,28,21,65,65,65,65,65,56,28,28,5,0,0,0],"gold":388,"neow_bonus":"BOSS_RELIC","is_daily":false,"chose_seed":false,"campfire_upgraded":2,"win_rate":0.0,"timestamp":1613458305,"path_taken":["R","M","?","M","?","$","T","M","M","?","?","M","R","E","M","BOSS","R","M","?","?","?","M","T","E","M"],"items_purchased_type":["Card"],"build_version":"2020-12-22","purchased_purges":1,"victory":false,"max_hp_per_floor":[65,65,65,65,65,65,65,65,65,65,65,65,65,65,65,65,65,65,65,65,65,65,65,65,65,65,65,65],"card_choices":[{"not_picked":["Slimebound:SplitLeeching","Slimebound:HauntingLick"],"picked":"Slimebound:SplitAcid","floor":2},{"not_picked":["Slimebound:ItLooksTasty","Slimebound:BestDefense"],"picked":"Slimebound:SlimeTap","floor":4},{"not_picked":["Slimebound:Gluttony","Slimebound:RollThrough"],"picked":"Slimebound:SplitBruiser","floor":5},{"not_picked":["Slimebound:LeechingTouch","Slimebound:GrowthPunch"],"picked":"Slimebound:Schlurp","floor":6},{"not_picked":["Slimebound:ViciousTackle","Slimebound:Gluttony"],"picked":"Slimebound:GoopSpray","floor":8},{"not_picked":["Slimebound:SamplingLick","Slimebound:LevelUp"],"picked":"Slimebound:OneTwoCombo","floor":9},{"not_picked":["Slimebound:SplitAcid","Slimebound:ForwardTackle"],"picked":"Slimebound:SlimeBarrage","floor":12},{"not_picked":["Slimebound:FlameTackle","Slimebound:ViciousTackle"],"picked":"Slimebound:SplitBruiser","floor":14},{"not_picked":["Slimebound:FlameTackle","Slimebound:ItLooksTasty"],"picked":"Slimebound:SpikyOuterGoop","floor":15},{"not_picked":["Slimebound:Teamwork","Slimebound:DuplicatedForm"],"picked":"Slimebound:OozeBath","floor":16},{"not_picked":["Slimebound:LeechingTouch","Slimebound:Replication","Slimebound:GoopSpray"],"picked":"SKIP","floor":19},{"not_picked":["Slimebound:SpikyOuterGoop","Slimebound:Replication"],"picked":"Slimebound:LivingWall","floor":22},{"not_picked":["Slimebound:HauntingLick","Slimebound:HungryTackle"],"picked":"Slimebound:SplitAcid","floor":23},{"not_picked":["Slimebound:Prepare","Slimebound:ViciousTackle"],"picked":"Slimebound:RainOfGoop+1","floor":25}],"player_experience":308140,"relics_obtained":[{"floor":1,"key":"reliquary:QuartzCube"},{"floor":7,"key":"Snack Pack"},{"floor":14,"key":"Shuriken"},{"floor":21,"key":"reliquary:Knoch"},{"floor":24,"key":"Turnip"},{"floor":25,"key":"Counterbalance"}],"event_choices":[{"damage_healed":0,"gold_gain":0,"player_choice":"Success","damage_taken":3,"relics_obtained":["FossilizedHelix"],"max_hp_gain":0,"max_hp_loss":0,"event_name":"Scrap Ooze","floor":10,"gold_loss":0}],"is_beta":false,"boss_relics":[{"not_picked":["Kintsugi","Pandora\u0027s Box"],"picked":"SlaversCollar"}],"items_purged_floors":[6],"is_endless":false,"potions_floor_spawned":[8,12,14,22],"killed_by":"Centurion and Healer","ascension_level":0}}