{"host":"gzsdmyo07u314vug","time":1613484407,"event":{"mods":["2.2 Compatiblity","Astrologer","BaseMod","Colored Powertips","GifTheSpireLib","Gremlin Mod","Hermit","Jorbs\u0027s Wanderer Trilogy","Minty Spire (QoL Compilation)","Quick Restart","Rare Cards Sparkle","Relic Stats","Replay The Spire","Robot Space Explorer","Shop Mod","StSLib","The Bladedancer","The Bug Knight","The Construct","The Cursed","The Elementalist","The Hierophant","The IronCluck","The Marked","The Necromancer","The Runesmith","The Servant 0.9.4","Unceasing Turn Reminder","everything is the same but u backflip on backflip","slay the spire mod where everything is the same but ironclad has a cowboy hat"],"gold_per_floor":[109,121,46,46,58,85,85,113,138,167,167,183,216,226,226,331,331,344,344,363,113,131,163,163,78,78,78,28,28,44,70,70,170,170,181,227,207,227,244,244,264,264,290,320,40,52,79,99,99,99],"floor_reached":51,"language":"ENG","playtime":2468,"items_purged":["Strike_P","Strike_P","Eruption","Defend_P"],"score":1391,"play_id":"a50b9fa4-4762-49bf-9341-b1d67b5fd1be","local_time":"20210216110647","is_ascension_mode":true,"campfire_choices":[{"data":"Judgement","floor":7.0,"key":"SMITH"},{"data":"PathToVictory","floor":11.0,"key":"SMITH"},{"floor":15.0,"key":"REST"},{"data":"Strike_P","floor":24,"key":"PURGE"},{"data":"Strike_P","floor":27,"key":"PURGE"},{"data":"Vigilance","floor":32,"key":"PURGE"},{"data":"EmptyBody","floor":40,"key":"PURGE"},{"data":"Fasting2","floor":42,"key":"SMITH"},{"data":"Fasting2","floor":49,"key":"SMITH"}],"circlet_count":0,"master_deck":["Defend_P","Defend_P","Defend_P","Judgement+1","ThirdEye","PathToVictory+1","Evaluate","Replay:DivineShield","PathToVictory+1","CurseOfTheBell","Replay:AtTheReady+1","Fasting2+1","Fasting2+1"],"relics":["PureWater","Simple Rune","Art of War","Iron Hammer","ReplayTheSpireMod:Lightbulb","Peace Pipe","Mercury Hourglass","Calling Bell","Blood Vial","Snack Pack","Pocketwatch","ClockworkSouvenir","Smiling Mask","ReplayTheSpireMod:Shallot","Replay:Rubber Ducky","BranchBurnRelic","Philosopher\u0027s Stone","construct:RocketBooster","Replay:Baseball","Darkstone Periapt","TheAbacus","Juzu Bracelet"],"acts_visited":["Exordium","TheCity","TheBeyond"],"potions_floor_usage":[22,33,50],"damage_taken":[{"damage":0.0,"enemies":"Cultist","floor":1.0,"turns":2.0},{"damage":0.0,"enemies":"Small Slimes","floor":2.0,"turns":2.0},{"damage":0.0,"enemies":"2 Louse","floor":5.0,"turns":3.0},{"damage":14.0,"enemies":"3 Sentries","floor":6.0,"turns":11.0},{"damage":8.0,"enemies":"HollowMod:MossKnight","floor":8.0,"turns":8.0},{"damage":0.0,"enemies":"Replay:BlueRogue","floor":10.0,"turns":5.0},{"damage":0.0,"enemies":"Exordium Wildlife","floor":12.0,"turns":5.0},{"damage":34.0,"enemies":"Gremlin Nob","floor":13.0,"turns":5.0},{"damage":0.0,"enemies":"2 Fungi Beasts","floor":14.0,"turns":2.0},{"damage":2.0,"enemies":"The Guardian","floor":16.0,"turns":7.0},{"damage":0.0,"enemies":"Chosen","floor":18.0,"turns":4.0},{"damage":2,"enemies":"Cultist and Chosen","floor":20,"turns":4},{"damage":0,"enemies":"Centurion and Healer","floor":22,"turns":3},{"damage":19,"enemies":"Gremlin Leader","floor":23,"turns":5},{"damage":0,"enemies":"Snecko","floor":30,"turns":4},{"damage":0,"enemies":"Slavers","floor":31,"turns":6},{"damage":38,"enemies":"Pondfish","floor":33,"turns":10},{"damage":0,"enemies":"Orb Walker","floor":35,"turns":3},{"damage":0,"enemies":"2 Orb Walkers","floor":36,"turns":5},{"damage":0,"enemies":"3 Darklings","floor":38,"turns":5},{"damage":0,"enemies":"Sphere and 2 Shapes","floor":39,"turns":3},{"damage":0,"enemies":"Spire Growth","floor":41,"turns":4},{"damage":0,"enemies":"Nemesis","floor":44,"turns":3},{"damage":0,"enemies":"4 Shapes","floor":46,"turns":5},{"damage":0,"enemies":"R_Hoarder","floor":47,"turns":10},{"damage":0,"enemies":"Jaw Worm Horde","floor":48,"turns":4},{"damage":0,"enemies":"Replay:Hell Engine","floor":50,"turns":7}],"seed_played":"7453665994936453522","potions_obtained":[{"floor":6.0,"key":"Energy Potion"},{"floor":8.0,"key":"LifebloodPotion"},{"floor":13.0,"key":"Swift Potion"},{"floor":16.0,"key":"LiquidMemories"},{"floor":20,"key":"Swift Potion"},{"floor":23,"key":"BottledMiracle"},{"floor":31,"key":"Elixir"},{"floor":35,"key":"Doom Potion"},{"floor":37,"key":"Dexterity Potion"}],"is_trial":false,"path_per_floor":["M","M","$","?","M","E","R","E","T","E","R","M","E","M","R","B",null,"M","?","M","$","M","E","R","?","T","R","$","?","M","E","R","B",null,"M","?","?","M","M","R","M","R","T","E","$","M","E","M","R","B",null],"character_chosen":"WATCHER","items_purchased":["ClockworkSouvenir","TheAbacus","Fasting2"],"campfire_rested":1,"item_purchase_floors":[21,45,45],"current_hp_per_floor":[65,65,65,62,62,48,48,40,40,40,40,40,6,6,27,25,60,62,49,49,49,51,34,34,34,34,34,34,34,36,38,38,17,62,64,66,66,68,70,70,77,77,77,77,77,77,77,77,77,77],"gold":99,"neow_bonus":"ONE_RANDOM_RARE_CARD","is_daily":false,"chose_seed":false,"campfire_upgraded":4,"win_rate":0.0,"timestamp":1613484407,"path_taken":["M","?","$","?","M","E","R","E","T","E","R","M","E","M","R","BOSS","M","?","M","$","M","E","R","?","T","R","?","?","M","E","R","BOSS","M","?","?","M","M","R","M","R","T","E","$","M","E","M","R","BOSS"],"items_purchased_type":["Relic","Relic","Card"],"build_version":"2020-12-22","purchased_purges":4,"victory":true,"max_hp_per_floor":[72,72,72,72,72,72,72,72,72,72,72,72,72,72,72,72,72,72,77,77,77,77,77,77,77,77,77,77,77,77,77,77,77,77,77,77,77,77,77,77,77,77,77,77,77,77,77,77,77,77],"relic_stats":{"Peace Pipe":4,"Blood Vial":24,"Darkstone Periapt":0,"TheAbacus":[78],"counters":[27,134],"Art of War":[77],"Juzu Bracelet":0,"Smiling Mask":175,"obtain_stats":[{"Darkstone Periapt":44,"construct:RocketBooster":36,"Dead Branch":31,"Juzu Bracelet":47,"Smiling Mask":23,"Mercury Hourglass":13,"ClockworkSouvenir":21,"Replay:Rubber Ducky":26,"Peace Pipe":10,"Calling Bell":17,"Blood Vial":17,"BranchBurnRelic":32,"Replay:Baseball":43,"TheAbacus":45,"ReplayTheSpireMod:Shallot":25,"Simple Rune":4,"Philosopher\u0027s Stone":34,"Iron Hammer":8,"Art of War":6,"Snack Pack":17,"PureWater":0,"ReplayTheSpireMod:Lightbulb":9,"Pocketwatch":17},{"Darkstone Periapt":23,"construct:RocketBooster":19,"Dead Branch":16,"Juzu Bracelet":25,"Smiling Mask":14,"Mercury Hourglass":8,"ClockworkSouvenir":12,"Replay:Rubber Ducky":14,"Peace Pipe":6,"Calling Bell":10,"Blood Vial":10,"BranchBurnRelic":16,"Replay:Baseball":22,"TheAbacus":23,"ReplayTheSpireMod:Shallot":14,"Simple Rune":2,"Philosopher\u0027s Stone":17,"Iron Hammer":5,"Art of War":4,"Snack Pack":10,"PureWater":0,"ReplayTheSpireMod:Lightbulb":5,"Pocketwatch":10},{"Darkstone Periapt":108,"construct:RocketBooster":93,"Dead Branch":75,"Juzu Bracelet":123,"Smiling Mask":65,"Mercury Hourglass":41,"ClockworkSouvenir":57,"Replay:Rubber Ducky":65,"Peace Pipe":31,"Calling Bell":49,"Blood Vial":49,"BranchBurnRelic":75,"Replay:Baseball":105,"TheAbacus":108,"ReplayTheSpireMod:Shallot":65,"Simple Rune":4,"Philosopher\u0027s Stone":85,"Iron Hammer":26,"Art of War":18,"Snack Pack":49,"PureWater":0,"ReplayTheSpireMod:Lightbulb":26,"Pocketwatch":49}],"Mercury Hourglass":[370],"Pocketwatch":[138]},"card_choices":[{"not_picked":["Replay:BluntJabs","LikeWater"],"picked":"ThirdEye","floor":1.0},{"not_picked":["Protect","ClearTheMind"],"picked":"EmptyBody","floor":2.0},{"not_picked":["Replay:Battleflow","SashWhip"],"picked":"PathToVictory","floor":5.0},{"not_picked":["Prostrate","Devotion","Halt"],"picked":"SKIP","floor":6.0},{"not_picked":["Replay:ManipulateFuture","MentalFortress"],"picked":"Evaluate","floor":8.0},{"not_picked":["Halt","Replay:Battleflow","Consecrate"],"picked":"SKIP","floor":10.0},{"not_picked":["Swivel","CutThroughFate"],"picked":"Replay:DivineShield","floor":12.0},{"not_picked":["Protect","EmptyBody","SashWhip"],"picked":"SKIP","floor":13.0},{"not_picked":["Pray","EmptyFist"],"picked":"PathToVictory","floor":14.0},{"not_picked":["BowlingBash","CrushJoints","FlurryOfBlows"],"picked":"SKIP","floor":18.0},{"not_picked":["Consecrate","Indignation+1","SandsOfTime"],"picked":"SKIP","floor":20},{"not_picked":["Replay:AtTheReady","SashWhip","Scrawl"],"picked":"SKIP","floor":22},{"not_picked":["SashWhip","Scrawl"],"picked":"Replay:AtTheReady","floor":22},{"not_picked":["Protect","Nirvana","FearNoEvil+1"],"picked":"SKIP","floor":23},{"not_picked":["Weave","EmptyBody","Pray+1"],"picked":"SKIP","floor":30},{"not_picked":["CrushJoints+1","CarveReality","Judgement"],"picked":"SKIP","floor":31},{"not_picked":["JustLucky+1","ClearTheMind","SashWhip"],"picked":"SKIP","floor":35},{"not_picked":["InnerPeace","Evaluate+1"],"picked":"Fasting2","floor":36},{"not_picked":["Replay:Hum+1","EmptyFist+1","Collect+1"],"picked":"SKIP","floor":38},{"not_picked":["Halt+1","CrushJoints+1","CutThroughFate+1"],"picked":"SKIP","floor":39},{"not_picked":["ThirdEye","Collect+1","BowlingBash+1"],"picked":"SKIP","floor":41},{"not_picked":["Crescendo+1","DeusExMachina","BowlingBash+1"],"picked":"SKIP","floor":44},{"not_picked":["CutThroughFate+1","SashWhip","FlyingSleeves"],"picked":"SKIP","floor":46},{"not_picked":["ThirdEye+1","Consecrate","Prostrate"],"picked":"SKIP","floor":47},{"not_picked":["WindmillStrike","Protect+1","SashWhip+1"],"picked":"SKIP","floor":48}],"player_experience":908418,"relics_obtained":[{"floor":6.0,"key":"Art of War"},{"floor":8.0,"key":"Iron Hammer"},{"floor":9.0,"key":"ReplayTheSpireMod:Lightbulb"},{"floor":10.0,"key":"Peace Pipe"},{"floor":13.0,"key":"Mercury Hourglass"},{"floor":17.0,"key":"Blood Vial"},{"floor":17.0,"key":"Snack Pack"},{"floor":17.0,"key":"Pocketwatch"},{"floor":23,"key":"Smiling Mask"},{"floor":26,"key":"Replay:Rubber Ducky"},{"floor":31,"key":"Dead Branch"},{"floor":36,"key":"construct:RocketBooster"},{"floor":43,"key":"Replay:Baseball"},{"floor":44,"key":"Darkstone Periapt"},{"floor":47,"key":"Juzu Bracelet"}],"event_choices":[{"damage_healed":0.0,"max_hp_gain":0.0,"max_hp_loss":0.0,"gold_gain":0.0,"event_name":"Scrap Ooze","player_choice":"Success","floor":4.0,"gold_loss":0.0,"damage_taken":3.0,"relics_obtained":["Simple Rune"]},{"damage_healed":0.0,"max_hp_gain":5.0,"max_hp_loss":0.0,"gold_gain":0.0,"event_name":"Forgotten Altar","player_choice":"Shed Blood","floor":19.0,"gold_loss":0.0,"damage_taken":18.0},{"damage_healed":0,"gold_gain":0,"player_choice":"Obtained Relic","damage_taken":0,"relics_obtained":["ReplayTheSpireMod:Shallot"],"max_hp_gain":0,"max_hp_loss":0,"event_name":"Addict","floor":25,"gold_loss":85},{"damage_healed":0,"gold_gain":0,"player_choice":"Fight","damage_taken":0,"max_hp_gain":0,"max_hp_loss":0,"event_name":"Mysterious Sphere","floor":36,"gold_loss":0},{"damage_healed":0,"gold_gain":0,"player_choice":"Bought 1 Potion","damage_taken":0,"max_hp_gain":0,"max_hp_loss":0,"event_name":"The Woman in Blue","floor":37,"gold_loss":0}],"is_beta":false,"boss_relics":[{"not_picked":["construct:ClawGrip","Ectoplasm"],"picked":"Calling Bell"},{"not_picked":["ReplayTheSpireMod:DimensionalGlitch","SacredBark"],"picked":"Philosopher\u0027s Stone"}],"items_purged_floors":[3,21,28,45],"is_endless":false,"potions_floor_spawned":[6,8,13,16,20,23,31,35,38,46,47,48],"ascension_level":9}}