{"host":"6xghz2lkudss8si6","time":1613481833,"event":{"mods":["AchievementEnabler","BaseMod","Colored Map","DeckTracker","Minty Spire (QoL Compilation)","Quick Restart","StSLib","SuperFastMode"],"gold_per_floor":[117,117,136,22,22,22,42,42,117,117,134,149,6,37,37,134,134,148,77,90,90,101,101,126,34,34,60,60,60,60,75,75,179,179,197,220,220,179,195,214,230,230,230,104,104,104,120,7,7,7],"floor_reached":51,"language":"KOR","playtime":2443,"items_purged":["Strike_P","ConjureBlade+1"],"score":683,"play_id":"60a1c4ec-4993-44bb-af62-48d99aef2303","local_time":"20210216222353","is_ascension_mode":false,"campfire_choices":[{"data":"Eruption","floor":6.0,"key":"SMITH"},{"data":"FlyingSleeves","floor":8.0,"key":"SMITH"},{"data":"Ragnarok","floor":10.0,"key":"SMITH"},{"data":"CarveReality","floor":15.0,"key":"SMITH"},{"floor":23,"key":"REST"},{"data":"Apotheosis","floor":29,"key":"SMITH"},{"floor":32,"key":"REST"},{"floor":42,"key":"REST"},{"data":"Vault","floor":45,"key":"SMITH"},{"data":"Halt","floor":49,"key":"SMITH"}],"circlet_count":0,"master_deck":["Defend_P","Defend_P","Defend_P","Eruption+1","Vigilance","Ragnarok+1","Halt+1","FlyingSleeves+1","Swivel","Swivel","ThirdEye","CarveReality+1","Establishment","MasterReality","CutThroughFate+1","FollowUp+1","BattleHymn","Evaluate","Adaptation+1","Vengeance+1","Apotheosis+1","Vault+1","Consecrate+1","Panacea","Study+1","EmptyMind","Consecrate+1","Adaptation+1","ClearTheMind","LikeWater+1"],"relics":["PureWater","Mummified Hand","Membership Card","PreservedInsect","Astrolabe","Boot","HornCleat","Frozen Egg 2","SacredBark","Dream Catcher","MealTicket","Vajra","Damaru"],"acts_visited":["Exordium","TheCity","TheBeyond"],"potions_floor_usage":[27,33,50,50],"damage_taken":[{"damage":0.0,"enemies":"Cultist","floor":1.0,"turns":3.0},{"damage":1.0,"enemies":"Jaw Worm","floor":3.0,"turns":3.0},{"damage":0.0,"enemies":"2 Louse","floor":7.0,"turns":2.0},{"damage":0.0,"enemies":"Red Slaver","floor":11.0,"turns":2.0},{"damage":0.0,"enemies":"Exordium Wildlife","floor":12.0,"turns":1.0},{"damage":9.0,"enemies":"3 Sentries","floor":14.0,"turns":7.0},{"damage":6.0,"enemies":"The Guardian","floor":16.0,"turns":6.0},{"damage":0.0,"enemies":"Chosen","floor":18.0,"turns":2.0},{"damage":17,"enemies":"2 Thieves","floor":20,"turns":4},{"damage":21,"enemies":"Sentry and Sphere","floor":22,"turns":4},{"damage":6,"enemies":"Book of Stabbing","floor":24,"turns":3},{"damage":25,"enemies":"Slavers","floor":27,"turns":4},{"damage":0,"enemies":"Chosen and Byrds","floor":31,"turns":3},{"damage":9,"enemies":"Champ","floor":33,"turns":6},{"damage":25,"enemies":"Orb Walker","floor":35,"turns":4},{"damage":10,"enemies":"3 Shapes","floor":39,"turns":2},{"damage":0,"enemies":"Transient","floor":40,"turns":6},{"damage":8,"enemies":"4 Shapes","floor":41,"turns":6},{"damage":16,"enemies":"Spire Growth","floor":47,"turns":4},{"damage":23,"enemies":"Donu and Deca","floor":50,"turns":6}],"seed_played":"2091218905519745663","potions_obtained":[{"floor":1.0,"key":"Weak Potion"},{"floor":3.0,"key":"Fruit Juice"},{"floor":11.0,"key":"StancePotion"},{"floor":14.0,"key":"ColorlessPotion"},{"floor":18.0,"key":"CultistPotion"},{"floor":20,"key":"Regen Potion"},{"floor":27,"key":"LiquidMemories"},{"floor":33,"key":"GamblersBrew"},{"floor":40,"key":"Ancient Potion"}],"is_trial":false,"path_per_floor":["M","$","M","$","?","R","M","R","T","R","M","M","$","E","R","B",null,"M","$","M","$","M","R","E","$","T","E","?","R","?","M","R","B",null,"M","T","?","$","M","M","M","R","T","$","R","?","M","$","R","B",null],"character_chosen":"WATCHER","items_purchased":["Swivel","Membership Card","BattleHymn","Apotheosis","Study+1","Adaptation+1","ClearTheMind","Vajra","Damaru","DuplicationPotion"],"campfire_rested":3,"item_purchase_floors":[4,13,19,25,38,44,44,44,48,48],"current_hp_per_floor":[72,72,71,71,64,64,64,64,64,64,64,64,64,60,60,54,77,77,77,60,60,39,62,56,56,56,43,43,43,43,43,66,57,77,52,52,52,52,42,42,34,57,57,72,72,72,56,71,71,48],"gold":7,"neow_bonus":"ONE_RANDOM_RARE_CARD","is_daily":false,"chose_seed":false,"campfire_upgraded":7,"win_rate":0.0,"timestamp":1613481833,"path_taken":["M","?","M","$","?","R","M","R","T","R","M","M","?","E","R","BOSS","M","?","M","$","?","R","E","$","T","E","?","R","?","M","R","BOSS","M","?","?","$","M","M","?","R","T","$","R","?","?","?","R","BOSS"],"items_purchased_type":["Card","Relic","Card","Card","Card","Card","Card","Relic","Relic","Potion"],"build_version":"2020-12-22","purchased_purges":2,"victory":true,"max_hp_per_floor":[72,72,72,72,72,72,72,72,72,72,72,72,72,77,77,77,77,77,77,77,77,77,77,77,77,77,77,77,77,77,77,77,77,77,77,77,77,77,77,77,77,77,77,77,77,77,77,77,77,77],"card_choices":[{"not_picked":["Evaluate","DeceiveReality"],"picked":"Halt","floor":1.0},{"not_picked":["SignatureMove","Crescendo"],"picked":"FlyingSleeves","floor":3.0},{"not_picked":["ThirdEye","Perseverance"],"picked":"Swivel","floor":7.0},{"not_picked":["Fasting2","Evaluate"],"picked":"ThirdEye","floor":11.0},{"not_picked":["Fasting2","ClearTheMind"],"picked":"CarveReality","floor":12.0},{"not_picked":["Collect","CrushJoints"],"picked":"Establishment","floor":14.0},{"not_picked":["Ragnarok","LessonLearned"],"picked":"MasterReality","floor":16.0},{"not_picked":["Study","FollowUp"],"picked":"Conclude","floor":18.0},{"not_picked":["EmptyFist","CutThroughFate"],"picked":"Evaluate","floor":20},{"not_picked":["CrushJoints","EmptyFist"],"picked":"Adaptation+1","floor":22},{"not_picked":["EmptyBody","Wallop+1"],"picked":"Vengeance+1","floor":24},{"not_picked":["CutThroughFate","InnerPeace+1","Wallop+1"],"picked":"SKIP","floor":27},{"not_picked":["Fasting2+1","ThirdEye+1","SashWhip"],"picked":"SKIP","floor":31},{"not_picked":["Brilliance","Omniscience"],"picked":"Vault","floor":33},{"not_picked":["FlyingSleeves","JustLucky+1"],"picked":"Consecrate+1","floor":35},{"not_picked":["BowlingBash","WheelKick"],"picked":"EmptyMind","floor":39},{"not_picked":["Consecrate","SashWhip+1","Swivel+1"],"picked":"SKIP","floor":40},{"not_picked":["Evaluate","Crescendo"],"picked":"Consecrate+1","floor":41},{"not_picked":["FearNoEvil","FlyingSleeves+1"],"picked":"LikeWater+1","floor":47}],"player_experience":245390,"relics_obtained":[{"floor":9.0,"key":"Mummified Hand"},{"floor":14.0,"key":"PreservedInsect"},{"floor":24,"key":"Boot"},{"floor":26,"key":"HornCleat"},{"floor":27,"key":"Frozen Egg 2"},{"floor":36,"key":"Dream Catcher"},{"floor":43,"key":"MealTicket"}],"event_choices":[{"cards_removed":["Strike_P"],"damage_healed":0.0,"max_hp_gain":0.0,"max_hp_loss":0.0,"gold_gain":0.0,"event_name":"Golden Wing","player_choice":"Card Removal","floor":5.0,"gold_loss":0.0,"damage_taken":7.0},{"damage_healed":0,"gold_gain":0,"player_choice":"Ignored","damage_taken":0,"max_hp_gain":0,"max_hp_loss":0,"event_name":"Vampires","floor":28,"gold_loss":0},{"damage_healed":0,"gold_gain":0,"player_choice":"Ignored","damage_taken":0,"max_hp_gain":0,"max_hp_loss":0,"event_name":"NoteForYourself","floor":30,"gold_loss":0},{"damage_healed":0,"gold_gain":0,"player_choice":"1 cards matched","damage_taken":0,"max_hp_gain":0,"max_hp_loss":0,"event_name":"Match and Keep!","floor":37,"gold_loss":0,"cards_obtained":["Panacea"]},{"cards_removed":["Conclude"],"damage_healed":0,"gold_gain":0,"player_choice":"Card Removal","damage_taken":0,"max_hp_gain":0,"max_hp_loss":0,"event_name":"Wheel of Change","floor":46,"gold_loss":0}],"is_beta":false,"boss_relics":[{"not_picked":["Runic Dome","Black Star"],"picked":"Astrolabe"},{"not_picked":["Velvet Choker","Runic Pyramid"],"picked":"SacredBark"}],"items_purged_floors":[4,19],"is_endless":false,"potions_floor_spawned":[1,3,11,14,18,20,27,31,33,35,40,47],"ascension_level":0}}