{"host":"5y2vm16xfq9gfmb2","time":1613458896,"event":{"mods":["AchievementEnabler","BaseMod","Better Third Choice","Colored Map","Colored Powertips","DeckTracker","Friendly Minions","Marisa????????","Minty Spire (QoL Compilation)","Rare Cards Sparkle","Relic Stats","StSLib","The Alterego","The Animator","The Marked","The Servant 0.9.4","Yohane!"],"gold_per_floor":[118,118,128,148,166,497,497,497,520,538,551,581,176,14,14,110,160,176,176,195,206,206,217,217,235,235,252,252,264,264,277,277,374,374,392,392,410,420,182,182,182,182],"floor_reached":41,"language":"ENG","playtime":2814,"items_purged":[],"score":484,"play_id":"a9a9092e-bede-491a-aafe-4c3b51b5a363","local_time":"20210216020136","is_ascension_mode":false,"campfire_choices":[{"floor":7,"key":"RECALL"},{"floor":15,"key":"REST"},{"data":"alterego_mod:AlterEgo","floor":24,"key":"SMITH"},{"data":"alterego_mod:ClassAdvantage","floor":32,"key":"SMITH"},{"floor":40,"key":"REST"}],"circlet_count":0,"master_deck":["alterego_mod:Strike","alterego_mod:Strike","alterego_mod:Defend","alterego_mod:Defend","alterego_mod:Defend","alterego_mod:Defend","alterego_mod:Impale+1","alterego_mod:BigMeatyClaws","alterego_mod:BrynhildrsRune","alterego_mod:Alter+1","alterego_mod:Rip","alterego_mod:DeftHands","alterego_mod:Exercise","alterego_mod:Rip","alterego_mod:Birthday","alterego_mod:Mirror","alterego_mod:MagicResistance","alterego_mod:BeGentle","Panache","Bandage Up","alterego_mod:AlterEgo","alterego_mod:ClassAdvantage+1","alterego_mod:Clones","alterego_mod:GoddessCore","alterego_mod:Undulate","alterego_mod:AlterEgo+1","alterego_mod:DeftHands+1","alterego_mod:Exercise","alterego_mod:Smother","alterego_mod:STier","alterego_mod:Undulate+1","alterego_mod:Bunnysuit+1","alterego_mod:SakuraFive+1","alterego_mod:SuperDuperMasochism","Madness","Madness","alterego_mod:BreastValley+1","alterego_mod:Valentines"],"relics":["alterego_mod:MasochisticConstitution","Old Coin","Smiling Mask","InkBottle","alterego_mod:SistersRibbon","Tiny House","Pear","Pantograph","MealTicket","alterego_mod:SomeoneToFightFor","Astrolabe","Toxic Egg 2"],"acts_visited":["Exordium","TheCity","TheBeyond"],"potions_floor_usage":[6,16,16,20,21,33,33,38,41],"damage_taken":[{"damage":0,"enemies":"Jaw Worm","floor":1,"turns":5},{"damage":8,"enemies":"Cultist","floor":3,"turns":3},{"damage":0,"enemies":"Small Slimes","floor":4,"turns":4},{"damage":13,"enemies":"Red Slaver","floor":5,"turns":7},{"damage":24,"enemies":"Lagavulin","floor":6,"turns":10},{"damage":8,"enemies":"Blue Slaver","floor":10,"turns":5},{"damage":12,"enemies":"Looter","floor":11,"turns":5},{"damage":50,"enemies":"3 Sentries","floor":12,"turns":10},{"damage":47,"enemies":"Hexaghost","floor":16,"turns":8},{"damage":27,"enemies":"3 Byrds","floor":18,"turns":6},{"damage":60,"enemies":"Spheric Guardian","floor":20,"turns":6},{"damage":57,"enemies":"Cultist and Chosen","floor":21,"turns":6},{"damage":30,"enemies":"Sentry and Sphere","floor":23,"turns":7},{"damage":56,"enemies":"Snake Plant","floor":25,"turns":4},{"damage":30,"enemies":"Centurion and Healer","floor":27,"turns":6},{"damage":26,"enemies":"Chosen and Byrds","floor":29,"turns":5},{"damage":48,"enemies":"Snake Plant","floor":31,"turns":7},{"damage":60,"enemies":"Champ","floor":33,"turns":9},{"damage":21,"enemies":"3 Darklings","floor":35,"turns":4},{"damage":60,"enemies":"3 Shapes","floor":37,"turns":5},{"damage":23,"enemies":"Spire Growth","floor":38,"turns":7},{"damage":73,"enemies":"2 Orb Walkers","floor":41,"turns":7}],"seed_played":"8385832736096580992","potions_obtained":[{"floor":3,"key":"ColorlessPotion"},{"floor":6,"key":"Strength Potion"},{"floor":11,"key":"Regen Potion"},{"floor":12,"key":"BlessingOfTheForge"},{"floor":16,"key":"FearPotion"},{"floor":17,"key":"FairyPotion"},{"floor":25,"key":"Weak Potion"},{"floor":28,"key":"Regen Potion"},{"floor":28,"key":"Weak Potion"},{"floor":35,"key":"Block Potion"},{"floor":37,"key":"Dexterity Potion"}],"is_trial":false,"path_per_floor":["M","?","M","M","M","E","R","T","T","M","M","E","$","$","R","B",null,"M","T","M","M","T","M","R","M","T","M","?","M","?","M","R","B",null,"M","?","M","M","$","R","?"],"character_chosen":"The_Alterego","items_purchased":["alterego_mod:SistersRibbon","Panache","Bandage Up","alterego_mod:AlterEgo","Toxic Egg 2"],"campfire_rested":2,"item_purchase_floors":[13,13,13,14,39],"current_hp_per_floor":[70,70,63,63,51,28,28,28,28,30,55,8,8,8,30,73,82,62,72,24,11,11,79,79,68,68,54,54,33,33,80,80,47,101,87,74,15,14,29,60,0,0],"gold":182,"neow_bonus":"ONE_RANDOM_RARE_CARD","is_daily":false,"chose_seed":false,"campfire_upgraded":2,"win_rate":0.0,"timestamp":1613458896,"path_taken":["M","?","?","M","M","E","R","?","T","M","M","E","?","$","R","BOSS","M","?","M","?","?","?","R","M","T","M","?","?","?","M","R","BOSS","M","?","M","M","$","R","?"],"items_purchased_type":["Relic","Card","Card","Card","Relic"],"build_version":"2020-12-22","purchased_purges":0,"victory":false,"max_hp_per_floor":[70,70,71,71,72,73,73,73,73,74,75,76,76,76,76,77,82,83,93,94,95,95,96,96,97,97,98,98,99,99,100,100,101,101,102,102,103,104,104,104,104,104],"relic_stats":{"counters":[22,136],"Pantograph":20,"Astrolabe":["alterego_mod:Undulate","alterego_mod:Bunnysuit","alterego_mod:SakuraFive"],"MealTicket":15,"Smiling Mask":0,"obtain_stats":[{"alterego_mod:MasochisticConstitution":0,"Tiny House":17,"Pear":19,"Pantograph":22,"Astrolabe":34,"MealTicket":26,"alterego_mod:SistersRibbon":13,"alterego_mod:SomeoneToFightFor":30,"Toxic Egg 2":39,"Smiling Mask":9,"InkBottle":12,"Old Coin":6},{"alterego_mod:MasochisticConstitution":0,"Tiny House":9,"Pear":10,"Pantograph":12,"Astrolabe":18,"MealTicket":14,"alterego_mod:SistersRibbon":8,"alterego_mod:SomeoneToFightFor":16,"Toxic Egg 2":21,"Smiling Mask":5,"InkBottle":8,"Old Coin":5},{"alterego_mod:MasochisticConstitution":0,"Tiny House":57,"Pear":63,"Pantograph":75,"Astrolabe":113,"MealTicket":86,"alterego_mod:SistersRibbon":49,"alterego_mod:SomeoneToFightFor":97,"Toxic Egg 2":129,"Smiling Mask":29,"InkBottle":49,"Old Coin":29}],"InkBottle":[49]},"card_choices":[{"not_picked":["alterego_mod:Belts","alterego_mod:Bounce"],"picked":"alterego_mod:Rip","floor":1},{"not_picked":["alterego_mod:Cooking","alterego_mod:DiscoLights"],"picked":"alterego_mod:DeftHands","floor":3},{"not_picked":["alterego_mod:Pet","alterego_mod:Complex"],"picked":"alterego_mod:Exercise","floor":4},{"not_picked":["alterego_mod:Punishment","alterego_mod:Table"],"picked":"alterego_mod:Rip","floor":5},{"not_picked":["alterego_mod:Punishment","alterego_mod:Maid"],"picked":"alterego_mod:Birthday","floor":6},{"not_picked":["alterego_mod:HighServant","alterego_mod:Complex"],"picked":"alterego_mod:Mirror","floor":10},{"not_picked":["alterego_mod:TrashNCrash","alterego_mod:Rip"],"picked":"alterego_mod:MagicResistance","floor":11},{"not_picked":["alterego_mod:Jiggle","alterego_mod:MagicResistance"],"picked":"alterego_mod:BeGentle","floor":12},{"not_picked":["alterego_mod:Alter","alterego_mod:Palingenesis"],"picked":"alterego_mod:ClassAdvantage","floor":16},{"not_picked":["alterego_mod:Rip","alterego_mod:Birthday"],"picked":"alterego_mod:Clones","floor":17},{"not_picked":["alterego_mod:DeftHands","alterego_mod:Jiggle"],"picked":"alterego_mod:1TonWallop","floor":18},{"not_picked":["alterego_mod:1TonWallop","alterego_mod:Bunnysuit"],"picked":"alterego_mod:GoddessCore","floor":20},{"not_picked":["alterego_mod:SakuraPetals","alterego_mod:Bounce"],"picked":"alterego_mod:Undulate","floor":21},{"not_picked":["alterego_mod:Jiggle","alterego_mod:SakuraLabyrinth"],"picked":"alterego_mod:AlterEgo","floor":23},{"not_picked":["alterego_mod:Lingerie","alterego_mod:BiFurious"],"picked":"alterego_mod:DeftHands+1","floor":25},{"not_picked":["alterego_mod:DeftHands","alterego_mod:TrashNCrash"],"picked":"alterego_mod:Exercise","floor":27},{"not_picked":["alterego_mod:BeGentle","alterego_mod:Cooking+1","alterego_mod:1TonWallop"],"picked":"SKIP","floor":29},{"not_picked":["alterego_mod:Cooking","alterego_mod:DeftHands"],"picked":"alterego_mod:Smother","floor":31},{"not_picked":["alterego_mod:Antipathy","alterego_mod:ClassAdvantage"],"picked":"alterego_mod:STier","floor":33},{"not_picked":["alterego_mod:BiFurious+1","alterego_mod:Jiggle"],"picked":"alterego_mod:SuperDuperMasochism","floor":35},{"not_picked":["alterego_mod:SakuraPetals+1","alterego_mod:MagicResistance"],"picked":"alterego_mod:BreastValley+1","floor":37},{"not_picked":["alterego_mod:PresenceConcealment","alterego_mod:Collar+1"],"picked":"alterego_mod:Valentines","floor":38}],"player_experience":127922,"relics_obtained":[{"floor":6,"key":"Old Coin"},{"floor":9,"key":"Smiling Mask"},{"floor":12,"key":"InkBottle"},{"floor":19,"key":"Pear"},{"floor":22,"key":"Pantograph"},{"floor":26,"key":"MealTicket"}],"event_choices":[{"damage_healed":0,"gold_gain":0,"player_choice":"Upgraded","damage_taken":0,"max_hp_gain":0,"max_hp_loss":0,"event_name":"Upgrade Shrine","floor":2,"gold_loss":0,"cards_upgraded":["alterego_mod:Alter"]},{"damage_healed":0,"gold_gain":0,"player_choice":"Got Potions","damage_taken":0,"max_hp_gain":0,"max_hp_loss":0,"event_name":"Lab","floor":28,"gold_loss":0},{"damage_healed":0,"gold_gain":0,"player_choice":"Choice 2","damage_taken":0,"relics_obtained":["alterego_mod:SomeoneToFightFor"],"max_hp_gain":0,"max_hp_loss":0,"event_name":"Secret Garden","floor":30,"gold_loss":0},{"damage_healed":0,"gold_gain":0,"player_choice":"Embrace Madness","damage_taken":13,"max_hp_gain":0,"max_hp_loss":0,"event_name":"Winding Halls","floor":36,"gold_loss":0,"cards_obtained":["Madness","Madness"]},{"damage_healed":0,"gold_gain":0,"player_choice":"Fight","damage_taken":0,"max_hp_gain":0,"max_hp_loss":0,"event_name":"Mysterious Sphere","floor":41,"gold_loss":0}],"is_beta":false,"boss_relics":[{"not_picked":["SacredBark","Sozu"],"picked":"Tiny House"},{"not_picked":["Runic Dome","Snecko Eye"],"picked":"Astrolabe"}],"items_purged_floors":[],"is_endless":false,"potions_floor_spawned":[3,6,11,12,16,18,25,29,35,37],"killed_by":"2 Orb Walkers","ascension_level":0}}