{"host":"mjz23ua65frb32d6","time":1613508054,"event":{"mods":["Abigail Mod","AchievementEnabler","Act Like it!","Aspiration","Astrologer","Bard","Bartender","BaseMod","CCEM2","CapriCore","CatGirl Mod","Chen","Clockwork Mod","Conspire","Decade(???)","Downfall","Duelist Mod","Energized Spire","Fireblade Mod","Friendly Minions","FruityMod","Gensokyo","GifTheSpireLib","Glutton Mod","Googly Eyes","Gremlin Mod","GungeonMod","Halation","Hallownest","Hermit","Hubris","Infinite Spire","Ironclad Rager","Jedi Mod","Jorbs\u0027s Wanderer Trilogy","KinomotoSakuraMod(????)","Koishi","KomeijiMod","LagranYue(???·?)","Lobotomy","LobotomyExtend","Mad Scientist","Magitek Elite","Mari Mod (Legacy)","Mari\u0027s V1 Patch","Marisa????????","Melee Mod","Minty Spire (QoL Compilation)","MostiFishMod","Nova Terra(??·??)","Pale of the Ancients","Prisma Mod","Quarter Circle Forward PUNCH!","RRrroohrrRGHHhhh!!","Railgun Mod","Random Character Button","Rare Cards Sparkle","Reimu??????","Replay The Spire","Retaliation","Ruin Mod","RumiaBox-????????","SCP261 Mod","Slumbering Mod","Spikes Relics","Spire Birthday Party","StSLib","Stuff the Spire","The Administrix","The Animator","The Blackbeard","The Bladedancer","The Bug Knight","The Clintock","The Construct","The Cursed","The Druid","The Florist","The Forsaken","The Gatherer","The Hierophant","The Immortal","The Judge","The Juggle","The Jungle","The Kombatant","The Mystic","The Poker Player","The Problem Sleuth","The Runesmith","The Sage","The Saiyan","The Senshi","The Showman","The Spell Scribe","The Trickster","The Valiant","The Vixen","The Wild Card","TheBandit","TheFirefly","TheHero","Trackpad","Virulent Crown","Wandering Minibosses","WarShipGirlsR/????R mod","Warlord Emblem","Yuri Mod","thorton"],"gold_per_floor":[117,117,127,21,21,21,21],"floor_reached":6,"language":"ENG","playtime":352,"items_purged":[],"score":34,"play_id":"157a280c-74d4-4e4f-91ec-8a5860bc63a8","local_time":"20210216154054","is_ascension_mode":false,"campfire_choices":[],"circlet_count":0,"master_deck":["TheCursedMod:Strike_TheCursed","TheCursedMod:Strike_TheCursed","TheCursedMod:Strike_TheCursed","TheCursedMod:Strike_TheCursed","TheCursedMod:Defend_TheCursed","TheCursedMod:Defend_TheCursed","TheCursedMod:Defend_TheCursed","TheCursedMod:Defend_TheCursed","TheCursedMod:CursedWand","TheCursedMod:CleanUpWorkshop","TheCursedMod:Dregs","Hallucinations","TheCursedMod:PrepareRite","TheCursedMod:SpitefulPray","TheCursedMod:LuckyCharm","TheCursedMod:PrepareRite"],"relics":["TheCursedMod:BlackMagic101","DaveBox","LagranYue:RandomDrawCardRelic","AddBug","SecretRecord","Baka2"],"acts_visited":["Exordium"],"potions_floor_usage":[],"damage_taken":[{"damage":0,"enemies":"2 Louse","floor":1,"turns":3},{"damage":0,"enemies":"Jaw Worm","floor":3,"turns":2},{"damage":97,"enemies":"Gremlin Nob","floor":6,"turns":8}],"seed_played":"4623588592518863394","potions_obtained":[],"is_trial":false,"path_per_floor":["M","?","M","$","?","E"],"character_chosen":"THE_CURSED","items_purchased":["TheCursedMod:LuckyCharm","TheCursedMod:PrepareRite"],"campfire_rested":0,"item_purchase_floors":[4,4],"current_hp_per_floor":[89,89,89,89,89,0,0],"gold":21,"neow_bonus":"TWENTY_PERCENT_HP_BONUS","is_daily":false,"chose_seed":false,"campfire_upgraded":0,"win_rate":0.0,"timestamp":1613508054,"path_taken":["M","?","M","$","?","E"],"items_purchased_type":["Card","Card"],"build_version":"2020-12-22","purchased_purges":0,"victory":false,"max_hp_per_floor":[89,89,89,89,89,89,89],"card_choices":[{"not_picked":["TheCursedMod:SurpriseAttack","TheCursedMod:CursedBlade"],"picked":"TheCursedMod:PrepareRite","floor":1},{"not_picked":["TheCursedMod:CircleOfFlame","TheCursedMod:RapidMovement"],"picked":"TheCursedMod:SpitefulPray","floor":3}],"player_experience":200721,"relics_obtained":[{"floor":1,"key":"AddBug"},{"floor":1,"key":"Baka"},{"floor":1,"key":"SynthV:TestCard"},{"floor":1,"key":"LetterFromLob"},{"floor":3,"key":"Baka2"},{"floor":3,"key":"LetterFromLob"}],"event_choices":[],"is_beta":false,"boss_relics":[],"items_purged_floors":[],"is_endless":false,"potions_floor_spawned":[],"killed_by":"Gremlin Nob","ascension_level":0}}