{"host":"ormi09wwzv7sq47a","time":1613501450,"event":{"mods":["2.2 Compatiblity","AchievementEnabler","Act Like it!","BaseMod","Bestiary","Better Altar","Better Note","Better Sensory Stone","Better Silent Start","Better Skull","Better Third Choice","Better Vampires","BetterRewards","Block Reminder","Card Forge","Colored Map","Colored Powertips","Curses Come First","DeckTracker","Downfall","Highlight Path","Minty Spire (QoL Compilation)","Permanent Neow","Quick Restart","Rare Cards Sparkle","Relic Stats","Shop Mod","StSLib","The Jungle"],"gold_per_floor":[115,129,144,170,189,189,214,214,269,297,297,277,277,309,309,309,309],"floor_reached":16,"language":"ENG","playtime":715,"items_purged":["Strike_R"],"score":224,"play_id":"5d6739df-a3a2-47b0-a761-c589ea9dcecb","local_time":"20210216155050","is_ascension_mode":true,"campfire_choices":[{"data":"Flame Barrier","floor":6.0,"key":"SMITH"},{"floor":8,"key":"REST"},{"floor":11,"key":"REST"},{"data":"Demon Form","floor":13,"key":"SMITH"},{"data":"1","floor":15,"key":"LIFT"}],"circlet_count":0,"master_deck":["AscendersBane","Strike_R","Strike_R","Strike_R","Strike_R","Defend_R","Defend_R+1","Defend_R","Defend_R","Bash","Flame Barrier+1","Clothesline","Power Through+1","Shrug It Off","Burning Pact","Demon Form+1","Uppercut","Heavy Blade"],"relics":["Burning Blood","Hammer of Thor","Seething Fire","Anvil of the Gods","Medical Kit","Girya","Turnip","War Paint","Ice Cream","Akabeko","Lantern","Prayer Wheel"],"acts_visited":["Exordium"],"potions_floor_usage":[14,16,16],"damage_taken":[{"damage":6.0,"enemies":"Cultist","floor":1.0,"turns":4.0},{"damage":3.0,"enemies":"2 Louse","floor":2.0,"turns":6.0},{"damage":0.0,"enemies":"Small Slimes","floor":3.0,"turns":4.0},{"damage":2.0,"enemies":"Blue Slaver","floor":5.0,"turns":7.0},{"damage":59,"enemies":"Lagavulin","floor":7,"turns":14},{"damage":25,"enemies":"Gremlin Nob","floor":10,"turns":6},{"damage":15,"enemies":"Lagavulin","floor":14,"turns":6},{"damage":33,"enemies":"Slime Boss","floor":16,"turns":11}],"seed_played":"7779254569421461858","potions_obtained":[{"floor":1.0,"key":"Regen Potion"},{"floor":10,"key":"Fire Potion"},{"floor":12,"key":"Weak Potion"},{"floor":14,"key":"Explosive Potion"}],"is_trial":false,"path_per_floor":["M","M","M","T","M","R","E","R","T","E","R","?","R","E","R","B"],"character_chosen":"IRONCLAD","items_purchased":["Medical Kit","Turnip","Flame Barrier"],"campfire_rested":2,"item_purchase_floors":[0,0,0],"current_hp_per_floor":[33,51,57,57,61,61,8,30,30,11,33,33,33,24,24,0,0],"gold":309,"neow_bonus":"","is_daily":false,"chose_seed":false,"campfire_upgraded":2,"win_rate":0.0,"timestamp":1613501450,"path_taken":["M","?","M","?","?","R","E","R","T","E","R","?","R","E","R","BOSS"],"items_purchased_type":["Relic","Relic","Card"],"build_version":"2020-12-22","purchased_purges":1,"victory":false,"max_hp_per_floor":[75,75,75,75,75,75,75,75,75,75,75,75,75,75,75,75,75],"relic_stats":{"counters":[42,181],"Prayer Wheel":0,"Turnip":[9],"War Paint":["Defend_R","Power Through"],"Medical Kit":[9],"obtain_stats":[{"Darkstone Periapt":9,"Ice Cream":7,"Lantern":10,"Mango":0,"Hammer of Thor":0,"Whetstone":6,"Burning Blood":0,"MealTicket":0,"Prayer Wheel":14,"Kunai":10,"Girya":0,"Lee\u0027s Waffle":0,"Pear":0,"Self Forming Clay":21,"Blue Candle":14,"champ:DeflectingBracers":0,"The Courier":9,"betterThird:NestCultRelic":19,"Seething Fire":0,"War Paint":0,"MawBank":9,"Medical Kit":0,"Akabeko":9,"Bottled Flame":12,"Anvil of the Gods":0,"Turnip":0,"Coffee Dripper":17,"hexamod:BolsterEngine":0,"TungstenRod":0,"bronze:MakeshiftBattery":17},{"Darkstone Periapt":25,"Ice Cream":39,"Lantern":40,"Mango":20,"Hammer of Thor":0,"Whetstone":14,"Burning Blood":0,"MealTicket":20,"Prayer Wheel":41,"Kunai":17,"Girya":34,"Lee\u0027s Waffle":10,"Pear":10,"Self Forming Clay":8,"Blue Candle":28,"champ:DeflectingBracers":0,"The Courier":3,"betterThird:NestCultRelic":8,"Seething Fire":0,"War Paint":0,"MawBank":16,"Medical Kit":34,"Akabeko":39,"Bottled Flame":5,"Anvil of the Gods":0,"Turnip":34,"Coffee Dripper":7,"hexamod:BolsterEngine":10,"TungstenRod":10,"bronze:MakeshiftBattery":29},{"Darkstone Periapt":96,"Ice Cream":158,"Lantern":164,"Mango":83,"Hammer of Thor":0,"Whetstone":55,"Burning Blood":0,"MealTicket":83,"Prayer Wheel":170,"Kunai":67,"Girya":123,"Lee\u0027s Waffle":42,"Pear":42,"Self Forming Clay":32,"Blue Candle":102,"champ:DeflectingBracers":0,"The Courier":7,"betterThird:NestCultRelic":32,"Seething Fire":0,"War Paint":0,"MawBank":62,"Medical Kit":123,"Akabeko":158,"Bottled Flame":14,"Anvil of the Gods":0,"Turnip":123,"Coffee Dripper":27,"hexamod:BolsterEngine":42,"TungstenRod":42,"bronze:MakeshiftBattery":108}],"Burning Blood":222},"card_choices":[{"not_picked":["Power Through","Cleave"],"picked":"Clothesline","floor":1.0},{"not_picked":["Havoc","Intimidate"],"picked":"Power Through","floor":2.0},{"not_picked":["Flex","Dual Wield"],"picked":"Shrug It Off","floor":3.0},{"not_picked":["Dropkick","Cleave"],"picked":"Burning Pact","floor":5.0},{"not_picked":["Dual Wield","Armaments"],"picked":"Demon Form","floor":7},{"not_picked":["Searing Blow","Twin Strike"],"picked":"Uppercut","floor":10},{"not_picked":["Power Through","Sentinel"],"picked":"Heavy Blade","floor":14}],"player_experience":1095792,"relics_obtained":[{"floor":4.0,"key":"War Paint"},{"floor":7,"key":"Ice Cream"},{"floor":9,"key":"Akabeko"},{"floor":10,"key":"Lantern"},{"floor":14,"key":"Prayer Wheel"}],"event_choices":[{"damage_healed":0,"gold_gain":0,"player_choice":"Bought 1 Potion","damage_taken":0,"max_hp_gain":0,"max_hp_loss":0,"event_name":"The Woman in Blue","floor":12,"gold_loss":0}],"is_beta":false,"boss_relics":[],"items_purged_floors":[0],"is_endless":false,"potions_floor_spawned":[1,10,14],"killed_by":"Slime Boss","ascension_level":18}}