{"host":"ynimr9ugvc6f046i","time":1613450298,"event":{"mods":["2.2 Compatiblity","BaseMod","Colored Map","DeckTracker","Highlight Path","Keyboard Shortcuts","Minty Spire (QoL Compilation)","Permanent Neow","Quick Restart","StSLib","SuperFastMode"],"gold_per_floor":[16,16,28,28,43,43,72,85,133,133,176,199,234,252,252,335,362,389,402,58,68,78,78,120,120,120],"floor_reached":25,"language":"KOR","playtime":473,"items_purged":["Strike_B"],"score":490,"play_id":"824348a8-76ff-4c62-a5ff-5d6998f9db1c","local_time":"20210216133818","is_ascension_mode":true,"campfire_choices":[{"data":"Electrodynamics","floor":6.0,"key":"SMITH"},{"floor":10.0,"key":"REST"},{"data":"Defragment","floor":15.0,"key":"SMITH"},{"data":"Apotheosis","floor":23.0,"key":"SMITH"}],"circlet_count":0,"master_deck":["AscendersBane","Defend_B","Defend_B","Defend_B","Zap","Dualcast","Electrodynamics+1","Defragment+1","Ball Lightning","Conserve Battery","Storm","Undo","Ball Lightning","Heatsinks","Defragment+1","Amplify","Go for the Eyes+1","Static Discharge+1","Darkness+1","Consume","Apotheosis+1","Coolheaded","Compile Driver","Biased Cognition"],"relics":["Cracked Core","Symbiotic Virus","Oddly Smooth Stone","CeramicFish","Singing Bowl","Astrolabe","Happy Flower"],"acts_visited":["Exordium","TheCity"],"potions_floor_usage":[24],"damage_taken":[{"damage":2.0,"enemies":"2 Louse","floor":1.0,"turns":2.0},{"damage":8.0,"enemies":"Small Slimes","floor":3.0,"turns":2.0},{"damage":0.0,"enemies":"Cultist","floor":5.0,"turns":2.0},{"damage":21.0,"enemies":"Lagavulin","floor":7.0,"turns":7.0},{"damage":4.0,"enemies":"Red Slaver","floor":8.0,"turns":2.0},{"damage":6.0,"enemies":"3 Sentries","floor":11.0,"turns":3.0},{"damage":0.0,"enemies":"Large Slime","floor":12.0,"turns":3.0},{"damage":8.0,"enemies":"Gremlin Nob","floor":13.0,"turns":3.0},{"damage":0.0,"enemies":"Exordium Wildlife","floor":14.0,"turns":3.0},{"damage":4.0,"enemies":"The Guardian","floor":16.0,"turns":9.0},{"damage":22.0,"enemies":"2 Thieves","floor":18.0,"turns":3.0},{"damage":0.0,"enemies":"Chosen","floor":19.0,"turns":3.0},{"damage":23.0,"enemies":"Centurion and Healer","floor":21.0,"turns":4.0},{"damage":0.0,"enemies":"Sentry and Sphere","floor":22.0,"turns":2.0},{"damage":21,"enemies":"Book of Stabbing","floor":24,"turns":4},{"damage":10,"enemies":"Snake Plant","floor":25,"turns":1}],"seed_played":"-6649995721680931681","potions_obtained":[{"floor":1.0,"key":"SteroidPotion"},{"floor":3.0,"key":"FearPotion"},{"floor":13.0,"key":"FocusPotion"},{"floor":14.0,"key":"FocusPotion"},{"floor":22.0,"key":"Ancient Potion"}],"is_trial":false,"path_per_floor":["M","?","M","?","M","R","E","M","T","R","E","M","E","M","R","B",null,"M","M","$","M","M","R","E","M"],"character_chosen":"DEFECT","items_purchased":["Apotheosis","Coolheaded","Compile Driver"],"campfire_rested":1,"item_purchase_floors":[20,20,20],"current_hp_per_floor":[62,62,54,54,54,54,33,29,29,50,44,44,36,38,38,34,63,41,43,43,22,24,24,3,0,0],"gold":120,"neow_bonus":"THREE_RARE_CARDS","is_daily":false,"chose_seed":false,"campfire_upgraded":3,"win_rate":0.0,"timestamp":1613450298,"path_taken":["M","?","M","?","M","R","E","M","T","R","E","M","E","?","R","BOSS","BOSS","M","M","$","M","M","R","E","M"],"items_purchased_type":["Card","Card","Card"],"build_version":"2020-12-22","purchased_purges":1,"victory":false,"max_hp_per_floor":[71,71,71,71,71,71,71,71,71,71,71,71,71,73,73,73,73,73,75,75,77,79,79,79,79,79],"card_choices":[{"not_picked":["Reboot","Machine Learning"],"picked":"Electrodynamics","floor":0.0},{"not_picked":["Aggregate","Redo","Barrage"],"picked":"SKIP","floor":1.0},{"not_picked":["Tempest","Hologram","Ball Lightning"],"picked":"SKIP","floor":3.0},{"not_picked":["Tempest","Hologram"],"picked":"Ball Lightning","floor":3.0},{"not_picked":["Lockon","Leap"],"picked":"Conserve Battery","floor":5.0},{"not_picked":["Reboot","Redo"],"picked":"Storm","floor":7.0},{"not_picked":["Tempest","Rebound"],"picked":"Undo","floor":8.0},{"not_picked":["Steam","Doom and Gloom"],"picked":"Ball Lightning","floor":11.0},{"not_picked":["Streamline","Sweeping Beam"],"picked":"Heatsinks","floor":12.0},{"not_picked":["Redo","Streamline"],"picked":"Defragment","floor":13.0},{"not_picked":["Hologram","Ball Lightning","Go for the Eyes"],"picked":"Singing Bowl","floor":14.0},{"not_picked":["Creative AI","All For One"],"picked":"Amplify","floor":16.0},{"not_picked":["Beam Cell","Static Discharge+1"],"picked":"Consume","floor":18.0},{"not_picked":["Rip and Tear","Go for the Eyes","Steam"],"picked":"Singing Bowl","floor":19.0},{"not_picked":["Beam Cell","Stack","Rebound"],"picked":"Singing Bowl","floor":21.0},{"not_picked":["Go for the Eyes","Gash+1","Stack+1"],"picked":"Singing Bowl","floor":22.0},{"not_picked":["Rebound","Core Surge"],"picked":"Biased Cognition","floor":24}],"player_experience":580770,"relics_obtained":[{"floor":7.0,"key":"Symbiotic Virus"},{"floor":9.0,"key":"Oddly Smooth Stone"},{"floor":11.0,"key":"CeramicFish"},{"floor":13.0,"key":"Singing Bowl"},{"floor":24,"key":"Happy Flower"}],"event_choices":[{"damage_healed":0.0,"max_hp_gain":0.0,"max_hp_loss":0.0,"gold_gain":0.0,"cards_transformed":["Strike_B"],"event_name":"Living Wall","player_choice":"Change","floor":2.0,"gold_loss":0.0,"damage_taken":0.0,"cards_obtained":["Defragment"]},{"damage_healed":0.0,"max_hp_gain":0.0,"max_hp_loss":0.0,"gold_gain":0.0,"event_name":"Upgrade Shrine","player_choice":"Upgraded","floor":4.0,"gold_loss":0.0,"damage_taken":0.0,"cards_upgraded":["Defragment"]}],"is_beta":false,"boss_relics":[{"not_picked":["Calling Bell","Empty Cage"],"picked":"Astrolabe"}],"items_purged_floors":[20],"is_endless":false,"potions_floor_spawned":[1,3,8,13,14,16,19,21,22],"killed_by":"Snake Plant","ascension_level":20}}