{"host":"blhqr6uo32maonpv","time":1613457177,"event":{"mods":["BaseMod","Conspire","Downfall","Minty Spire (QoL Compilation)","StSLib","The Bug Knight","The Marked"],"gold_per_floor":[113,188,208,228,228,253,253,253,305,331,331,29,29,29,29,153,153,172,87,36,36,54,90,90,110,110,133,133,183,224,255,267,402,414,449,484,496,529,541,553,553],"floor_reached":40,"language":"ENG","playtime":1459,"items_purged":[],"score":457,"play_id":"bf206d0f-25c4-4a39-857c-77b059fd47ae","local_time":"20210216023257","is_ascension_mode":false,"campfire_choices":[{"floor":8,"key":"REST"},{"data":"Zap","floor":11,"key":"SMITH"},{"floor":15,"key":"REST"},{"data":"Echo Form","floor":24,"key":"SMITH"},{"floor":32,"key":"REST"}],"circlet_count":0,"master_deck":["Strike_B","Strike_B","Strike_B","Defend_B","Defend_B","Defend_B","Defend_B","Zap+1","Dualcast","Multi-Cast","Rebound","Barrage","Cold Snap","Electrodynamics","Gash","Seek","Seek","Gash","Go for the Eyes","Rip and Tear","Echo Form+1","Rebound+1","Sweeping Beam","Rebound","Echo Form","Go for the Eyes+1","Capacitor+1","Tempest+1"],"relics":["Cracked Core","Bronze Scales","Bag of Marbles","Anchor","Orichalcum","Tiny Chest","Golden Idol","Nuclear Battery","PreservedInsect","Happy Flower","Toy Ornithopter","HollowMod:LifeEnderRelic","Kunai","MawBank","conspire:SlowCooker","Mango"],"acts_visited":["Exordium","TheCity","TheBeyond"],"potions_floor_usage":[23,23,30,31,33,33,40],"damage_taken":[{"damage":2,"enemies":"Small Slimes","floor":1,"turns":3},{"damage":6,"enemies":"2 Louse","floor":3,"turns":2},{"damage":6,"enemies":"Cultist","floor":4,"turns":3},{"damage":37,"enemies":"Lagavulin","floor":6,"turns":8},{"damage":2,"enemies":"3 Sentries","floor":10,"turns":3},{"damage":45,"enemies":"The Guardian","floor":16,"turns":10},{"damage":0,"enemies":"Chosen","floor":18,"turns":3},{"damage":5,"enemies":"Spheric Guardian","floor":22,"turns":3},{"damage":8,"enemies":"Book of Stabbing","floor":23,"turns":3},{"damage":12,"enemies":"Chosen and Byrds","floor":25,"turns":5},{"damage":13,"enemies":"Snecko","floor":27,"turns":3},{"damage":0,"enemies":"Gremlin Leader","floor":30,"turns":4},{"damage":4,"enemies":"Snake Plant","floor":31,"turns":4},{"damage":55,"enemies":"Collector","floor":33,"turns":10},{"damage":15,"enemies":"3 Shapes","floor":35,"turns":5},{"damage":30,"enemies":"3 Darklings","floor":36,"turns":4},{"damage":20,"enemies":"Sphere and 2 Shapes","floor":38,"turns":5},{"damage":53,"enemies":"Nemesis","floor":40,"turns":3}],"seed_played":"1995830698028188465","potions_obtained":[{"floor":6,"key":"Ancient Potion"},{"floor":10,"key":"Weak Potion"},{"floor":16,"key":"champ:CounterPotion"},{"floor":22,"key":"LiquidBronze"},{"floor":23,"key":"ColorlessPotion"},{"floor":25,"key":"Block Potion"},{"floor":31,"key":"GamblersBrew"},{"floor":36,"key":"Ancient Potion"}],"is_trial":false,"path_per_floor":["M","?","M","M","?","E","?","R","T","E","R","$","?","?","R","B",null,"M","?","$","T","M","E","R","M","T","M","?","?","E","M","R","B",null,"M","M","T","M","?","E"],"character_chosen":"DEFECT","items_purchased":["Seek","Tiny Chest","Go for the Eyes"],"campfire_rested":3,"item_purchase_floors":[12,12,20],"current_hp_per_floor":[73,62,56,50,75,38,38,60,60,58,58,58,58,40,62,17,75,75,75,75,75,70,62,62,50,50,37,37,37,42,43,65,20,75,60,30,44,24,24,0,0],"gold":553,"neow_bonus":"ONE_RANDOM_RARE_CARD","is_daily":false,"chose_seed":false,"campfire_upgraded":2,"win_rate":0.0,"timestamp":1613457177,"path_taken":["M","?","M","M","?","E","?","R","T","E","R","$","?","?","R","BOSS","M","?","$","?","M","E","R","M","T","M","?","?","E","M","R","BOSS","M","?","?","M","?","E"],"items_purchased_type":["Card","Relic","Card"],"build_version":"2020-12-22","purchased_purges":0,"victory":false,"max_hp_per_floor":[75,75,75,75,75,75,75,75,75,75,75,75,75,75,75,75,75,75,75,75,75,75,75,75,75,75,75,75,75,75,75,75,75,75,75,75,89,89,89,89,89],"card_choices":[{"not_picked":["Redo","Ball Lightning"],"picked":"Rebound","floor":1},{"not_picked":["Reprogram","Heatsinks"],"picked":"Barrage","floor":3},{"not_picked":["Hologram","Go for the Eyes"],"picked":"Cold Snap","floor":4},{"not_picked":["Rebound","Coolheaded"],"picked":"Electrodynamics","floor":6},{"not_picked":["Force Field","Melter"],"picked":"Gash","floor":10},{"not_picked":["Electrodynamics","Thunder Strike"],"picked":"Seek","floor":16},{"not_picked":["Rebound","Compile Driver"],"picked":"Gash","floor":18},{"not_picked":["Glacier","Doom and Gloom+1"],"picked":"Rip and Tear","floor":22},{"not_picked":["Creative AI","Fusion"],"picked":"Echo Form","floor":23},{"not_picked":["Ball Lightning","Redo"],"picked":"Rebound+1","floor":25},{"not_picked":["Streamline","Steam"],"picked":"Sweeping Beam","floor":27},{"not_picked":["Chill+1","Go for the Eyes","Rainbow"],"picked":"SKIP","floor":30},{"not_picked":["Chaos","Conserve Battery+1"],"picked":"Rebound","floor":31},{"not_picked":["Reboot","Seek"],"picked":"Echo Form","floor":33},{"not_picked":["Beam Cell","Sweeping Beam+1"],"picked":"Go for the Eyes+1","floor":35},{"not_picked":["Steam Power","Undo+1"],"picked":"Capacitor+1","floor":36},{"not_picked":["Coolheaded","Chill+1"],"picked":"Tempest+1","floor":38}],"player_experience":19619,"relics_obtained":[{"floor":6,"key":"Bronze Scales"},{"floor":9,"key":"Anchor"},{"floor":10,"key":"Orichalcum"},{"floor":21,"key":"Happy Flower"},{"floor":23,"key":"Toy Ornithopter"},{"floor":26,"key":"HollowMod:LifeEnderRelic"},{"floor":30,"key":"MawBank"},{"floor":37,"key":"Mango"}],"event_choices":[{"damage_healed":0,"gold_gain":75,"player_choice":"Gather Gold","damage_taken":11,"max_hp_gain":0,"max_hp_loss":0,"event_name":"World of Goop","floor":2,"gold_loss":0},{"damage_healed":25,"gold_gain":0,"player_choice":"Banana","damage_taken":0,"max_hp_gain":0,"max_hp_loss":0,"event_name":"Big Fish","floor":5,"gold_loss":0},{"damage_healed":0,"gold_gain":0,"player_choice":"Searched \u00271\u0027 times","damage_taken":0,"relics_obtained":["Bag of Marbles"],"max_hp_gain":0,"max_hp_loss":0,"event_name":"Dead Adventurer","floor":7,"gold_loss":0},{"damage_healed":0,"gold_gain":0,"player_choice":"Leave","damage_taken":0,"max_hp_gain":0,"max_hp_loss":0,"event_name":"conspire:Investor","floor":13,"gold_loss":0},{"damage_healed":0,"gold_gain":0,"player_choice":"Take Damage","damage_taken":18,"relics_obtained":["Golden Idol"],"max_hp_gain":0,"max_hp_loss":0,"event_name":"Golden Idol","floor":14,"gold_loss":0},{"damage_healed":0,"gold_gain":0,"player_choice":"Obtained Relic","damage_taken":0,"relics_obtained":["PreservedInsect"],"max_hp_gain":0,"max_hp_loss":0,"event_name":"Addict","floor":19,"gold_loss":85},{"damage_healed":0,"gold_gain":0,"player_choice":"Opened","damage_taken":0,"relics_obtained":["Kunai"],"max_hp_gain":0,"max_hp_loss":0,"event_name":"The Mausoleum","floor":28,"gold_loss":0},{"damage_healed":0,"gold_gain":100,"player_choice":"Bet on Murderer","damage_taken":0,"max_hp_gain":0,"max_hp_loss":0,"event_name":"The Joust","floor":29,"gold_loss":50},{"cards_removed":["Strike_B"],"damage_healed":0,"gold_gain":0,"player_choice":"Purged","damage_taken":0,"max_hp_gain":0,"max_hp_loss":0,"event_name":"Purifier","floor":39,"gold_loss":0}],"is_beta":false,"boss_relics":[{"not_picked":["Coffee Dripper","Cursed Key"],"picked":"Nuclear Battery"},{"not_picked":["Runic Dome","Empty Cage"],"picked":"conspire:SlowCooker"}],"items_purged_floors":[],"is_endless":false,"potions_floor_spawned":[6,10,16,22,23,25,31,36],"killed_by":"Nemesis","ascension_level":0}}