{"host":"k5fgrtcqzqosfxt0","time":1613477430,"event":{"mods":["Act Like it!","Aspiration","BaseMod","Downfall","Gensokyo","Minty Spire (QoL Compilation)","StSLib","TestMod","UnlockEverythingMod"],"gold_per_floor":[114,114,131,131,150,150,167,167,167,167,196,213,213,230,230,321,321,343,369,390,103,108,108],"floor_reached":22,"language":"ZHS","playtime":852,"items_purged":["Strike_G"],"score":376,"play_id":"73309b0e-e773-4617-bf98-adf52ffb54d6","local_time":"20210216201030","is_ascension_mode":true,"campfire_choices":[{"data":"Dagger Spray","floor":6.0,"key":"SMITH"},{"data":"Cloak And Dagger","floor":8.0,"key":"SMITH"},{"data":"Neutralize","floor":10.0,"key":"SMITH"},{"data":"Concentrate","floor":15.0,"key":"SMITH"}],"circlet_count":0,"master_deck":["AscendersBane","Strike_G","Strike_G","Strike_G","Strike_G","Defend_G","Defend_G","Defend_G","Defend_G","Defend_G","Survivor","Neutralize+1","Dagger Spray+1","Cloak And Dagger+1","Backflip","Concentrate+1","Deadly Poison","A Thousand Cuts","Acrobatics"],"relics":["Ring of the Snake","testmod-TestBox","testmod-Acrobat","Slimebound:AbsorbEndCombat","FaceOfCleric","Potion Belt","Orichalcum","testmod-CardMagician","PrismaticShard"],"acts_visited":["Exordium","TheCity"],"potions_floor_usage":[20,20,22,22],"damage_taken":[{"damage":3.0,"enemies":"Jaw Worm","floor":1.0,"turns":7.0},{"damage":2.0,"enemies":"2 Louse","floor":3.0,"turns":4.0},{"damage":4.0,"enemies":"Cultist","floor":5.0,"turns":4.0},{"damage":18.0,"enemies":"Exordium Wildlife","floor":7.0,"turns":7.0},{"damage":2.0,"enemies":"Gremlin Nob","floor":11.0,"turns":3.0},{"damage":0.0,"enemies":"2 Fungi Beasts","floor":12.0,"turns":3.0},{"damage":18.0,"enemies":"Gremlin Gang","floor":14.0,"turns":4.0},{"damage":11.0,"enemies":"Hexaghost","floor":16.0,"turns":9.0},{"damage":20.0,"enemies":"2 Thieves","floor":18.0,"turns":5.0},{"damage":31.0,"enemies":"Chosen","floor":19.0,"turns":6.0},{"damage":4,"enemies":"Snecko","floor":20,"turns":5},{"damage":8,"enemies":"Snake Plant","floor":22,"turns":4}],"seed_played":"-6434298832749275843","potions_obtained":[{"floor":3.0,"key":"FearPotion"},{"floor":7.0,"key":"testmod-TestPotion"},{"floor":11.0,"key":"PowerPotion"},{"floor":12.0,"key":"Block Potion"},{"floor":16.0,"key":"testmod-TimePotion"},{"floor":20,"key":"SpeedPotion"}],"is_trial":false,"path_per_floor":["M","?","M","?","M","R","M","R","T","R","E","M","?","M","R","B",null,"M","M","M","$","M"],"character_chosen":"THE_SILENT","items_purchased":["Acrobatics","PrismaticShard"],"campfire_rested":0,"item_purchase_floors":[21,21],"current_hp_per_floor":[56,56,54,54,51,51,34,34,34,34,33,34,34,17,17,7,56,37,7,4,4,0,0],"gold":108,"neow_bonus":"NOSTALGIA","is_daily":false,"chose_seed":false,"campfire_upgraded":4,"win_rate":0.0,"timestamp":1613477430,"path_taken":["M","?","M","?","?","R","M","R","T","R","E","M","?","M","R","BOSS","M","M","M","$","M"],"items_purchased_type":["Card","Relic"],"build_version":"2020-12-22","purchased_purges":1,"victory":false,"max_hp_per_floor":[66,66,66,66,67,67,68,68,68,68,69,70,70,71,71,72,72,73,74,75,75,75,75],"card_choices":[{"not_picked":["Crippling Poison","Deflect"],"picked":"Dagger Spray","floor":1.0},{"not_picked":["Quick Slash","Slice"],"picked":"Cloak And Dagger","floor":3.0},{"not_picked":["Poisoned Stab","Flechettes","PiercingWail"],"picked":"SKIP","floor":5.0},{"not_picked":["Prepared","Concentrate"],"picked":"Backflip","floor":7.0},{"not_picked":["Underhanded Strike","Deflect","Blur"],"picked":"SKIP","floor":11.0},{"not_picked":["Heel Hook","Backflip"],"picked":"Concentrate","floor":12.0},{"not_picked":["Setup","Quick Slash"],"picked":"Deadly Poison","floor":14.0},{"not_picked":["Storm of Steel","Envenom"],"picked":"A Thousand Cuts","floor":16.0},{"not_picked":["Quick Slash","Choke","Slice"],"picked":"SKIP","floor":18.0},{"not_picked":["Predator","Cloak And Dagger","Well Laid Plans"],"picked":"SKIP","floor":19.0},{"not_picked":["Cloak And Dagger+1","Flying Knee","Skewer"],"picked":"SKIP","floor":20}],"player_experience":666515,"relics_obtained":[{"floor":11.0,"key":"Potion Belt"}],"event_choices":[{"damage_healed":0.0,"max_hp_gain":0.0,"max_hp_loss":0.0,"gold_gain":0.0,"event_name":"Shining Light","player_choice":"Ignored","floor":2.0,"gold_loss":0.0,"damage_taken":0.0},{"damage_healed":0.0,"max_hp_gain":0.0,"max_hp_loss":0.0,"gold_gain":0.0,"event_name":"FaceTrader","player_choice":"Trade","floor":4.0,"gold_loss":0.0,"damage_taken":0.0,"relics_obtained":["FaceOfCleric"]},{"damage_healed":0.0,"max_hp_gain":0.0,"max_hp_loss":0.0,"gold_gain":0.0,"event_name":"给自己的盒子","player_choice":"Swap Relic","floor":13.0,"relics_lost":["aspiration:Nostalgia"],"gold_loss":0.0,"damage_taken":0.0,"relics_obtained":["Orichalcum"]}],"is_beta":false,"boss_relics":[{"not_picked":["Snecko Eye","Tiny House"],"picked":"testmod-CardMagician"}],"items_purged_floors":[21],"is_endless":false,"potions_floor_spawned":[3,7,11,12,16,20],"killed_by":"Snake Plant","ascension_level":20}}