{"host":"blnmo1e2jbqugfxh","time":1613496416,"event":{"mods":["2.2 Compatiblity","Astrologer","Bard","BaseMod","Beaked The Cultist","Colored Powertips","Conspire","Downfall","Friendly Minions","Googly Eyes","Hermit","Highlight Path","Hubris","Infinite Spire","Lobotomy","Marisa????????","Mimic Mod","Minty Spire (QoL Compilation)","Prisma Mod","Quick Restart","Rare Cards Sparkle","Replay The Spire","Shop Mod","StSLib","The Construct","The Cursed","The Disciple","The Exalted","The Hierophant","The Mystic","The Servant 0.9.4"],"gold_per_floor":[112,126,138,138,150,181,193,193,265,0,14,14,14,46,46,142,142,156,156,156,156,173,173,173],"floor_reached":23,"language":"ENG","playtime":1221,"items_purged":[],"score":221,"play_id":"1b65188b-5ff7-408a-b753-aafa1ef98cdb","local_time":"20210216122656","is_ascension_mode":true,"campfire_choices":[{"data":"Neutralize","floor":8,"key":"SMITH"},{"data":"Backflip","floor":13,"key":"SMITH"},{"floor":15,"key":"REST"}],"circlet_count":0,"master_deck":["Strike_G","Strike_G","Strike_G","Strike_G","Strike_G","Defend_G","Defend_G","Defend_G","Defend_G","Defend_G","Survivor","Neutralize+1","Hidden Blade","Hidden Blade","Blade Dance","Well Laid Plans","Backflip+1","Heel Hook","ReplayTheSpireMod:Scrap Shanks","Choke","Blade Dance","Burst","Outmaneuver","hubris:InfiniteBlow","ReplayTheSpireMod:Haul","All Out Attack"],"relics":["WristBlade","Replay:Multitool","Pantograph","Tiny Chest","infinitespire:Eraser","Black Star","Replay:Bottled Snecko"],"acts_visited":["Exordium","TheCity"],"potions_floor_usage":[16,16,18,18],"damage_taken":[{"damage":1,"enemies":"conspire:RoseBush","floor":1,"turns":5},{"damage":4,"enemies":"Jaw Worm","floor":2,"turns":3},{"damage":0,"enemies":"2 Louse","floor":3,"turns":2},{"damage":12,"enemies":"Exordium Wildlife","floor":5,"turns":3},{"damage":10,"enemies":"Lagavulin","floor":6,"turns":5},{"damage":0,"enemies":"Red Slaver","floor":7,"turns":3},{"damage":3,"enemies":"Blue Slaver","floor":11,"turns":3},{"damage":10,"enemies":"3 Sentries","floor":14,"turns":6},{"damage":35,"enemies":"The Guardian","floor":16,"turns":8},{"damage":8,"enemies":"conspire:FuzzyDice","floor":18,"turns":5},{"damage":32,"enemies":"2 Thieves","floor":22,"turns":4},{"damage":24,"enemies":"Replay:Snechameleon","floor":23,"turns":5}],"seed_played":"3985486750315604411","potions_obtained":[{"floor":3,"key":"Adrenaline Potion"},{"floor":5,"key":"CunningPotion"},{"floor":11,"key":"Explosive Potion"},{"floor":16,"key":"Adrenaline Potion"}],"is_trial":false,"path_per_floor":["M","M","M","?","M","E","M","R","T","$","M","$","R","E","R","B",null,"M","AVR","?","?","M","E"],"character_chosen":"THE_SILENT","items_purchased":["ReplayTheSpireMod:Scrap Shanks","Tiny Chest","Choke"],"campfire_rested":1,"item_purchase_floors":[10,10,10],"current_hp_per_floor":[69,65,65,65,53,43,43,43,43,43,40,40,40,30,51,35,70,62,62,62,62,30,6,6],"gold":173,"neow_bonus":"BOSS_RELIC","is_daily":false,"chose_seed":false,"campfire_upgraded":2,"win_rate":0.0,"timestamp":1613496416,"path_taken":["M","M","M","?","M","E","M","R","T","$","M","$","R","E","R","BOSS","M","AVR","?","?","M","E"],"items_purchased_type":["Card","Relic","Card"],"build_version":"2020-12-22","purchased_purges":0,"victory":false,"max_hp_per_floor":[70,70,70,70,70,70,70,70,70,70,70,70,70,70,70,70,70,70,70,70,70,70,70,70],"card_choices":[{"not_picked":["Well Laid Plans","Heel Hook"],"picked":"Hidden Blade","floor":1},{"not_picked":["Dodge and Roll","hubris:Sniper"],"picked":"Hidden Blade","floor":2},{"not_picked":["Slice","Dagger Spray"],"picked":"Blade Dance","floor":3},{"not_picked":["Slice","Skewer"],"picked":"Well Laid Plans","floor":5},{"not_picked":["Quick Slash","Bouncing Flask"],"picked":"Backflip","floor":6},{"not_picked":["Bane","Sucker Punch"],"picked":"Heel Hook","floor":7},{"not_picked":["hubris:Counter","Poisoned Stab","Bane"],"picked":"SKIP","floor":11},{"not_picked":["Acrobatics","Bane"],"picked":"Blade Dance","floor":14},{"not_picked":["Doppelganger","After Image"],"picked":"Burst","floor":16},{"not_picked":["Replay:Poison Smokescreen+1","Tactician"],"picked":"Outmaneuver","floor":18},{"not_picked":["conspire:DoublingDagger","Dodge and Roll"],"picked":"All Out Attack","floor":22}],"player_experience":48231,"relics_obtained":[{"floor":6,"key":"Replay:Multitool"},{"floor":9,"key":"Pantograph"},{"floor":14,"key":"infinitespire:Eraser"}],"event_choices":[],"is_beta":false,"boss_relics":[{"not_picked":["beaked:MawFillet","bronze:MakeshiftBattery"],"picked":"Black Star"}],"items_purged_floors":[],"is_endless":false,"potions_floor_spawned":[3,5,11,14,16],"killed_by":"Replay:Snechameleon","ascension_level":2}}