{"host":"pj7egx7jkoz18hom","time":1613483576,"event":{"mods":["AchievementEnabler","BaseMod","Keyboard Shortcuts","Minty Spire (QoL Compilation)","SuperFastMode"],"gold_per_floor":[118,135,135,151,169,169,202,218,218,218,92,104,123,152,152,255,255,266,119,109,109,127,127,153,153,177,204,217,197,224,224,224],"floor_reached":31,"language":"KOR","playtime":1136,"items_purged":["Strike_G","Defend_G"],"score":316,"play_id":"087c1e31-4f33-48e8-91a2-046b7a766657","local_time":"20210216225256","is_ascension_mode":true,"campfire_choices":[{"data":"Outmaneuver","floor":6,"key":"SMITH"},{"floor":10,"key":"REST"},{"floor":15,"key":"REST"},{"data":"Catalyst","floor":23,"key":"SMITH"},{"floor":25,"key":"REST"}],"circlet_count":0,"master_deck":["Strike_G","Strike_G","Strike_G","Strike_G","Defend_G","Defend_G","Defend_G","Defend_G","Survivor","Neutralize","Dagger Spray+1","Escape Plan","Outmaneuver+1","Catalyst+1","Blur","Deadly Poison","Poisoned Stab","Backflip","Bane","Crippling Poison","Deadly Poison","Noxious Fumes+1"],"relics":["Ring of the Snake","NeowsBlessing","HornCleat","Unceasing Top","Pear","Philosopher\u0027s Stone","Ginger","Smiling Mask","Centennial Puzzle","Bottled Flame"],"acts_visited":["Exordium","TheCity"],"potions_floor_usage":[7,12,16,22,28,30,31],"damage_taken":[{"damage":0,"enemies":"Cultist","floor":1,"turns":1},{"damage":0,"enemies":"2 Louse","floor":2,"turns":1},{"damage":0,"enemies":"Small Slimes","floor":4,"turns":1},{"damage":0,"enemies":"Red Slaver","floor":5,"turns":4},{"damage":26,"enemies":"Lagavulin","floor":7,"turns":11},{"damage":29,"enemies":"Exordium Thugs","floor":8,"turns":6},{"damage":0,"enemies":"2 Fungi Beasts","floor":12,"turns":2},{"damage":4,"enemies":"Blue Slaver","floor":13,"turns":4},{"damage":13,"enemies":"3 Sentries","floor":14,"turns":8},{"damage":25,"enemies":"Hexaghost","floor":16,"turns":11},{"damage":6,"enemies":"Shell Parasite","floor":18,"turns":6},{"damage":11,"enemies":"2 Thieves","floor":20,"turns":4},{"damage":24,"enemies":"Snake Plant","floor":22,"turns":4},{"damage":11,"enemies":"Book of Stabbing","floor":24,"turns":5},{"damage":0,"enemies":"Sentry and Sphere","floor":28,"turns":3},{"damage":49,"enemies":"Slavers","floor":30,"turns":7},{"damage":9,"enemies":"Cultist and Chosen","floor":31,"turns":1}],"seed_played":"3110294102090549505","potions_obtained":[{"floor":5,"key":"EssenceOfSteel"},{"floor":8,"key":"AttackPotion"},{"floor":13,"key":"Dexterity Potion"},{"floor":14,"key":"AttackPotion"},{"floor":18,"key":"LiquidBronze"},{"floor":24,"key":"SkillPotion"},{"floor":28,"key":"Ancient Potion"},{"floor":29,"key":"ColorlessPotion"},{"floor":30,"key":"DuplicationPotion"}],"is_trial":false,"path_per_floor":["M","M","?","M","M","R","E","M","T","R","$","M","M","E","R","B",null,"M","$","M","?","M","R","E","R","T","T","M","?","E","M"],"character_chosen":"THE_SILENT","items_purchased":["Deadly Poison","Bane"],"campfire_rested":3,"item_purchase_floors":[11,19],"current_hp_per_floor":[70,70,70,70,70,70,44,15,15,36,36,36,32,29,53,28,80,74,74,63,68,44,44,33,57,57,57,57,57,8,0,0],"gold":224,"neow_bonus":"THREE_ENEMY_KILL","is_daily":false,"chose_seed":false,"campfire_upgraded":2,"win_rate":0.0,"timestamp":1613483576,"path_taken":["M","M","?","?","M","R","E","M","T","R","$","M","?","E","R","BOSS","M","$","M","?","?","R","E","R","T","?","M","?","E","M"],"items_purchased_type":["Card","Card"],"build_version":"2020-12-22","purchased_purges":2,"victory":false,"max_hp_per_floor":[70,70,70,70,70,70,70,70,70,70,70,70,70,80,80,80,80,80,80,80,80,80,80,80,80,80,80,80,80,80,80,80],"card_choices":[{"not_picked":["Slice","Underhanded Strike"],"picked":"Dagger Spray","floor":1},{"not_picked":["Riddle With Holes","Underhanded Strike"],"picked":"Escape Plan","floor":2},{"not_picked":["Dagger Spray","Predator"],"picked":"Outmaneuver","floor":4},{"not_picked":["Quick Slash","Sucker Punch"],"picked":"Catalyst","floor":5},{"not_picked":["Sucker Punch","Terror"],"picked":"Flying Knee","floor":7},{"not_picked":["Slice","Dagger Throw"],"picked":"Blur","floor":8},{"not_picked":["Well Laid Plans","Heel Hook"],"picked":"Poisoned Stab","floor":12},{"not_picked":["Dash","Well Laid Plans"],"picked":"Backflip","floor":13},{"not_picked":["Phantasmal Killer","Acrobatics","Dagger Throw"],"picked":"SKIP","floor":14},{"not_picked":["Backflip","Sucker Punch","Dodge and Roll"],"picked":"SKIP","floor":18},{"not_picked":["Cloak And Dagger","Outmaneuver+1"],"picked":"Crippling Poison","floor":20},{"not_picked":["Well Laid Plans","Outmaneuver+1","Dagger Spray"],"picked":"SKIP","floor":22},{"not_picked":["Blade Dance+1","Distraction","Expertise"],"picked":"SKIP","floor":24},{"not_picked":["Blade Dance","Prepared"],"picked":"Deadly Poison","floor":28},{"not_picked":["Wraith Form v2","Well Laid Plans"],"picked":"Noxious Fumes+1","floor":30}],"player_experience":118569,"relics_obtained":[{"floor":7,"key":"HornCleat"},{"floor":9,"key":"Unceasing Top"},{"floor":14,"key":"Pear"},{"floor":24,"key":"Ginger"},{"floor":26,"key":"Smiling Mask"},{"floor":27,"key":"Centennial Puzzle"},{"floor":30,"key":"Bottled Flame"}],"event_choices":[{"damage_healed":0,"gold_gain":0,"player_choice":"Upgraded","damage_taken":0,"max_hp_gain":0,"max_hp_loss":0,"event_name":"Upgrade Shrine","floor":3,"gold_loss":0,"cards_upgraded":["Dagger Spray"]},{"cards_removed":["Flying Knee"],"damage_healed":5,"gold_gain":0,"player_choice":"Offered Common","damage_taken":0,"max_hp_gain":0,"max_hp_loss":0,"event_name":"Bonfire Elementals","floor":21,"gold_loss":0},{"cards_removed":["Flying Knee"],"damage_healed":5,"gold_gain":0,"player_choice":"Offered Special","damage_taken":0,"max_hp_gain":0,"max_hp_loss":0,"event_name":"Bonfire Elementals","floor":21,"gold_loss":0},{"damage_healed":0,"gold_gain":0,"player_choice":"Bought 1 Potion","damage_taken":0,"max_hp_gain":0,"max_hp_loss":0,"event_name":"The Woman in Blue","floor":29,"gold_loss":0}],"is_beta":false,"boss_relics":[{"not_picked":["WristBlade","Runic Dome"],"picked":"Philosopher\u0027s Stone"}],"items_purged_floors":[11,19],"is_endless":false,"potions_floor_spawned":[5,8,13,14,18,24,28,30],"killed_by":"Cultist and Chosen","ascension_level":2}}