{"host":"zxo0hh95ci93qotr","time":1613449348,"event":{"mods":["AchievementEnabler","BaseMod","Googly Eyes","Minty Spire (QoL Compilation)","StSLib"],"gold_per_floor":[117,131,81,6,6,40,40,59,59,77,77,77,92,130,130,250,250,263,263,18,42,60,78,111,210,234,267,287,321,335,353,353,478,478,492,492,507,532,532,532,563,576,576,576,591,614,41,76,76,76],"floor_reached":51,"language":"ENG","playtime":2233,"items_purged":["Strike_R","Strike_R","Thunderclap"],"score":896,"play_id":"834f78b7-333d-4ddb-be35-a436c25edb06","local_time":"20210215222228","is_ascension_mode":true,"campfire_choices":[{"data":"Uppercut","floor":7,"key":"SMITH"},{"data":"Bash","floor":11,"key":"SMITH"},{"data":"Clothesline","floor":15,"key":"SMITH"},{"data":"Searing Blow+1","floor":32,"key":"SMITH"},{"data":"Searing Blow+2","floor":40,"key":"SMITH"},{"data":"Searing Blow+3","floor":44,"key":"SMITH"},{"floor":49,"key":"REST"}],"circlet_count":0,"master_deck":["Defend_R","Defend_R","Defend_R","Defend_R","Bash+1","Uppercut+1","Clothesline+1","Battle Trance","Cleave","Cleave","Immolate","Uppercut+1","Flame Barrier","Impervious","Searing Blow+4","Shockwave+1","Uppercut","Impervious","Ghostly Armor+1","Metallicize","Corruption","Burning Pact","Exhume","Impervious","Metallicize+1"],"relics":["Burning Blood","NeowsBlessing","Golden Idol","Mummified Hand","Sundial","Turnip","Snecko Eye","NlothsMask","DollysMirror","Art of War","Pen Nib","The Courier","Empty Cage","Omamori","Potion Belt","Kunai","StrikeDummy"],"acts_visited":["Exordium","TheCity","TheBeyond"],"potions_floor_usage":[33,33,38,41,48,50],"damage_taken":[{"damage":0,"enemies":"2 Louse","floor":1,"turns":1},{"damage":0,"enemies":"Jaw Worm","floor":2,"turns":1},{"damage":0,"enemies":"Gremlin Nob","floor":6,"turns":1},{"damage":0,"enemies":"Cultist","floor":8,"turns":3},{"damage":1,"enemies":"Exordium Wildlife","floor":10,"turns":3},{"damage":2,"enemies":"3 Louse","floor":13,"turns":2},{"damage":13,"enemies":"3 Sentries","floor":14,"turns":5},{"damage":54,"enemies":"The Guardian","floor":16,"turns":13},{"damage":3,"enemies":"Shell Parasite","floor":18,"turns":4},{"damage":0,"enemies":"3 Byrds","floor":21,"turns":3},{"damage":10,"enemies":"Shelled Parasite and Fungi","floor":22,"turns":3},{"damage":15,"enemies":"Cultist and Chosen","floor":23,"turns":5},{"damage":0,"enemies":"Book of Stabbing","floor":24,"turns":4},{"damage":7,"enemies":"Gremlin Leader","floor":27,"turns":3},{"damage":4,"enemies":"Snake Plant","floor":28,"turns":3},{"damage":8,"enemies":"Book of Stabbing","floor":29,"turns":3},{"damage":10,"enemies":"Centurion and Healer","floor":30,"turns":4},{"damage":12,"enemies":"Shelled Parasite and Fungi","floor":31,"turns":4},{"damage":38,"enemies":"Automaton","floor":33,"turns":10},{"damage":1,"enemies":"3 Darklings","floor":35,"turns":3},{"damage":7,"enemies":"3 Shapes","floor":37,"turns":4},{"damage":26,"enemies":"Writhing Mass","floor":38,"turns":4},{"damage":26,"enemies":"Nemesis","floor":41,"turns":5},{"damage":0,"enemies":"Jaw Worm Horde","floor":42,"turns":4},{"damage":10,"enemies":"Transient","floor":45,"turns":5},{"damage":0,"enemies":"3 Darklings","floor":46,"turns":2},{"damage":25,"enemies":"Giant Head","floor":48,"turns":9},{"damage":47,"enemies":"Awakened One","floor":50,"turns":12}],"seed_played":"3283957318525031423","potions_obtained":[{"floor":1,"key":"EssenceOfSteel"},{"floor":6,"key":"ElixirPotion"},{"floor":8,"key":"EssenceOfSteel"},{"floor":16,"key":"FairyPotion"},{"floor":33,"key":"BlessingOfTheForge"},{"floor":37,"key":"LiquidMemories"},{"floor":46,"key":"Weak Potion"}],"is_trial":false,"path_per_floor":["M","M","?","$","?","E","R","M","T","M","R","?","M","E","R","B",null,"M","?","$","M","M","M","E","?","T","E","M","E","M","M","R","B",null,"M","?","M","M","?","R","E","M","T","R","M","M","$","E","R","B",null],"character_chosen":"IRONCLAD","items_purchased":["DollysMirror","Exhume","Impervious","Kunai","PowerPotion"],"campfire_rested":1,"item_purchase_floors":[20,47,47,47,47],"current_hp_per_floor":[80,80,80,80,74,74,74,74,74,74,74,74,74,67,67,19,74,74,74,74,74,70,61,67,67,67,66,68,66,62,56,56,24,74,74,74,73,53,53,53,33,39,39,39,35,41,41,22,44,28],"gold":76,"neow_bonus":"THREE_ENEMY_KILL","is_daily":false,"chose_seed":false,"campfire_upgraded":6,"win_rate":0.0,"timestamp":1613449348,"path_taken":["M","M","?","$","?","E","R","M","T","?","R","?","M","E","R","BOSS","M","?","$","?","M","M","E","?","T","E","M","E","M","M","R","BOSS","M","?","?","M","?","R","E","?","T","R","M","M","$","E","R","BOSS"],"items_purchased_type":["Relic","Card","Card","Relic","Potion"],"build_version":"2020-12-22","purchased_purges":3,"victory":true,"max_hp_per_floor":[80,80,80,80,74,74,74,74,74,74,74,74,74,74,74,74,74,74,74,74,74,74,74,74,74,74,74,74,74,74,74,74,74,74,74,74,74,74,74,74,74,74,74,74,74,74,74,74,74,74],"card_choices":[{"not_picked":["Flame Barrier","Shrug It Off"],"picked":"Uppercut","floor":1},{"not_picked":["Iron Wave","Burning Pact"],"picked":"Clothesline","floor":2},{"not_picked":["Clothesline","Body Slam"],"picked":"Battle Trance","floor":6},{"not_picked":["Rupture","Rage"],"picked":"Cleave","floor":8},{"not_picked":["Body Slam","Whirlwind"],"picked":"Cleave","floor":10},{"not_picked":["Burning Pact","Immolate"],"picked":"Iron Wave","floor":13},{"not_picked":["Sword Boomerang","Pommel Strike","Heavy Blade"],"picked":"SKIP","floor":14},{"not_picked":["Berserk","Fiend Fire"],"picked":"Immolate","floor":16},{"not_picked":["Battle Trance+1","Anger","Shrug It Off"],"picked":"SKIP","floor":18},{"not_picked":["Clothesline","Iron Wave+1"],"picked":"Flame Barrier","floor":21},{"not_picked":["Armaments","True Grit+1"],"picked":"Impervious","floor":22},{"not_picked":["Fire Breathing","Thunderclap"],"picked":"Searing Blow+1","floor":23},{"not_picked":["Wild Strike+1","Flex"],"picked":"Shockwave+1","floor":24},{"not_picked":["Inflame","Sword Boomerang","Pommel Strike"],"picked":"SKIP","floor":27},{"not_picked":["Clash+1","Havoc"],"picked":"Uppercut","floor":28},{"not_picked":["Pommel Strike","Body Slam","Entrench"],"picked":"SKIP","floor":29},{"not_picked":["Rage","Berserk","Pommel Strike"],"picked":"SKIP","floor":30},{"not_picked":["Sever Soul","Heavy Blade","Wild Strike+1"],"picked":"SKIP","floor":31},{"not_picked":["Limit Break","Reaper"],"picked":"Impervious","floor":33},{"not_picked":["Havoc+1","Reckless Charge"],"picked":"Ghostly Armor+1","floor":35},{"not_picked":["Heavy Blade+1","Clothesline"],"picked":"Metallicize","floor":37},{"not_picked":["Clash","Power Through+1","Dropkick"],"picked":"SKIP","floor":38},{"not_picked":["Metallicize","Combust+1"],"picked":"Corruption","floor":41},{"not_picked":["Twin Strike","Combust","Cleave+1"],"picked":"SKIP","floor":42},{"not_picked":["Iron Wave+1","Anger"],"picked":"Burning Pact","floor":45},{"not_picked":["Sword Boomerang","Searing Blow+1","Body Slam+1"],"picked":"SKIP","floor":46},{"not_picked":["Thunderclap","Wild Strike"],"picked":"Metallicize+1","floor":48}],"player_experience":218570,"relics_obtained":[{"floor":6,"key":"Mummified Hand"},{"floor":9,"key":"Sundial"},{"floor":14,"key":"Turnip"},{"floor":24,"key":"Art of War"},{"floor":27,"key":"Pen Nib"},{"floor":29,"key":"The Courier"},{"floor":41,"key":"Omamori"},{"floor":43,"key":"Potion Belt"},{"floor":48,"key":"StrikeDummy"}],"event_choices":[{"cards_removed":["Strike_R"],"damage_healed":0,"gold_gain":0,"player_choice":"Card Removal","damage_taken":0,"max_hp_gain":0,"max_hp_loss":0,"event_name":"The Cleric","floor":3,"gold_loss":50},{"damage_healed":0,"gold_gain":0,"player_choice":"Lose Max HP","damage_taken":0,"relics_obtained":["Golden Idol"],"max_hp_gain":0,"max_hp_loss":6,"event_name":"Golden Idol","floor":5,"gold_loss":0},{"cards_removed":["Strike_R"],"damage_healed":0,"gold_gain":0,"player_choice":"Forget","damage_taken":0,"max_hp_gain":0,"max_hp_loss":0,"event_name":"Living Wall","floor":12,"gold_loss":0},{"damage_healed":0,"gold_gain":0,"player_choice":"Trade","damage_taken":0,"relics_obtained":["NlothsMask"],"max_hp_gain":0,"max_hp_loss":0,"event_name":"FaceTrader","floor":19,"gold_loss":0},{"damage_healed":0,"gold_gain":99,"player_choice":"Stole From Cult","damage_taken":0,"max_hp_gain":0,"max_hp_loss":0,"event_name":"Nest","floor":25,"gold_loss":0},{"damage_healed":0,"gold_gain":0,"player_choice":"Bought 0 Potions","damage_taken":0,"max_hp_gain":0,"max_hp_loss":0,"event_name":"The Woman in Blue","floor":36,"gold_loss":0},{"damage_healed":0,"gold_gain":0,"player_choice":"1 cards matched","damage_taken":0,"max_hp_gain":0,"max_hp_loss":0,"event_name":"Match and Keep!","floor":39,"gold_loss":0,"cards_obtained":["Thunderclap"]}],"is_beta":false,"boss_relics":[{"not_picked":["Philosopher\u0027s Stone","Ectoplasm"],"picked":"Snecko Eye"},{"not_picked":["Runic Dome","Fusion Hammer"],"picked":"Empty Cage"}],"items_purged_floors":[4,20,47],"is_endless":false,"potions_floor_spawned":[1,6,8,16,18,28,31,33,37,46],"ascension_level":1}}