{"host":"Doisman","time":1613502655,"event":{"mods":["AchievementEnabler","BaseMod","Better Note","Curses Come First","Minty Spire (QoL Compilation)","Permanent Neow","Quick Restart","Relic Stats","Replay The Spire","StSLib","slay the spire mod where everything is the same but ironclad has a cowboy hat"],"gold_per_floor":[112,67,67,17,37,37,65,95,95,109,109,141,41,76,76,177,177,194,194,212,226,244,244,276,276,276,305,305,305,337,317,317,417,417,428,29,29,29,43,76,76,123,169,169,2,13,46,62,62,62],"floor_reached":51,"language":"ENG","playtime":2773,"items_purged":["Shame","Tactician","Hidden Blade"],"score":893,"play_id":"d42f06f1-7cd7-4141-a8a3-a8a977e3182b","local_time":"20210216131055","is_ascension_mode":true,"campfire_choices":[{"data":"Footwork","floor":6,"key":"SMITH"},{"data":"Well Laid Plans","floor":11,"key":"SMITH"},{"data":"Replay:Poison Smokescreen","floor":15,"key":"SMITH"},{"data":"Adrenaline","floor":23,"key":"SMITH"},{"data":"Toxin Wave","floor":25,"key":"SMITH"},{"data":"Neutralize","floor":32,"key":"SMITH"},{"data":"Dodge and Roll","floor":41,"key":"SMITH"},{"data":"After Image","floor":44,"key":"SMITH"},{"data":"Footwork","floor":49,"key":"SMITH"}],"circlet_count":0,"master_deck":["Survivor","Neutralize+1","Wraith Form v2","Dagger Spray","Quick Slash","Infinite Blades","Caltrops","Dash","Skewer","Deflect","Footwork+1","Dodge and Roll+1","Replay:Poison Smokescreen+1","Well Laid Plans+1","After Image+1","ReplayTheSpireMod:Speed Training","Adrenaline+1","ReplayTheSpireMod:Tripwire","Backflip","Toxin Wave+1","Dodge and Roll","PiercingWail","Burst","Draining Mist+1","Footwork+1","Blade Dance","Backflip+1","Crippling Poison","Footwork+1","Apotheosis","Setup+1","Sneak Up+1"],"relics":["Pandora\u0027s Box","ReplayTheSpireMod:CursedCoin","Blood Vial","InkBottle","Garlic","Kunai","Replay:Baseball","SlaversCollar","Incense Burner","Mirror","Replay:WaspNest","Ornamental Fan","Runic Pyramid","ReplayTheSpireMod:TigerMarble","Potion Belt","Lizard Tail","Replay:Wax Seal","Calipers"],"acts_visited":["Exordium","TheCity","TheBeyond"],"potions_floor_usage":[7,14,21,33,39,40,50,50],"damage_taken":[{"damage":0,"enemies":"Cultist","floor":1,"turns":3},{"damage":0,"enemies":"Small Slimes","floor":5,"turns":3},{"damage":3,"enemies":"Gremlin Nob","floor":7,"turns":5},{"damage":0,"enemies":"2 Louse","floor":10,"turns":2},{"damage":0,"enemies":"Lagavulin","floor":12,"turns":6},{"damage":2,"enemies":"Gremlin Nob","floor":14,"turns":5},{"damage":1,"enemies":"Fading Forest","floor":16,"turns":11},{"damage":0,"enemies":"Chosen","floor":18,"turns":5},{"damage":1,"enemies":"3 Byrds","floor":20,"turns":5},{"damage":0,"enemies":"Snecko","floor":21,"turns":6},{"damage":4,"enemies":"Snake Plant","floor":22,"turns":5},{"damage":15,"enemies":"Slavers","floor":24,"turns":6},{"damage":6,"enemies":"Book of Stabbing","floor":27,"turns":5},{"damage":16,"enemies":"Gremlin Leader","floor":30,"turns":6},{"damage":15,"enemies":"Automaton","floor":33,"turns":9},{"damage":3,"enemies":"3 Darklings","floor":35,"turns":5},{"damage":4,"enemies":"3 Shapes","floor":39,"turns":5},{"damage":0,"enemies":"Giant Head","floor":40,"turns":10},{"damage":15,"enemies":"2 Orb Walkers","floor":42,"turns":5},{"damage":4,"enemies":"Spire Growth","floor":46,"turns":9},{"damage":2,"enemies":"Reptomancer","floor":47,"turns":6},{"damage":0,"enemies":"Sphere and 2 Shapes","floor":48,"turns":8},{"damage":0,"enemies":"Awakened One","floor":50,"turns":16}],"seed_played":"2954643340245071077","potions_obtained":[{"floor":5,"key":"ColorlessPotion"},{"floor":7,"key":"LiquidMemories"},{"floor":14,"key":"LifebloodPotion"},{"floor":18,"key":"CultistPotion"},{"floor":20,"key":"Poison Potion"},{"floor":24,"key":"Doom Potion"},{"floor":31,"key":"Energy Potion"},{"floor":33,"key":"ColorlessPotion"},{"floor":39,"key":"Energy Potion"},{"floor":46,"key":"Elixir"}],"is_trial":false,"path_per_floor":["M","$","?","?","M","R","E","?","T","M","R","E","$","E","R","B",null,"M","?","M","M","M","R","E","R","T","E","?","$","E","?","R","B",null,"M","$","?","?","M","E","R","?","T","R","$","M","E","M","R","B",null],"character_chosen":"THE_SILENT","items_purchased":["Footwork","ReplayTheSpireMod:CursedCoin","Hidden Blade","Footwork","Blade Dance","ReplayTheSpireMod:TigerMarble","Apotheosis"],"campfire_rested":0,"item_purchase_floors":[2,2,2,36,36,36,45],"current_hp_per_floor":[70,70,63,63,63,63,60,60,60,62,62,64,64,64,64,65,70,70,70,69,70,66,66,53,53,53,49,49,49,35,35,35,22,70,67,67,66,66,62,64,64,51,51,51,51,49,49,51,51,53],"gold":62,"neow_bonus":"BOSS_RELIC","is_daily":false,"chose_seed":false,"campfire_upgraded":9,"win_rate":0.0,"timestamp":1613502655,"path_taken":["M","$","?","?","M","R","E","?","T","M","R","E","$","E","R","BOSS","M","?","M","?","M","R","E","R","T","E","?","$","E","?","R","BOSS","M","$","?","?","M","E","R","?","T","R","$","?","E","M","R","BOSS"],"items_purchased_type":["Card","Relic","Card","Card","Card","Relic","Card"],"build_version":"2020-12-18","purchased_purges":3,"victory":true,"max_hp_per_floor":[70,70,70,70,70,70,70,70,70,70,70,70,70,70,70,70,70,70,70,70,70,70,70,70,70,70,70,70,70,70,70,70,70,70,70,70,66,66,66,66,66,66,66,66,66,66,66,66,66,66],"relic_stats":{"Blood Vial":29,"Lizard Tail":0,"counters":[23,146],"Ornamental Fan":[180],"Pandora\u0027s Box":["Tactician","Wraith Form v2","Reflex","Dagger Spray","Quick Slash","Infinite Blades","Caltrops","Dash","ReplayTheSpireMod:Exploit Weakness","Skewer"],"Kunai":[60],"obtain_stats":[{"Potion Belt":40,"Calipers":47,"ReplayTheSpireMod:CursedCoin":2,"Replay:WaspNest":27,"Incense Burner":24,"Blood Vial":7,"SlaversCollar":17,"Replay:Baseball":14,"Lizard Tail":42,"Ornamental Fan":30,"Pandora\u0027s Box":0,"Garlic":9,"ReplayTheSpireMod:TigerMarble":36,"Kunai":12,"Replay:Wax Seal":43,"Mirror":26,"InkBottle":8,"Ring of the Snake":0,"Runic Pyramid":34},{"Potion Belt":18,"Calipers":21,"ReplayTheSpireMod:CursedCoin":1,"Replay:WaspNest":13,"Incense Burner":12,"Blood Vial":3,"SlaversCollar":7,"Replay:Baseball":6,"Lizard Tail":19,"Ornamental Fan":14,"Pandora\u0027s Box":0,"Garlic":3,"ReplayTheSpireMod:TigerMarble":16,"Kunai":5,"Replay:Wax Seal":19,"Mirror":12,"InkBottle":3,"Ring of the Snake":0,"Runic Pyramid":15},{"Potion Belt":102,"Calipers":122,"ReplayTheSpireMod:CursedCoin":3,"Replay:WaspNest":67,"Incense Burner":62,"Blood Vial":11,"SlaversCollar":35,"Replay:Baseball":24,"Lizard Tail":107,"Ornamental Fan":73,"Pandora\u0027s Box":0,"Garlic":11,"ReplayTheSpireMod:TigerMarble":87,"Kunai":19,"Replay:Wax Seal":107,"Mirror":62,"InkBottle":11,"Ring of the Snake":0,"Runic Pyramid":82}],"InkBottle":[69]},"card_choices":[{"not_picked":["ReplayTheSpireMod:Scrap Shanks","Dodge and Roll"],"picked":"Deflect","floor":1},{"not_picked":["Slice","Quick Slash"],"picked":"Dodge and Roll","floor":5},{"not_picked":["Fluid Movement","Dash"],"picked":"Replay:Poison Smokescreen","floor":7},{"not_picked":["Finisher","Reflex"],"picked":"Well Laid Plans","floor":10},{"not_picked":["ReplayTheSpireMod:The Works","Leg Sweep"],"picked":"After Image","floor":12},{"not_picked":["Acrobatics","Deflect"],"picked":"ReplayTheSpireMod:Speed Training","floor":14},{"not_picked":["Storm of Steel","ReplayTheSpireMod:Necrosis"],"picked":"Adrenaline","floor":16},{"not_picked":["Deadly Poison","Eviscerate"],"picked":"ReplayTheSpireMod:Tripwire","floor":18},{"not_picked":["Slice","Flying Knee+1"],"picked":"Backflip","floor":20},{"not_picked":["Prepared","ReplayTheSpireMod:Shiv Toss"],"picked":"Toxin Wave","floor":21},{"not_picked":["Blur","Skewer"],"picked":"Dodge and Roll","floor":22},{"not_picked":["Acrobatics","Outmaneuver"],"picked":"PiercingWail","floor":24},{"not_picked":["Quick Slash+1","Die Die Die","Deflect"],"picked":"SKIP","floor":27},{"not_picked":["Atom Bomb","Dagger Throw","ReplayTheSpireMod:Tripwire"],"picked":"SKIP","floor":30},{"not_picked":["Wraith Form v2","Unload"],"picked":"Burst","floor":33},{"not_picked":["ReplayTheSpireMod:Scrap Shanks","Outmaneuver"],"picked":"Draining Mist+1","floor":35},{"not_picked":["All Out Attack","Setup+1"],"picked":"Backflip+1","floor":39},{"not_picked":["Grand Finale","Setup"],"picked":"Crippling Poison","floor":40},{"not_picked":["Sucker Punch","PiercingWail"],"picked":"Footwork+1","floor":42},{"not_picked":["Expertise","Prepared+1"],"picked":"Setup+1","floor":46},{"not_picked":["Setup+1","Eviscerate","ReplayTheSpireMod:Scrap Shanks+1"],"picked":"SKIP","floor":47},{"not_picked":["Hidden Blade+1","Underhanded Strike"],"picked":"Sneak Up+1","floor":48}],"player_experience":1139318,"relics_obtained":[{"floor":7,"key":"Blood Vial"},{"floor":9,"key":"Garlic"},{"floor":12,"key":"Kunai"},{"floor":14,"key":"Replay:Baseball"},{"floor":24,"key":"Incense Burner"},{"floor":26,"key":"Mirror"},{"floor":27,"key":"Replay:WaspNest"},{"floor":30,"key":"Ornamental Fan"},{"floor":40,"key":"Potion Belt"},{"floor":42,"key":"Lizard Tail"},{"floor":43,"key":"Replay:Wax Seal"},{"floor":47,"key":"Calipers"}],"event_choices":[{"cards_removed":["ReplayTheSpireMod:Exploit Weakness"],"damage_healed":0,"gold_gain":0,"player_choice":"Card Removal","damage_taken":7,"max_hp_gain":0,"max_hp_loss":0,"event_name":"Golden Wing","floor":3,"gold_loss":0},{"cards_removed":["Reflex"],"damage_healed":0,"gold_gain":0,"player_choice":"Card Removal","damage_taken":0,"max_hp_gain":0,"max_hp_loss":0,"event_name":"The Cleric","floor":4,"gold_loss":50},{"damage_healed":0,"gold_gain":30,"player_choice":"Searched \u00273\u0027 times","damage_taken":0,"relics_obtained":["InkBottle"],"max_hp_gain":0,"max_hp_loss":0,"event_name":"Dead Adventurer","floor":8,"gold_loss":0},{"damage_healed":0,"gold_gain":0,"player_choice":"Ignored","damage_taken":0,"max_hp_gain":0,"max_hp_loss":0,"event_name":"betterNote:BetterNote","floor":19,"gold_loss":0,"cards_obtained":["Die Die Die"]},{"damage_healed":0,"gold_gain":0,"player_choice":"Simplicity","damage_taken":0,"max_hp_gain":0,"max_hp_loss":0,"event_name":"Back to Basics","floor":28,"gold_loss":0,"cards_upgraded":[]},{"damage_healed":0,"gold_gain":0,"player_choice":"Bought 1 Potion","damage_taken":0,"max_hp_gain":0,"max_hp_loss":0,"event_name":"The Woman in Blue","floor":31,"gold_loss":0},{"damage_healed":0,"gold_gain":0,"player_choice":"Max HP","damage_taken":0,"max_hp_gain":0,"max_hp_loss":4,"event_name":"Winding Halls","floor":37,"gold_loss":0},{"damage_healed":0,"gold_gain":0,"player_choice":"Fight","damage_taken":0,"max_hp_gain":0,"max_hp_loss":0,"event_name":"Mysterious Sphere","floor":42,"gold_loss":0}],"is_beta":true,"boss_relics":[{"not_picked":["Empty Cage","Fusion Hammer"],"picked":"SlaversCollar"},{"not_picked":["Snecko Heart","Snecko Eye"],"picked":"Runic Pyramid"}],"items_purged_floors":[2,13,36],"is_endless":false,"potions_floor_spawned":[5,7,14,18,20,24,33,39,46],"ascension_level":1}}