{"host":"no5f9c6q31porkj5","time":1613473779,"event":{"mods":["BaseMod","Marisa£¨Ùöéë¡¡Øª×âÞÞ£©","Minty Spire (QoL Compilation)","StSLib","Td1madao Mod","The Cursed","The Gatherer","The Runesmith"],"gold_per_floor":[112,62,62,999999358,999999358,999999358,999999358,999999358,999999358,999999338,999999338,999998847,999998847,999998195,999998195,999998298,999998298,999998309,999997470,999997395,999997089,999997089,999997089,999996812,999996812,999996865,999996865,999996865,999996881,999996881,999996900,999996900,999996995,999996995,999997015,999997065,999997088,999997107,999996846,999996846,999996846,999996846,999996846,999996846,999996495,999996495,999996522,999996533,999996533,999996637,999996637,999996650,999996315,999996008,999996024,999996024,999996024,999996024,999996024,999996024,999996024,999995797,999995828,999995842,999995862,999995862,999995960,999995960,999995977,999995977,999995977,999992306,999992306,999992306,999992306,999992306,999992331,999992340,999991439,999991439,999991258,999991268,999991268,999991368,999991368,999991378,999991378,999991378],"floor_reached":87,"language":"KOR","playtime":1999,"items_purged":["Outmaneuver","Madness","Madness","Strike_G+1","Strike_G+1","Strike_G+1"],"score":1518,"play_id":"8c49a254-eed2-4562-b5c5-db5b460385a5","local_time":"20210216200939","daily_mods":["Vintage","Time Dilation","Flight"],"is_ascension_mode":false,"campfire_choices":[{"data":"Defend_G","floor":6,"key":"SMITH"},{"data":"Defend_G","floor":7,"key":"SMITH"},{"data":"Defend_G","floor":8,"key":"SMITH"},{"data":"Strike_G","floor":11,"key":"SMITH"},{"data":"Noxious Fumes","floor":13,"key":"SMITH"},{"floor":15,"key":"REST"},{"floor":23,"key":"REST"},{"data":"Strike_G","floor":25,"key":"SMITH"},{"data":"Strike_G","floor":27,"key":"SMITH"},{"data":"Strike_G","floor":28,"key":"SMITH"},{"floor":32,"key":"REST"},{"data":"Noxious Fumes","floor":40,"key":"SMITH"},{"data":"Catalyst","floor":42,"key":"SMITH"},{"data":"Neutralize","floor":46,"key":"SMITH"},{"data":"Deadly Poison","floor":49,"key":"SMITH"},{"data":"Catalyst","floor":57,"key":"SMITH"},{"floor":58,"key":"REST"},{"floor":59,"key":"REST"},{"floor":66,"key":"REST"},{"data":"1","floor":74,"key":"LIFT"},{"data":"2","floor":75,"key":"LIFT"},{"data":"3","floor":76,"key":"LIFT"},{"floor":78,"key":"REST"},{"floor":80,"key":"DIG"},{"floor":83,"key":"DIG"}],"circlet_count":4,"master_deck":["Strike_G+1","Strike_G+1","Defend_G+1","Defend_G+1","Defend_G+1","Defend_G+1","Defend_G+1","Neutralize+1","Noxious Fumes+1","Catalyst+1","Deadly Poison+1","Noxious Fumes+1","Neutralize+1","Noxious Fumes+1","Catalyst+1","Poisoned Stab+1","Noxious Fumes+1","Poisoned Stab+1","Deadly Poison+1","Catalyst+1"],"relics":["Ring of the Serpent","Sundial","Mercury Hourglass","Medical Kit","Tiny Chest","War Paint","Frozen Eye","Anchor","Bag of Preparation","ClockworkSouvenir","Meat on the Bone","Letter Opener","Paper Crane","Runesmith:Locket","Cauldron","Bird Faced Urn","Membership Card","Dream Catcher","Potion Belt","Bronze Scales","Singing Bowl","Tingsha","PreservedInsect","Boot","Happy Flower","Pear","Dead Branch","Strawberry","InkBottle","Snake Skull","Blood Vial","OrangePellets","Runesmith:Nanobots","Lee\u0027s Waffle","FossilizedHelix","Ancient Tea Set","Omamori","Matryoshka","HoveringKite","Pocketwatch","Whetstone","Pantograph","Akabeko","Lantern","Orrery","Pen Nib","Vajra","Kunai","Bag of Marbles","Chemical X","CeramicFish","Eternal Feather","The Courier","MutagenicStrength","Frozen Egg 2","Du-Vu Doll","White Beast Statue","Bottled Flame","MealTicket","Incense Burner","StoneCalendar","Juzu Bracelet","Bottled Tornado","Art of War","Oddly Smooth Stone","Blue Candle","Orichalcum","Turnip","Toxic Egg 2","Regal Pillow","Nunchaku","Girya","Toy Ornithopter","Centennial Puzzle","The Specimen","Runesmith:AutoHammer","Darkstone Periapt","Ornamental Fan","Gremlin Horn","Question Card","Ice Cream","Shuriken","Mummified Hand","Molten Egg 2","HornCleat","StrikeDummy","Lizard Tail","Ginger","Torii","Tough Bandages","Unceasing Top","Shovel","Thread and Needle","CaptainsWheel","TungstenRod","Mango","Calipers","Prayer Wheel","Toolbox","Circlet","HandDrill","SlaversCollar"],"acts_visited":["Exordium","TheCity","TheBeyond","Exordium","TheCity","TheBeyond"],"potions_floor_usage":[],"damage_taken":[{"damage":0,"enemies":"Cultist","floor":1,"turns":5},{"damage":8,"enemies":"Hexaghost","floor":16,"turns":11},{"damage":0,"enemies":"Shell Parasite","floor":18,"turns":6},{"damage":2,"enemies":"2 Thieves","floor":29,"turns":4},{"damage":0,"enemies":"Centurion and Healer","floor":31,"turns":6},{"damage":42,"enemies":"Champ","floor":33,"turns":14},{"damage":0,"enemies":"Orb Walker","floor":35,"turns":3},{"damage":8,"enemies":"Mind Bloom Boss Battle","floor":36,"turns":7},{"damage":8,"enemies":"3 Shapes","floor":38,"turns":5},{"damage":0,"enemies":"Writhing Mass","floor":48,"turns":4},{"damage":56,"enemies":"Awakened One","floor":50,"turns":12},{"damage":0,"enemies":"Jaw Worm","floor":52,"turns":3},{"damage":0,"enemies":"Cultist","floor":55,"turns":2},{"damage":0,"enemies":"Gremlin Nob","floor":63,"turns":1},{"damage":0,"enemies":"2 Louse","floor":64,"turns":2},{"damage":0,"enemies":"Looter","floor":65,"turns":1},{"damage":7,"enemies":"The Guardian","floor":67,"turns":4},{"damage":0,"enemies":"Chosen","floor":69,"turns":3},{"damage":0,"enemies":"Book of Stabbing","floor":77,"turns":1},{"damage":0,"enemies":"Shell Parasite","floor":82,"turns":1},{"damage":0,"enemies":"Collector","floor":84,"turns":1},{"damage":0,"enemies":"3 Darklings","floor":86,"turns":1},{"damage":0,"enemies":"Orb Walker","floor":87,"turns":1}],"seed_played":"8798483421539982051","potions_obtained":[{"floor":1,"key":"Dexterity Potion"},{"floor":29,"key":"AttackPotion"},{"floor":31,"key":"Weak Potion"},{"floor":38,"key":"LiquidMemories"},{"floor":48,"key":"CultistPotion"},{"floor":82,"key":"FairyPotion"}],"is_trial":true,"path_per_floor":["M","?","?","$","?","R","R","R","T","?","R","$","R","$","R","B",null,"M","$","?","$","T","R","$","R","T","R","R","M","?","M","R","B",null,"M","?","T","M","$","R","?","R","T","?","$","R","T","M","R","B",null,"M","$","$","M","?","R","R","R","T","?","$","E","M","M","R","B",null,"M","?","?","$","?","R","R","R","E","R","$","R","$","M","R","B",null,"M","M"],"character_chosen":"THE_SILENT","items_purchased":["Outmaneuver","Mercury Hourglass","Medical Kit","Tiny Chest","Noxious Fumes","Frozen Eye","Anchor","Bag of Preparation","ClockworkSouvenir","Meat on the Bone","Letter Opener","Runesmith:Locket","Cauldron","Bird Faced Urn","Footwork","Membership Card","Dream Catcher","Potion Belt","Singing Bowl","Tingsha","Noxious Fumes","Snake Skull","Blood Vial","OrangePellets","Lee\u0027s Waffle","FossilizedHelix","Ancient Tea Set","Noxious Fumes","Whetstone","Pantograph","Catalyst","Akabeko","Lantern","Orrery","Bag of Marbles","Chemical X","CeramicFish","Frozen Egg 2","Noxious Fumes+1","Poisoned Stab","Du-Vu Doll","White Beast Statue","Bottled Flame","MealTicket","Incense Burner","StoneCalendar","Juzu Bracelet","Bottled Tornado","Art of War","Oddly Smooth Stone","Blue Candle","Orichalcum","Turnip","Toxic Egg 2","Regal Pillow","Nunchaku","Girya","Toy Ornithopter","Centennial Puzzle","The Specimen","Runesmith:AutoHammer","Darkstone Periapt","Ornamental Fan","Gremlin Horn","Question Card","Ice Cream","Shuriken","Mummified Hand","Molten Egg 2","HornCleat","StrikeDummy","Lizard Tail","Ginger","Torii","Tough Bandages","Unceasing Top","Shovel","Thread and Needle","CaptainsWheel","TungstenRod","Mango","Calipers","Prayer Wheel","Toolbox","HandDrill","Catalyst+1"],"campfire_rested":7,"item_purchase_floors":[4,4,4,4,12,12,12,12,14,14,14,19,19,19,19,21,21,21,24,24,39,39,39,39,45,45,45,53,53,53,53,54,54,54,62,62,62,72,72,72,72,72,72,72,72,72,72,72,72,72,72,72,72,72,72,72,72,72,72,72,72,72,72,72,72,72,72,72,72,72,72,72,72,72,72,72,79,79,79,79,79,79,79,79,81,81],"current_hp_per_floor":[70,70,70,70,56,56,56,56,56,56,56,56,56,56,70,62,70,70,70,70,70,70,70,70,70,70,70,70,68,68,70,70,42,72,82,74,81,75,75,75,64,64,64,64,96,96,96,96,96,56,98,98,98,106,106,85,85,108,110,110,110,110,112,112,112,114,109,116,116,116,116,116,116,116,116,116,118,118,132,132,132,132,132,134,134,134,134,134],"gold":999991378,"neow_bonus":"","is_daily":false,"chose_seed":false,"campfire_upgraded":13,"win_rate":0.0,"timestamp":1613473779,"path_taken":["M","?","?","$","?","R","R","R","T","?","R","$","R","$","R","BOSS","M","$","?","$","?","R","$","R","T","R","R","?","?","M","R","BOSS","M","?","?","?","$","R","?","R","T","?","$","R","?","?","R","BOSS","M","$","$","M","?","R","R","R","T","?","$","?","?","M","R","BOSS","M","?","?","$","?","R","R","R","E","R","$","R","$","M","R","BOSS","M","M"],"items_purchased_type":["Card","Relic","Relic","Relic","Card","Relic","Relic","Relic","Relic","Relic","Relic","Relic","Relic","Relic","Card","Relic","Relic","Relic","Relic","Relic","Card","Relic","Relic","Relic","Relic","Relic","Relic","Card","Relic","Relic","Card","Relic","Relic","Relic","Relic","Relic","Relic","Relic","Card","Card","Relic","Relic","Relic","Relic","Relic","Relic","Relic","Relic","Relic","Relic","Relic","Relic","Relic","Relic","Relic","Relic","Relic","Relic","Relic","Relic","Relic","Relic","Relic","Relic","Relic","Relic","Relic","Relic","Relic","Relic","Relic","Relic","Relic","Relic","Relic","Relic","Relic","Relic","Relic","Relic","Relic","Relic","Relic","Relic","Relic","Card"],"build_version":"2020-12-22","purchased_purges":6,"victory":false,"max_hp_per_floor":[70,70,70,70,70,70,70,70,70,70,70,70,70,70,70,70,70,70,70,70,70,70,70,70,70,70,70,70,70,70,70,70,72,72,82,82,89,89,89,89,89,89,89,89,96,96,96,96,96,98,98,98,98,106,106,106,106,108,110,110,110,110,112,112,112,114,116,116,116,116,116,116,116,116,116,116,118,118,132,132,132,132,132,134,134,134,134,134],"card_choices":[{"not_picked":["Flechettes+1","Slice+1"],"picked":"Catalyst","floor":32},{"not_picked":["Corpse Explosion","Storm of Steel","Unload"],"picked":"Singing Bowl","floor":33},{"not_picked":["Calculated Gamble","Blade Dance+1"],"picked":"Deadly Poison","floor":36},{"not_picked":["Corpse Explosion","Adrenaline","Venomology"],"picked":"Singing Bowl","floor":50},{"not_picked":["Bane","Acrobatics","Deflect"],"picked":"Singing Bowl","floor":54},{"not_picked":["Eviscerate","Flying Knee","Footwork"],"picked":"Singing Bowl","floor":54},{"not_picked":["Finisher","Dash"],"picked":"Poisoned Stab","floor":54},{"not_picked":["Prepared","Sucker Punch","Cloak And Dagger"],"picked":"Singing Bowl","floor":54},{"not_picked":["Doppelganger","Cloak And Dagger","Flying Knee"],"picked":"Singing Bowl","floor":54},{"not_picked":["Accuracy","Dagger Throw","Backflip"],"picked":"Singing Bowl","floor":58},{"not_picked":["Underhanded Strike","Backstab","Dagger Spray"],"picked":"Singing Bowl","floor":59},{"not_picked":["Flying Knee","Acrobatics","Finisher"],"picked":"Singing Bowl","floor":63},{"not_picked":["Escape Plan","Outmaneuver","Cloak And Dagger"],"picked":"Singing Bowl","floor":66},{"not_picked":["Corpse Explosion","Adrenaline","Die Die Die"],"picked":"Singing Bowl","floor":67},{"not_picked":["Quick Slash+1","Outmaneuver+1","Backstab+1","Riddle With Holes+1"],"picked":"Singing Bowl","floor":77},{"not_picked":["Acrobatics+1","Outmaneuver+1","Setup+1"],"picked":"Deadly Poison+1","floor":78},{"not_picked":["Die Die Die+1","Grand Finale+1","Corpse Explosion+1","Burst+1"],"picked":"Singing Bowl","floor":84}],"player_experience":142864,"relics_obtained":[{"floor":1,"key":"Sundial"},{"floor":9,"key":"War Paint"},{"floor":18,"key":"Paper Crane"},{"floor":22,"key":"Bronze Scales"},{"floor":26,"key":"PreservedInsect"},{"floor":29,"key":"Boot"},{"floor":31,"key":"Happy Flower"},{"floor":35,"key":"Pear"},{"floor":36,"key":"Dead Branch"},{"floor":37,"key":"Strawberry"},{"floor":38,"key":"InkBottle"},{"floor":43,"key":"Runesmith:Nanobots"},{"floor":47,"key":"Omamori"},{"floor":48,"key":"Matryoshka"},{"floor":52,"key":"Pocketwatch"},{"floor":55,"key":"Pen Nib"},{"floor":60,"key":"Vajra"},{"floor":60,"key":"Kunai"},{"floor":64,"key":"Eternal Feather"},{"floor":69,"key":"The Courier"},{"floor":80,"key":"Circlet"},{"floor":82,"key":"Circlet"},{"floor":83,"key":"Circlet"},{"floor":86,"key":"Circlet"}],"event_choices":[{"cards_removed":["Survivor"],"damage_healed":0,"gold_gain":0,"player_choice":"Card Removal","damage_taken":0,"max_hp_gain":0,"max_hp_loss":0,"event_name":"The Cleric","floor":2,"gold_loss":50},{"damage_healed":0,"gold_gain":0,"player_choice":"Grow","damage_taken":0,"max_hp_gain":0,"max_hp_loss":0,"event_name":"Living Wall","floor":3,"gold_loss":0,"cards_upgraded":["Neutralize"]},{"damage_healed":0,"gold_gain":0,"player_choice":"Entered Light","damage_taken":14,"max_hp_gain":0,"max_hp_loss":0,"event_name":"Shining Light","floor":5,"gold_loss":0,"cards_upgraded":["Defend_G","Strike_G"]},{"damage_healed":0,"gold_gain":0,"player_choice":"Left Gold","damage_taken":0,"max_hp_gain":0,"max_hp_loss":0,"event_name":"World of Goop","floor":10,"gold_loss":20},{"cards_removed":["Footwork"],"damage_healed":0,"gold_gain":0,"player_choice":"Gave Gold","damage_taken":0,"max_hp_gain":0,"max_hp_loss":0,"event_name":"Beggar","floor":20,"gold_loss":75},{"damage_healed":0,"gold_gain":0,"player_choice":"Simplicity","damage_taken":0,"max_hp_gain":0,"max_hp_loss":0,"event_name":"Back to Basics","floor":30,"gold_loss":0,"cards_upgraded":[]},{"damage_healed":0,"gold_gain":0,"player_choice":"Fight","damage_taken":0,"max_hp_gain":0,"max_hp_loss":0,"event_name":"MindBloom","floor":36,"gold_loss":0},{"damage_healed":0,"gold_gain":0,"player_choice":"Embrace Madness","damage_taken":11,"max_hp_gain":0,"max_hp_loss":0,"event_name":"Winding Halls","floor":41,"gold_loss":0,"cards_obtained":["Madness","Madness"]},{"damage_healed":0,"gold_gain":0,"player_choice":"1 cards matched","damage_taken":0,"max_hp_gain":0,"max_hp_loss":0,"event_name":"Match and Keep!","floor":44,"gold_loss":0,"cards_obtained":["Neutralize"]},{"damage_healed":0,"gold_gain":0,"player_choice":"Entered Light","damage_taken":21,"max_hp_gain":0,"max_hp_loss":0,"event_name":"Shining Light","floor":56,"gold_loss":0,"cards_upgraded":["Poisoned Stab","Noxious Fumes"]},{"damage_healed":0,"gold_gain":0,"player_choice":"Leave","damage_taken":0,"max_hp_gain":0,"max_hp_loss":0,"event_name":"The Cleric","floor":61,"gold_loss":0},{"damage_healed":0,"gold_gain":0,"player_choice":"Inject Mutagens","damage_taken":0,"relics_obtained":["MutagenicStrength"],"max_hp_gain":0,"max_hp_loss":0,"event_name":"Drug Dealer","floor":70,"gold_loss":0},{"damage_healed":0,"gold_gain":0,"player_choice":"Ignored","damage_taken":0,"max_hp_gain":0,"max_hp_loss":0,"event_name":"NoteForYourself","floor":71,"gold_loss":0},{"damage_healed":0,"gold_gain":0,"player_choice":"Upgraded","damage_taken":0,"max_hp_gain":0,"max_hp_loss":0,"event_name":"Upgrade Shrine","floor":73,"gold_loss":0,"cards_upgraded":["Poisoned Stab"]}],"is_beta":false,"boss_relics":[{"not_picked":["Cursed Key","Ectoplasm","Runesmith:UraniumAnvil"]},{"not_picked":["Empty Cage","Calling Bell","Philosopher\u0027s Stone"]},{"not_picked":["Astrolabe","Sozu"],"picked":"HoveringKite"},{"not_picked":["Black Star","Philosopher\u0027s Stone"],"picked":"Ring of the Serpent"},{"not_picked":["Runesmith:UraniumAnvil","Fusion Hammer"],"picked":"SlaversCollar"}],"items_purged_floors":[4,45,53,54,72,81],"is_endless":true,"potions_floor_spawned":[1,29,31,38,48,52,55,67,69,77,82,84,86],"killed_by":"Orb Walker","ascension_level":0}}