{"host":"w1l5t0a1l2lkq6my","time":1613459600,"event":{"mods":["Bartender","BaseMod","Lobotomy","LobotomyExtend","Magitek Elite","Minty Spire (QoL Compilation)","StSLib","The Gatherer","Yuyuko"],"gold_per_floor":[118,293,307,307,322,322,339,349,349,349,366,396,396,144,144,239,239,239,239,239],"floor_reached":18,"language":"ENG","playtime":1264,"items_purged":["Gatherer:Defend_Gatherer"],"score":187,"play_id":"cbd154ae-ca44-4e57-8166-587a9285432a","local_time":"20210216001320","is_ascension_mode":false,"metric_token":593,"campfire_choices":[{"data":"Gatherer:TacticalStrike","floor":6,"key":"SMITH"},{"data":"Gatherer:Centralize","floor":10,"key":"SMITH"},{"data":"Gatherer:QuickSynthesis","floor":13,"key":"SMITH"},{"floor":15,"key":"REST"}],"circlet_count":0,"master_deck":["Gatherer:Centralize+1","Gatherer:FlowerWhip","SpiderBud","Gatherer:TacticalStrike+1","OSAHOGD","Gatherer:WoolGloves","RedShoes","Gatherer:BambuSword","LittleHelper","Gatherer:FlowerShield","Rudolta","Gatherer:BambuSword","UniverseFragment","Gatherer:QuickSynthesis+1","VoidDream","Gatherer:PotentialSlash","Gatherer:Misfortune","Gatherer:EnergyBasket","HeroicMonk","Gatherer:ColorfulGarden","Gatherer:BalancedGrowth","Gatherer:Photoscythe","Gatherer:Bulldoze","Gatherer:Liquidism","Gatherer:ScrollOfWall","Gatherer:Solidify","Gatherer:PotentialSlash","Gatherer:BigPouch","Gatherer:TacticalStrike"],"relics":["Gatherer:AlchemyBag","CogitoBucket","LetterFromLob","Theresia","Bronze Scales","Pandora\u0027s Box"],"acts_visited":["Exordium","TheCity"],"potions_floor_usage":[11,11,12,16],"damage_taken":[{"damage":0,"enemies":"Small Slimes","floor":1,"turns":3},{"damage":6,"enemies":"Jaw Worm","floor":3,"turns":4},{"damage":0,"enemies":"Cultist","floor":5,"turns":4},{"damage":9,"enemies":"2 Fungi Beasts","floor":7,"turns":2},{"damage":2,"enemies":"Looter","floor":8,"turns":2},{"damage":23,"enemies":"3 Louse","floor":11,"turns":4},{"damage":0,"enemies":"Gremlin Nob","floor":12,"turns":2},{"damage":9,"enemies":"Slime Boss","floor":16,"turns":7}],"seed_played":"-3520306535748549066","potions_obtained":[{"floor":3,"key":"DuplicationPotion"},{"floor":5,"key":"Explosive Potion"},{"floor":8,"key":"PowerPotion"}],"is_trial":false,"path_per_floor":["M","?","M","?","M","R","M","M","T","R","M","E","R","$","R","B",null,"M"],"character_chosen":"THE_GATHERER","items_purchased":["Gatherer:Misfortune","Gatherer:EnergyBasket","Energy Potion"],"campfire_rested":1,"item_purchase_floors":[14,14,14],"current_hp_per_floor":[72,72,66,66,66,66,57,55,55,55,32,32,32,32,53,44,72,0,0,0],"gold":239,"neow_bonus":"","is_daily":false,"chose_seed":false,"campfire_upgraded":3,"win_rate":0.0,"timestamp":1613459600,"path_taken":["M","?","M","?","M","R","M","M","T","R","M","E","R","$","R","BOSS","M"],"items_purchased_type":["Card","Card","Potion"],"build_version":"2020-12-22","purchased_purges":1,"victory":false,"max_hp_per_floor":[72,72,72,72,72,72,72,72,72,72,72,72,72,72,72,72,72,72,72,72],"card_choices":[{"not_picked":["UniverseFragment","WallGazer"],"picked":"SpiderBud","floor":1},{"not_picked":["Gatherer:Solidify","Gatherer:Frenzy"],"picked":"Gatherer:TacticalStrike","floor":1},{"not_picked":["BeautyBeast","Wellcheers"],"picked":"OSAHOGD","floor":3},{"not_picked":["Gatherer:ScrollOfWall","Gatherer:Nutrients"],"picked":"Gatherer:WoolGloves","floor":3},{"not_picked":["UniverseFragment","OldLady","Bloodbath"],"picked":"Singing Bowl","floor":5},{"not_picked":["Wellcheers","MHz"],"picked":"RedShoes","floor":5},{"not_picked":["Gatherer:Frenzy","Gatherer:TacticalStrike"],"picked":"Gatherer:BambuSword","floor":5},{"not_picked":["BlackSwan","GreedKing"],"picked":"LittleHelper","floor":7},{"not_picked":["Gatherer:VenomBarrier","Gatherer:SaveValuables"],"picked":"Gatherer:FlowerShield","floor":7},{"not_picked":["Scorched","Mercenary"],"picked":"Rudolta","floor":8},{"not_picked":["Gatherer:BalancedGrowth","Gatherer:AromaProtection"],"picked":"Gatherer:BambuSword","floor":8},{"not_picked":["Murderer","Bloodbath"],"picked":"UniverseFragment","floor":11},{"not_picked":["Gatherer:FeelingFine","Gatherer:FlowerFalling"],"picked":"Gatherer:QuickSynthesis","floor":11},{"not_picked":["ShyLook","GalaxyChild"],"picked":"VoidDream","floor":12},{"not_picked":["Gatherer:FlowerBeam","Gatherer:BomberForm"],"picked":"Gatherer:PotentialSlash","floor":12},{"not_picked":["Bloodbath","Wellcheers"],"picked":"HeroicMonk","floor":16},{"not_picked":["Gatherer:PoisonMastery","Gatherer:Bulldoze"],"picked":"Gatherer:ColorfulGarden","floor":16}],"player_experience":102702,"relics_obtained":[{"floor":1,"key":"LetterFromLob"},{"floor":12,"key":"Bronze Scales"}],"event_choices":[{"damage_healed":0,"gold_gain":175,"player_choice":"AGREE","damage_taken":0,"max_hp_gain":0,"max_hp_loss":0,"event_name":"Liars Game","floor":2,"gold_loss":0,"cards_obtained":["Doubt"]},{"cards_removed":["Doubt"],"damage_healed":0,"gold_gain":0,"player_choice":"Forget","damage_taken":0,"max_hp_gain":0,"max_hp_loss":0,"event_name":"Living Wall","floor":4,"gold_loss":0}],"is_beta":false,"boss_relics":[{"not_picked":["Snecko Eye","Tiny House"],"picked":"Pandora\u0027s Box"}],"items_purged_floors":[14],"is_endless":false,"potions_floor_spawned":[3,5,8],"ascension_level":0}}