{"host":"kig4ty9d1aubg29s","time":1613450176,"event":{"mods":["BaseMod","Minty Spire (QoL Compilation)","READ ME - Guardian Mod","READ ME - Snecko Mod","StSLib","The Cursed","The Gatherer","The Hierophant","The Runesmith"],"gold_per_floor":[364,364,380,380,398,426,426,445,445,23,23,173,173,173,173,250,250,261,3,13,13,13,13,39,54,54,68,68,87,87,100,100,173,223,240,240,258,208,56,56,56,102,125,140,140,159,170,170,170,170,170],"floor_reached":50,"language":"KOR","playtime":1520,"items_purged":["Doubt","Writhe"],"score":972,"play_id":"86967375-7876-4e60-840e-bde8307de197","local_time":"20210216133616","is_ascension_mode":true,"campfire_choices":[{"floor":7,"key":"REST"},{"floor":11,"key":"REST"},{"floor":13,"key":"REST"},{"data":"Noxious Fumes","floor":15,"key":"SMITH"},{"floor":23,"key":"REST"},{"floor":28,"key":"DIG"},{"floor":30,"key":"DIG"},{"floor":32,"key":"REST"},{"floor":40,"key":"REST"},{"floor":49,"key":"REST"}],"circlet_count":0,"master_deck":["AscendersBane","Strike_G","Strike_G","Strike_G","Strike_G","Defend_G","Defend_G","Defend_G","Defend_G","Survivor","Neutralize+1","Blade Dance+1","Poisoned Stab","Noxious Fumes+1","Noxious Fumes","Adrenaline","Leg Sweep","Glass Knife+1","Skewer+1","Bane+1","Slice+1","Sucker Punch+1","Heel Hook+1","Flying Knee+1","Poisoned Stab+1","After Image","Poisoned Stab+1","Noxious Fumes","Dodge and Roll+1","Terror+1","Catalyst","Corpse Explosion","Noxious Fumes+1","Skewer+1","Writhe"],"relics":["Ring of the Snake","Bottled Flame","Bottled Tornado","Membership Card","Molten Egg 2","Question Card","Fusion Hammer","HandDrill","Darkstone Periapt","Happy Flower","Bronze Scales","Shovel","Matryoshka","Gambling Chip","Tiny House","ClockworkSouvenir","Lantern","Centennial Puzzle","Blood Vial","Regal Pillow"],"acts_visited":["Exordium","TheCity","TheBeyond"],"potions_floor_usage":[6,8,24,25,31,37,46,50],"damage_taken":[{"damage":2,"enemies":"2 Louse","floor":1,"turns":4},{"damage":8,"enemies":"Jaw Worm","floor":3,"turns":3},{"damage":10,"enemies":"Small Slimes","floor":5,"turns":3},{"damage":17,"enemies":"Gremlin Nob","floor":6,"turns":4},{"damage":21,"enemies":"Exordium Thugs","floor":8,"turns":4},{"damage":10,"enemies":"Hexaghost","floor":16,"turns":9},{"damage":10,"enemies":"Spheric Guardian","floor":18,"turns":5},{"damage":0,"enemies":"3 Byrds","floor":20,"turns":4},{"damage":0,"enemies":"Gremlin Leader","floor":24,"turns":5},{"damage":1,"enemies":"3 Cultists","floor":25,"turns":4},{"damage":15,"enemies":"Snake Plant","floor":27,"turns":3},{"damage":3,"enemies":"Sentry and Sphere","floor":29,"turns":4},{"damage":12,"enemies":"Cultist and Chosen","floor":31,"turns":3},{"damage":53,"enemies":"Champ","floor":33,"turns":11},{"damage":12,"enemies":"Orb Walker","floor":35,"turns":4},{"damage":19,"enemies":"3 Darklings","floor":37,"turns":4},{"damage":8,"enemies":"Transient","floor":44,"turns":6},{"damage":8,"enemies":"Spire Growth","floor":46,"turns":3},{"damage":27,"enemies":"Writhing Mass","floor":47,"turns":5},{"damage":81,"enemies":"Time Eater","floor":50,"turns":5}],"seed_played":"-8440543112281196219","potions_obtained":[{"floor":5,"key":"Ancient Potion"},{"floor":6,"key":"Poison Potion"},{"floor":16,"key":"Ancient Potion"},{"floor":18,"key":"AttackPotion"},{"floor":22,"key":"PowerPotion"},{"floor":24,"key":"CunningPotion"},{"floor":29,"key":"SteroidPotion"},{"floor":34,"key":"DuplicationPotion"},{"floor":44,"key":"SkillPotion"},{"floor":47,"key":"Explosive Potion"}],"is_trial":false,"path_per_floor":["M","?","M","?","M","E","R","M","T","$","R","?","R","?","R","B",null,"M","$","M","?","?","R","E","M","T","M","R","M","R","M","R","B",null,"M","?","M","?","$","R","$","T","T","M","?","M","M","?","R","B"],"character_chosen":"THE_SILENT","items_purchased":["Membership Card","Molten Egg 2","Question Card","HandDrill","Darkstone Periapt","ClockworkSouvenir","Catalyst"],"campfire_rested":7,"item_purchase_floors":[10,10,10,19,19,39,39],"current_hp_per_floor":[57,57,49,42,32,15,34,13,13,13,32,32,51,51,51,41,60,50,50,50,56,56,72,72,71,71,56,56,53,53,41,62,9,61,49,49,30,30,30,53,53,53,53,47,47,41,16,37,76,0,0],"gold":170,"neow_bonus":"TWO_FIFTY_GOLD","is_daily":false,"chose_seed":false,"campfire_upgraded":1,"win_rate":0.0,"timestamp":1613450176,"path_taken":["M","?","M","?","M","E","R","M","T","$","R","?","R","?","R","BOSS","M","$","M","?","?","R","E","M","T","M","R","?","R","?","R","BOSS","M","?","?","?","$","R","$","?","T","?","?","M","M","?","R","BOSS"],"items_purchased_type":["Relic","Relic","Relic","Relic","Relic","Relic","Card"],"build_version":"2020-12-22","purchased_purges":2,"victory":false,"max_hp_per_floor":[66,66,66,66,66,66,66,66,66,66,66,66,66,66,66,66,66,66,66,66,72,72,72,72,72,72,72,72,72,72,72,72,72,77,77,77,77,77,77,77,77,77,77,77,77,77,77,83,83,83,83],"card_choices":[{"not_picked":["PiercingWail","Bane"],"picked":"Blade Dance","floor":1},{"not_picked":["Deflect","Backflip"],"picked":"Poisoned Stab","floor":3},{"not_picked":["Setup","Accuracy"],"picked":"Noxious Fumes","floor":5},{"not_picked":["Infinite Blades","Well Laid Plans"],"picked":"Noxious Fumes","floor":6},{"not_picked":["Poisoned Stab","Underhanded Strike"],"picked":"Adrenaline","floor":8},{"not_picked":["Burst","Adrenaline","After Image"],"picked":"Glass Knife+1","floor":16},{"not_picked":["Eviscerate+1","Cloak And Dagger","Dodge and Roll"],"picked":"Skewer+1","floor":18},{"not_picked":["Reflex","Cloak And Dagger","Quick Slash+1"],"picked":"Bane+1","floor":20},{"not_picked":["Acrobatics","Flechettes+1","Flying Knee+1"],"picked":"Slice+1","floor":24},{"not_picked":["Caltrops","Blade Dance","Skewer+1"],"picked":"Sucker Punch+1","floor":25},{"not_picked":["Dodge and Roll","Blade Dance","Choke+1"],"picked":"Heel Hook+1","floor":27},{"not_picked":["Dagger Throw+1","Quick Slash+1","Cloak And Dagger"],"picked":"Flying Knee+1","floor":29},{"not_picked":["Storm of Steel","Cloak And Dagger","Quick Slash+1"],"picked":"Poisoned Stab+1","floor":31},{"not_picked":["Venomology","Phantasmal Killer","Wraith Form v2"],"picked":"After Image","floor":33},{"not_picked":["Leg Sweep","Masterful Stab+1","Dagger Throw+1"],"picked":"Poisoned Stab+1","floor":34},{"not_picked":["Endless Agony+1","Distraction","Prepared"],"picked":"Noxious Fumes","floor":35},{"not_picked":["Dagger Spray+1","Poisoned Stab+1","Quick Slash+1"],"picked":"Terror+1","floor":37},{"not_picked":["Cloak And Dagger","Backflip","Underhanded Strike+1"],"picked":"Corpse Explosion","floor":44},{"not_picked":["Sucker Punch+1","Bouncing Flask+1","Bane+1"],"picked":"Noxious Fumes+1","floor":46},{"not_picked":["Caltrops","Dodge and Roll+1","Footwork"],"picked":"Skewer+1","floor":47}],"player_experience":1981104,"relics_obtained":[{"floor":6,"key":"Bottled Flame"},{"floor":9,"key":"Bottled Tornado"},{"floor":24,"key":"Bronze Scales"},{"floor":26,"key":"Shovel"},{"floor":28,"key":"Matryoshka"},{"floor":30,"key":"Gambling Chip"},{"floor":42,"key":"Lantern"},{"floor":42,"key":"Centennial Puzzle"},{"floor":43,"key":"Blood Vial"},{"floor":43,"key":"Regal Pillow"}],"event_choices":[{"damage_healed":0,"gold_gain":0,"player_choice":"Ignored","damage_taken":0,"max_hp_gain":0,"max_hp_loss":0,"event_name":"Shining Light","floor":2,"gold_loss":0},{"cards_removed":["Doubt"],"damage_healed":0,"gold_gain":0,"player_choice":"Card Removal","damage_taken":7,"max_hp_gain":0,"max_hp_loss":0,"event_name":"Golden Wing","floor":4,"gold_loss":0},{"damage_healed":0,"gold_gain":150,"player_choice":"AGREE","damage_taken":0,"max_hp_gain":0,"max_hp_loss":0,"event_name":"Liars Game","floor":12,"gold_loss":0,"cards_obtained":["Doubt"]},{"damage_healed":0,"gold_gain":0,"cards_transformed":["Defend_G"],"player_choice":"Transformed","damage_taken":0,"max_hp_gain":0,"max_hp_loss":0,"event_name":"Transmorgrifier","floor":14,"gold_loss":0,"cards_obtained":["Leg Sweep"]},{"damage_healed":0,"gold_gain":0,"player_choice":"Opened","damage_taken":0,"relics_obtained":["Happy Flower"],"max_hp_gain":0,"max_hp_loss":0,"event_name":"The Mausoleum","floor":21,"gold_loss":0,"cards_obtained":["Writhe"]},{"damage_healed":0,"gold_gain":0,"player_choice":"Got Potions","damage_taken":0,"max_hp_gain":0,"max_hp_loss":0,"event_name":"Lab","floor":22,"gold_loss":0},{"damage_healed":0,"gold_gain":0,"cards_transformed":["Strike_G"],"player_choice":"Transformed","damage_taken":0,"max_hp_gain":0,"max_hp_loss":0,"event_name":"Transmorgrifier","floor":36,"gold_loss":0,"cards_obtained":["Dodge and Roll"]},{"damage_healed":0,"gold_gain":0,"player_choice":"Upgraded Two","damage_taken":0,"max_hp_gain":0,"max_hp_loss":0,"event_name":"Designer","floor":38,"gold_loss":50,"cards_upgraded":["Dodge and Roll","Neutralize"]},{"damage_healed":0,"gold_gain":0,"player_choice":"Ignored","damage_taken":0,"max_hp_gain":0,"max_hp_loss":0,"event_name":"Mysterious Sphere","floor":45,"gold_loss":0},{"damage_healed":15,"gold_gain":0,"player_choice":"Writhe","damage_taken":0,"max_hp_gain":0,"max_hp_loss":0,"event_name":"Winding Halls","floor":48,"gold_loss":0,"cards_obtained":["Writhe"]}],"is_beta":false,"boss_relics":[{"not_picked":["Runic Pyramid","Velvet Choker"],"picked":"Fusion Hammer"},{"not_picked":["Snecko Eye","Philosopher\u0027s Stone"],"picked":"Tiny House"}],"items_purged_floors":[19,39],"is_endless":false,"potions_floor_spawned":[5,6,16,18,20,24,29,35,44,47],"killed_by":"Time Eater","ascension_level":17}}