{"host":"zsnmfqgcm92hlreo","time":1613460918,"event":{"mods":["AchievementEnabler","BaseMod","Bestiary","Block Reminder","Colored Map","Colored Powertips","Filter the Spire","Minty Spire (QoL Compilation)","Permanent Neow","Quick Restart","Relic Stats","StSLib","Weighted Paths"],"gold_per_floor":[119,139,158,172,18,18,43,43,43,43,72,93,93,111,111,190,190,210,210,226,236,246,246,246,246,246,278,278,36,36,36],"floor_reached":30,"language":"ENG","playtime":1292,"items_purged":[],"score":516,"play_id":"ed3252cb-4fd3-4989-a52b-95b4dc269d8f","local_time":"20210216013518","is_ascension_mode":true,"campfire_choices":[{"data":"Defragment","floor":6.0,"key":"SMITH"},{"data":"Consume","floor":8.0,"key":"SMITH"},{"data":"Darkness","floor":13,"key":"SMITH"},{"floor":15,"key":"REST"},{"floor":23,"key":"REST"},{"floor":25,"key":"REST"}],"circlet_count":0,"master_deck":["AscendersBane","Zap","Dualcast","Stack","Gash","Compile Driver","Auto Shields","Go for the Eyes","Self Repair","Redo","Electrodynamics","Defragment+1","White Noise","Lockon","Self Repair","Capacitor","Cold Snap","Consume+1","Echo Form","Darkness+1","Multi-Cast","Ball Lightning","Sunder+1","Sunder","Tempest+1","Biased Cognition","Defragment","Electrodynamics","Capacitor","Reinforced Body","Defragment"],"relics":["Pandora\u0027s Box","Bottled Flame","Unceasing Top","Odd Mushroom","Snecko Eye","Nloth\u0027s Gift","Blue Candle","InkBottle","Orrery"],"acts_visited":["Exordium","TheCity"],"potions_floor_usage":[12,12,27],"damage_taken":[{"damage":6.0,"enemies":"Cultist","floor":1.0,"turns":3.0},{"damage":14.0,"enemies":"2 Louse","floor":2.0,"turns":3.0},{"damage":0.0,"enemies":"Small Slimes","floor":3.0,"turns":2.0},{"damage":12.0,"enemies":"3 Louse","floor":4.0,"turns":2.0},{"damage":4.0,"enemies":"Gremlin Nob","floor":7.0,"turns":3.0},{"damage":22.0,"enemies":"3 Sentries","floor":11.0,"turns":4.0},{"damage":4,"enemies":"The Mushroom Lair","floor":12,"turns":3},{"damage":48,"enemies":"Lots of Slimes","floor":14,"turns":4},{"damage":24,"enemies":"Hexaghost","floor":16,"turns":7},{"damage":33,"enemies":"2 Thieves","floor":18,"turns":4},{"damage":6,"enemies":"Chosen","floor":20,"turns":5},{"damage":11,"enemies":"Centurion and Healer","floor":21,"turns":5},{"damage":44,"enemies":"Snake Plant","floor":22,"turns":3},{"damage":14,"enemies":"Book of Stabbing","floor":27,"turns":3},{"damage":59,"enemies":"Shelled Parasite and Fungi","floor":30,"turns":3}],"seed_played":"7986430255882396574","potions_obtained":[{"floor":1.0,"key":"Dexterity Potion"},{"floor":2.0,"key":"BlessingOfTheForge"},{"floor":11.0,"key":"Block Potion"},{"floor":20,"key":"Ancient Potion"},{"floor":22,"key":"AttackPotion"}],"is_trial":false,"path_per_floor":["M","M","M","M","$","R","E","R","T","?","E","?","R","M","R","B",null,"M","?","M","M","M","R","?","R","T","E","?","$","M"],"character_chosen":"DEFECT","items_purchased":["Capacitor","Cold Snap","Gash","Orrery","Defragment"],"campfire_rested":3,"item_purchase_floors":[5,5,5,29,29],"current_hp_per_floor":[65,58,58,53,53,53,49,49,49,49,34,50,50,16,37,27,60,41,41,49,45,8,29,29,50,50,43,43,43,0,0],"gold":36,"neow_bonus":"BOSS_RELIC","is_daily":false,"chose_seed":false,"campfire_upgraded":3,"win_rate":0.0,"timestamp":1613460918,"path_taken":["M","M","M","?","$","R","E","R","T","?","E","?","R","M","R","BOSS","M","?","?","M","M","R","?","R","T","E","?","?","?"],"items_purchased_type":["Card","Card","Card","Relic","Card"],"build_version":"2020-12-22","purchased_purges":0,"victory":false,"max_hp_per_floor":[71,71,71,71,71,71,71,71,71,71,71,71,71,71,71,71,71,71,71,71,71,71,71,71,71,71,71,71,71,71,71],"relic_stats":{"counters":[15,54],"Blue Candle":[0],"Snecko Eye":[32,41,36,31],"Pandora\u0027s Box":["Stack","Gash","Compile Driver","Auto Shields","Go for the Eyes","Self Repair","Redo","Electrodynamics"],"Nloth\u0027s Gift":4,"obtain_stats":[{"Bottled Flame":9,"Blue Candle":26,"Snecko Eye":17,"Orrery":29,"Pandora\u0027s Box":0,"Bag of Marbles":7,"Nloth\u0027s Gift":19,"Odd Mushroom":12,"Cracked Core":0,"Unceasing Top":11,"InkBottle":27},{"Bottled Flame":5,"Blue Candle":13,"Snecko Eye":9,"Orrery":14,"Pandora\u0027s Box":0,"Bag of Marbles":5,"Nloth\u0027s Gift":10,"Odd Mushroom":7,"Cracked Core":0,"Unceasing Top":6,"InkBottle":14},{"Bottled Flame":13,"Blue Candle":48,"Snecko Eye":31,"Orrery":51,"Pandora\u0027s Box":0,"Bag of Marbles":13,"Nloth\u0027s Gift":35,"Odd Mushroom":20,"Cracked Core":0,"Unceasing Top":17,"InkBottle":51}],"Unceasing Top":[1],"InkBottle":[1]},"card_choices":[{"not_picked":["Cold Snap","Hello World"],"picked":"Defragment","floor":1.0},{"not_picked":["Beam Cell","Heatsinks"],"picked":"White Noise","floor":2.0},{"not_picked":["Self Repair","Beam Cell"],"picked":"Lockon","floor":3.0},{"not_picked":["Conserve Battery","Stack"],"picked":"Self Repair","floor":4.0},{"not_picked":["Hello World","Rainbow"],"picked":"Consume","floor":7.0},{"not_picked":["BootSequence","Coolheaded"],"picked":"Echo Form","floor":11.0},{"not_picked":["Conserve Battery","Compile Driver"],"picked":"Darkness","floor":12},{"not_picked":["Sweeping Beam","Steam","Fusion"],"picked":"SKIP","floor":14},{"not_picked":["All For One","Echo Form"],"picked":"Multi-Cast","floor":16},{"not_picked":["Blizzard","Chill+1"],"picked":"Ball Lightning","floor":18},{"not_picked":["Rebound","Force Field"],"picked":"Sunder+1","floor":20},{"not_picked":["Compile Driver+1","Steam Power"],"picked":"Sunder","floor":21},{"not_picked":["Rebound","Reprogram"],"picked":"Tempest+1","floor":22},{"not_picked":["Blizzard+1","Fission"],"picked":"Biased Cognition","floor":27},{"not_picked":["Hyperbeam","Self Repair"],"picked":"Electrodynamics","floor":29},{"not_picked":["Aggregate","Coolheaded"],"picked":"Capacitor","floor":29},{"not_picked":["Go for the Eyes","Conserve Battery"],"picked":"Reinforced Body","floor":29}],"player_experience":1160479,"relics_obtained":[{"floor":7.0,"key":"Bag of Marbles"},{"floor":9.0,"key":"Bottled Flame"},{"floor":11.0,"key":"Unceasing Top"},{"floor":12,"key":"Odd Mushroom"},{"floor":26,"key":"Blue Candle"},{"floor":27,"key":"InkBottle"}],"event_choices":[{"damage_healed":0.0,"max_hp_gain":0.0,"max_hp_loss":0.0,"gold_gain":0.0,"event_name":"Golden Wing","player_choice":"Ignored","floor":10.0,"gold_loss":0.0,"damage_taken":0.0},{"damage_healed":0,"gold_gain":0,"player_choice":"Fought Mushrooms","damage_taken":0,"max_hp_gain":0,"max_hp_loss":0,"event_name":"Mushrooms","floor":12,"gold_loss":0},{"damage_healed":0,"gold_gain":0,"player_choice":"Traded Relic","damage_taken":0,"relics_obtained":["Nloth\u0027s Gift"],"max_hp_gain":0,"max_hp_loss":0,"event_name":"N\u0027loth","floor":19,"relics_lost":["Bag of Marbles"],"gold_loss":0},{"cards_removed":["Gash"],"damage_healed":0,"gold_gain":0,"player_choice":"Elegance","damage_taken":0,"max_hp_gain":0,"max_hp_loss":0,"event_name":"Back to Basics","floor":24,"gold_loss":0},{"damage_healed":0,"gold_gain":0,"player_choice":"Read","damage_taken":0,"max_hp_gain":0,"max_hp_loss":0,"event_name":"The Library","floor":28,"gold_loss":0,"cards_obtained":["Defragment"]}],"is_beta":false,"boss_relics":[{"not_picked":["Tiny House","SacredBark"],"picked":"Snecko Eye"}],"items_purged_floors":[],"is_endless":false,"potions_floor_spawned":[1,2,7,11,20,22],"killed_by":"Shelled Parasite and Fungi","ascension_level":20}}