{"host":"tr0r177cvmpvg89h","time":1613489293,"event":{"mods":["BaseMod","Colored Map","DeckTracker","Minty Spire (QoL Compilation)","StSLib","SuperFastMode"],"gold_per_floor":[115,131,131,81,81,81,256,256,336,350,350,361,380,415,415,511,511,531,223,223,239,239,239,239,239],"floor_reached":24,"language":"KOR","playtime":1758,"items_purged":["Doubt"],"score":219,"play_id":"4f93e0d3-1795-4d0c-bb64-e9f0d8e26b2b","local_time":"20210217002813","is_ascension_mode":false,"campfire_choices":[{"data":"Dual Wield","floor":6,"key":"SMITH"},{"data":"Headbutt","floor":8,"key":"SMITH"},{"data":"Power Through","floor":15,"key":"SMITH"},{"data":"Trip","floor":23,"key":"SMITH"}],"circlet_count":0,"master_deck":["Defend_R","Defend_R","Defend_R","Bash+1","Dual Wield+1","Thunderclap+1","Headbutt+1","Power Through+1","Thunderclap","Twin Strike","Feed","Berserk","Warcry","Trip+1","RitualDagger","Uppercut+1","Bite","Bite","Bite","Bite","Bite"],"relics":["Burning Blood","Eternal Feather","Bag of Preparation","Magic Flower","Velvet Choker","Lantern"],"acts_visited":["Exordium","TheCity"],"potions_floor_usage":[14,14,16],"damage_taken":[{"damage":8,"enemies":"Jaw Worm","floor":1,"turns":5},{"damage":4,"enemies":"2 Louse","floor":2,"turns":4},{"damage":10,"enemies":"Small Slimes","floor":10,"turns":3},{"damage":6,"enemies":"Exordium Wildlife","floor":12,"turns":3},{"damage":8,"enemies":"3 Louse","floor":13,"turns":3},{"damage":44,"enemies":"Gremlin Nob","floor":14,"turns":5},{"damage":29,"enemies":"Slime Boss","floor":16,"turns":10},{"damage":7,"enemies":"3 Byrds","floor":18,"turns":5},{"damage":15,"enemies":"Spheric Guardian","floor":21,"turns":3},{"damage":66,"enemies":"Gremlin Leader","floor":24,"turns":4}],"seed_played":"-2833043274442459900","potions_obtained":[{"floor":2,"key":"FairyPotion"},{"floor":10,"key":"EntropicBrew"},{"floor":18,"key":"Weak Potion"}],"is_trial":false,"path_per_floor":["M","M","?","?","?","R","?","R","T","M","?","M","M","E","R","B",null,"M","$","?","M","?","R","E"],"character_chosen":"IRONCLAD","items_purchased":["Lantern","Trip"],"campfire_rested":0,"item_purchase_floors":[19,19],"current_hp_per_floor":[78,80,64,64,57,57,57,57,57,53,41,41,39,30,39,24,83,92,92,86,80,64,64,0,0],"gold":239,"neow_bonus":"TRANSFORM_CARD","is_daily":false,"chose_seed":false,"campfire_upgraded":4,"win_rate":0.0,"timestamp":1613489293,"path_taken":["M","M","?","?","?","R","?","R","T","M","?","M","?","E","R","BOSS","M","$","?","M","?","R","E"],"items_purchased_type":["Relic","Card"],"build_version":"2020-12-22","purchased_purges":1,"victory":false,"max_hp_per_floor":[80,80,80,80,80,80,80,80,80,80,80,80,80,80,80,83,83,92,92,92,92,64,64,64,64],"card_choices":[{"not_picked":["Heavy Blade","Clothesline"],"picked":"Thunderclap","floor":1},{"not_picked":["Cleave","True Grit"],"picked":"Headbutt","floor":2},{"not_picked":["Burning Pact","Thunderclap"],"picked":"Power Through","floor":10},{"not_picked":["Pommel Strike","Rupture"],"picked":"Thunderclap","floor":12},{"not_picked":["Clothesline","Heavy Blade"],"picked":"Twin Strike","floor":13},{"not_picked":["Sword Boomerang","True Grit"],"picked":"Feed","floor":14},{"not_picked":["Exhume","Juggernaut"],"picked":"Berserk","floor":16},{"not_picked":["Sword Boomerang","Pommel Strike"],"picked":"Warcry","floor":18},{"not_picked":["Twin Strike","Cleave"],"picked":"Uppercut+1","floor":21}],"player_experience":57147,"relics_obtained":[{"floor":9,"key":"Eternal Feather"},{"floor":14,"key":"Magic Flower"}],"event_choices":[{"damage_healed":0,"gold_gain":0,"player_choice":"Entered Light","damage_taken":16,"max_hp_gain":0,"max_hp_loss":0,"event_name":"Shining Light","floor":3,"gold_loss":0,"cards_upgraded":["Bash","Thunderclap"]},{"cards_removed":["Defend_R"],"damage_healed":0,"gold_gain":0,"player_choice":"Card Removal","damage_taken":0,"max_hp_gain":0,"max_hp_loss":0,"event_name":"The Cleric","floor":4,"gold_loss":50},{"cards_removed":["Strike_R"],"damage_healed":0,"gold_gain":0,"player_choice":"Card Removal","damage_taken":7,"max_hp_gain":0,"max_hp_loss":0,"event_name":"Golden Wing","floor":5,"gold_loss":0},{"damage_healed":0,"gold_gain":175,"player_choice":"AGREE","damage_taken":0,"max_hp_gain":0,"max_hp_loss":0,"event_name":"Liars Game","floor":7,"gold_loss":0,"cards_obtained":["Doubt"]},{"damage_healed":0,"gold_gain":0,"player_choice":"Success","damage_taken":12,"relics_obtained":["Bag of Preparation"],"max_hp_gain":0,"max_hp_loss":0,"event_name":"Scrap Ooze","floor":11,"gold_loss":0},{"damage_healed":0,"gold_gain":0,"player_choice":"Joined the Cult","damage_taken":6,"max_hp_gain":0,"max_hp_loss":0,"event_name":"Nest","floor":20,"gold_loss":0,"cards_obtained":["RitualDagger"]},{"damage_healed":0,"gold_gain":0,"player_choice":"Became a vampire","damage_taken":0,"max_hp_gain":0,"max_hp_loss":28,"event_name":"Vampires","floor":22,"gold_loss":0,"cards_obtained":["Bite","Bite","Bite","Bite","Bite"]}],"is_beta":false,"boss_relics":[{"not_picked":["Empty Cage","Fusion Hammer"],"picked":"Velvet Choker"}],"items_purged_floors":[19],"is_endless":false,"potions_floor_spawned":[2,10,18],"killed_by":"Gremlin Leader","ascension_level":0}}