{"host":"kp5m5tbwfn2imaek","time":1613509234,"event":{"mods":["AchievementEnabler","BaseMod","Bestiary","Minty Spire (QoL Compilation)","Relic Stats"],"gold_per_floor":[127,150,142,172,184,196,241,263,275,320,345,357,386,409,421,511,523,553,583,605,617,284,316,336,336,336,9,9,24,50,50,50,128,128,138,158,172,182,182,182,214,214,214,244,299,334,434,451,451,451,451,451,33,61,61],"floor_reached":56,"language":"ENG","playtime":3317,"items_purged":["Strike_B","Strike_B","Defend_B"],"score":1957,"play_id":"1cac7af0-3453-4707-ac72-b9d8e9168f0d","local_time":"20210216160034","is_ascension_mode":true,"campfire_choices":[{"data":"Defragment","floor":6,"key":"SMITH"},{"data":"Electrodynamics","floor":12,"key":"SMITH"},{"data":"Fission","floor":15,"key":"SMITH"},{"floor":25,"key":"REST"},{"floor":28,"key":"REST"},{"floor":32,"key":"REST"},{"floor":40,"key":"REST"},{"floor":42,"key":"RECALL"},{"floor":49,"key":"REST"},{"floor":52,"key":"REST"}],"circlet_count":0,"master_deck":["AscendersBane","Defend_B","Defend_B","Defend_B","Zap","Dualcast","Defragment+1","Cold Snap","Electrodynamics+1","Turbo","Fission+1","Doom and Gloom","Tempest","Genetic Algorithm","Genetic Algorithm","Biased Cognition","Double Energy","Lockon","Reboot","Coolheaded","Self Repair","Heatsinks","Apotheosis","Defragment","Steam Power","Necronomicurse","Echo Form","Creative AI","Multi-Cast","Sunder+1","Skim","Electrodynamics","Stack"],"relics":["Cracked Core","MawBank","Lantern","Torii","Fusion Hammer","Centennial Puzzle","Matryoshka","DataDisk","White Beast Statue","Pear","Necronomicon","Snecko Eye","Oddly Smooth Stone","Vajra","Bottled Lightning","Shuriken","TungstenRod","Happy Flower","Ginger"],"acts_visited":["Exordium","TheCity","TheBeyond","TheEnding"],"potions_floor_usage":[7,16,24,33,44,55,55],"damage_taken":[{"damage":7,"enemies":"Small Slimes","floor":1,"turns":3},{"damage":1,"enemies":"Cultist","floor":2,"turns":4},{"damage":0,"enemies":"Jaw Worm","floor":4,"turns":3},{"damage":25,"enemies":"Lagavulin","floor":7,"turns":7},{"damage":0,"enemies":"Lots of Slimes","floor":8,"turns":1},{"damage":21,"enemies":"3 Sentries","floor":10,"turns":5},{"damage":1,"enemies":"Gremlin Gang","floor":11,"turns":2},{"damage":0,"enemies":"Blue Slaver","floor":13,"turns":2},{"damage":1,"enemies":"Looter","floor":14,"turns":3},{"damage":14,"enemies":"Slime Boss","floor":16,"turns":8},{"damage":0,"enemies":"3 Byrds","floor":18,"turns":1},{"damage":1,"enemies":"Chosen","floor":19,"turns":3},{"damage":29,"enemies":"Centurion and Healer","floor":20,"turns":5},{"damage":18,"enemies":"Gremlin Leader","floor":23,"turns":4},{"damage":7,"enemies":"Snecko","floor":24,"turns":5},{"damage":6,"enemies":"Snake Plant","floor":29,"turns":3},{"damage":13,"enemies":"Book of Stabbing","floor":30,"turns":3},{"damage":7,"enemies":"Automaton","floor":33,"turns":7},{"damage":11,"enemies":"3 Darklings","floor":35,"turns":3},{"damage":1,"enemies":"Orb Walker","floor":36,"turns":3},{"damage":11,"enemies":"Sphere and 2 Shapes","floor":37,"turns":3},{"damage":35,"enemies":"Transient","floor":38,"turns":5},{"damage":0,"enemies":"Giant Head","floor":41,"turns":7},{"damage":19,"enemies":"Reptomancer","floor":44,"turns":6},{"damage":10,"enemies":"2 Orb Walkers","floor":45,"turns":2},{"damage":8,"enemies":"Giant Head","floor":46,"turns":7},{"damage":0,"enemies":"Jaw Worm Horde","floor":48,"turns":5},{"damage":11,"enemies":"Donu and Deca","floor":50,"turns":8},{"damage":34,"enemies":"Shield and Spear","floor":54,"turns":4},{"damage":24,"enemies":"The Heart","floor":55,"turns":9}],"seed_played":"-3603210062470452972","potions_obtained":[{"floor":1,"key":"Strength Potion"},{"floor":2,"key":"LiquidBronze"},{"floor":3,"key":"Regen Potion"},{"floor":8,"key":"GamblersBrew"},{"floor":16,"key":"FocusPotion"},{"floor":18,"key":"FocusPotion"},{"floor":24,"key":"LiquidMemories"},{"floor":33,"key":"Fire Potion"},{"floor":36,"key":"PowerPotion"},{"floor":41,"key":"Fruit Juice"},{"floor":44,"key":"SkillPotion"},{"floor":46,"key":"DistilledChaos"},{"floor":54,"key":"Weak Potion"}],"is_trial":false,"path_per_floor":["M","M","?","M","?","R","E","M","T","E","M","R","M","M","R","B",null,"M","M","M","?","$","E","M","R","T","$","R","M","E","?","R","B",null,"M","M","M","M","?","R","E","R","T","E","?","E","?","M","R","B",null,"R","$","E","B",null],"character_chosen":"DEFECT","items_purchased":["Coolheaded","Centennial Puzzle","Self Repair","Apotheosis","Defragment","Skim","Electrodynamics","Stack"],"campfire_rested":6,"item_purchase_floors":[22,22,22,27,27,53,53,53],"current_hp_per_floor":[61,60,60,60,60,60,49,49,49,28,27,27,27,26,26,12,59,59,58,29,29,29,18,18,40,40,40,62,63,70,54,79,79,84,80,79,68,40,40,65,75,75,75,71,81,83,83,90,90,89,90,90,90,76,62],"gold":61,"neow_bonus":"RANDOM_COMMON_RELIC","is_daily":false,"chose_seed":false,"campfire_upgraded":3,"win_rate":0.0,"timestamp":1613509234,"path_taken":["M","M","?","?","?","R","E","M","T","E","M","R","?","?","R","BOSS","M","M","M","?","$","E","M","R","T","$","R","M","E","?","R","BOSS","M","M","M","M","?","R","E","R","T","E","?","E","?","?","R","BOSS","R","$","E","BOSS"],"items_purchased_type":["Card","Relic","Card","Card","Card","Card","Card","Card"],"build_version":"2020-12-22","purchased_purges":3,"victory":true,"max_hp_per_floor":[75,75,75,75,75,75,75,75,75,75,75,75,75,75,75,75,75,75,75,75,75,75,75,75,75,75,75,75,75,85,85,85,85,85,85,85,85,85,85,85,85,85,85,90,90,90,90,90,90,90,90,90,90,90,90],"relic_stats":{"Centennial Puzzle":[45],"Torii":39,"Happy Flower":[8],"counters":[30,131],"Shuriken":[10],"Snecko Eye":[149,144,139,139],"Necronomicon":[18],"Ginger":[2],"MawBank":264,"obtain_stats":[{"Lantern":7,"Pear":30,"Torii":10,"Happy Flower":46,"Oddly Smooth Stone":41,"Vajra":43,"Ginger":54,"MawBank":0,"White Beast Statue":26,"Centennial Puzzle":22,"DataDisk":26,"Matryoshka":23,"Shuriken":44,"Snecko Eye":34,"Fusion Hammer":17,"Necronomicon":31,"Bottled Lightning":43,"Cracked Core":0,"TungstenRod":45},{"Lantern":4,"Pear":17,"Torii":6,"Happy Flower":26,"Oddly Smooth Stone":23,"Vajra":23,"Ginger":29,"MawBank":0,"White Beast Statue":15,"Centennial Puzzle":13,"DataDisk":15,"Matryoshka":14,"Shuriken":24,"Snecko Eye":18,"Fusion Hammer":10,"Necronomicon":17,"Bottled Lightning":23,"Cracked Core":0,"TungstenRod":25},{"Lantern":17,"Pear":62,"Torii":23,"Happy Flower":105,"Oddly Smooth Stone":90,"Vajra":90,"Ginger":122,"MawBank":0,"White Beast Statue":56,"Centennial Puzzle":47,"DataDisk":56,"Matryoshka":51,"Shuriken":96,"Snecko Eye":69,"Fusion Hammer":38,"Necronomicon":62,"Bottled Lightning":90,"Cracked Core":0,"TungstenRod":98}],"TungstenRod":55},"card_choices":[{"not_picked":["Static Discharge","Go for the Eyes"],"picked":"Defragment","floor":1},{"not_picked":["Go for the Eyes","Consume"],"picked":"Cold Snap","floor":2},{"not_picked":["Steam","Force Field","Go for the Eyes"],"picked":"SKIP","floor":4},{"not_picked":["Coolheaded","Reprogram"],"picked":"Fission","floor":7},{"not_picked":["Conserve Battery","Sunder"],"picked":"Doom and Gloom","floor":8},{"not_picked":["Aggregate","Turbo","Stack"],"picked":"SKIP","floor":10},{"not_picked":["FTL","Undo"],"picked":"Tempest","floor":11},{"not_picked":["Go for the Eyes","Tempest"],"picked":"Genetic Algorithm","floor":13},{"not_picked":["Hologram","Darkness"],"picked":"Genetic Algorithm","floor":14},{"not_picked":["Hyperbeam","Reboot"],"picked":"Biased Cognition","floor":16},{"not_picked":["Rebound","Sweeping Beam"],"picked":"Double Energy","floor":18},{"not_picked":["Auto Shields","Go for the Eyes","FTL"],"picked":"SKIP","floor":19},{"not_picked":["Double Energy","Go for the Eyes"],"picked":"Lockon","floor":20},{"not_picked":["Hyperbeam","Sweeping Beam+1"],"picked":"Heatsinks","floor":23},{"not_picked":["Barrage","Scrape+1","Cold Snap"],"picked":"SKIP","floor":24},{"not_picked":["Steam","Leap","Static Discharge"],"picked":"SKIP","floor":29},{"not_picked":["Redo","Barrage+1"],"picked":"Steam Power","floor":30},{"not_picked":["Biased Cognition","Fission"],"picked":"Echo Form","floor":33},{"not_picked":["Barrage","Rebound+1","Compile Driver"],"picked":"SKIP","floor":35},{"not_picked":["Beam Cell+1","Streamline","Rebound+1"],"picked":"SKIP","floor":36},{"not_picked":["Sweeping Beam+1","Hello World+1","Steam"],"picked":"SKIP","floor":37},{"not_picked":["Go for the Eyes","Heatsinks"],"picked":"Creative AI","floor":38},{"not_picked":["Streamline","Beam Cell","Sweeping Beam"],"picked":"SKIP","floor":41},{"not_picked":["Compile Driver","Self Repair","Rebound"],"picked":"SKIP","floor":44},{"not_picked":["Redo","Cold Snap+1"],"picked":"Multi-Cast","floor":45},{"not_picked":["Conserve Battery","Leap"],"picked":"Sunder+1","floor":46},{"not_picked":["Steam","Fusion","Barrage"],"picked":"SKIP","floor":48},{"not_picked":["Turbo","Compile Driver","Ball Lightning+1"],"picked":"SKIP","floor":54}],"player_experience":736445,"relics_obtained":[{"floor":7,"key":"Lantern"},{"floor":10,"key":"Torii"},{"floor":23,"key":"Matryoshka"},{"floor":26,"key":"DataDisk"},{"floor":26,"key":"White Beast Statue"},{"floor":30,"key":"Pear"},{"floor":31,"key":"Necronomicon"},{"floor":41,"key":"Oddly Smooth Stone"},{"floor":43,"key":"Vajra"},{"floor":43,"key":"Bottled Lightning"},{"floor":44,"key":"Shuriken"},{"floor":45,"key":"TungstenRod"},{"floor":46,"key":"Happy Flower"},{"floor":54,"key":"Ginger"}],"event_choices":[{"damage_healed":0,"gold_gain":0,"player_choice":"Bought 1 Potion","damage_taken":0,"max_hp_gain":0,"max_hp_loss":0,"event_name":"The Woman in Blue","floor":3,"gold_loss":0},{"damage_healed":0,"gold_gain":0,"player_choice":"2 cards matched","damage_taken":0,"max_hp_gain":0,"max_hp_loss":0,"event_name":"Match and Keep!","floor":5,"gold_loss":0,"cards_obtained":["Electrodynamics","Turbo"]},{"damage_healed":0,"gold_gain":0,"cards_transformed":["Strike_B","Strike_B"],"player_choice":"Became Test Subject","damage_taken":0,"max_hp_gain":0,"max_hp_loss":0,"event_name":"Drug Dealer","floor":21,"gold_loss":0,"cards_obtained":["Hello World","Reboot"]},{"damage_healed":0,"gold_gain":0,"player_choice":"Obtained Book","damage_taken":16,"max_hp_gain":0,"max_hp_loss":0,"event_name":"Cursed Tome","floor":31,"gold_loss":0},{"cards_removed":["Hello World"],"damage_healed":0,"gold_gain":0,"player_choice":"Removed Power","damage_taken":0,"max_hp_gain":0,"max_hp_loss":0,"event_name":"Falling","floor":39,"gold_loss":0},{"damage_healed":0,"gold_gain":0,"player_choice":"Fight","damage_taken":0,"max_hp_gain":0,"max_hp_loss":0,"event_name":"Mysterious Sphere","floor":45,"gold_loss":0},{"damage_healed":0,"gold_gain":100,"player_choice":"Pray","damage_taken":0,"max_hp_gain":0,"max_hp_loss":0,"event_name":"Golden Shrine","floor":47,"gold_loss":0}],"is_beta":false,"boss_relics":[{"not_picked":["Calling Bell","Busted Crown"],"picked":"Fusion Hammer"},{"not_picked":["Astrolabe","Runic Dome"],"picked":"Snecko Eye"}],"items_purged_floors":[22,27,53],"is_endless":false,"potions_floor_spawned":[1,2,8,16,18,24,29,30,33,35,36,37,38,41,44,45,46,48,54],"ascension_level":13}}