{"host":"ue7jlgf7uv134an9","time":1613444296,"event":{"mods":["BaseMod","Better Third Choice","Colored Map","Defuse TimeMaze Blight","Minty Spire (QoL Compilation)","Quick Restart","Rare Cards Sparkle","Relic Stats","StSLib","UnlockEverythingMod"],"gold_per_floor":[117,134,134,134,145,187,187,213,240,267,305,305,319,342,342,451,451,465,465,493,41,69,111,141,174,174,192,192,192,192,225,225,326,326,355,131,183,93,105,105,137,137,137,137,146,146,181,181,181,181],"floor_reached":51,"language":"ENG","playtime":2301,"items_purged":["Strike_G","Strike_G+1"],"score":782,"play_id":"4da08b9f-29c5-441a-9078-534cf60a550b","local_time":"20210215215816","is_ascension_mode":false,"campfire_choices":[{"data":"Caltrops","floor":7.0,"key":"SMITH"},{"data":"Well Laid Plans","floor":15.0,"key":"SMITH"},{"data":"Deep Breath","floor":29.0,"key":"SMITH"},{"floor":32.0,"key":"REST"},{"floor":40.0,"key":"REST"},{"floor":46.0,"key":"REST"},{"data":"Wraith Form v2","floor":49.0,"key":"SMITH"}],"circlet_count":0,"master_deck":["Strike_G+1","Defend_G+1","Defend_G+1","Defend_G+1","Neutralize+1","Slice","Backflip","Poisoned Stab+1","Caltrops+1","Venomology+1","Well Laid Plans+1","Leg Sweep","Endless Agony","Glass Knife+1","Backstab+1","Deep Breath+1","Wraith Form v2+1","Deadly Poison+1","Backstab","Cloak And Dagger+1","Blur","PiercingWail","Sucker Punch+1","Envenom","Crippling Poison","Blade Dance","Acrobatics","Dagger Spray+1","Backflip","Dash","Accuracy","Backflip","Adrenaline","Cloak And Dagger+1","Chrysalis"],"relics":["Ring of the Serpent","NeowsBlessing","CeramicFish","Lantern","Whetstone","Kunai","Cursed Key","Prayer Wheel","Turnip","WingedGreaves","Shuriken"],"acts_visited":["Exordium","TheCity","TheBeyond"],"potions_floor_usage":[50,50,50,50],"damage_taken":[{"damage":0.0,"enemies":"2 Louse","floor":1.0,"turns":1.0},{"damage":0.0,"enemies":"Jaw Worm","floor":2.0,"turns":1.0},{"damage":0.0,"enemies":"Small Slimes","floor":5.0,"turns":1.0},{"damage":19.0,"enemies":"3 Sentries","floor":6.0,"turns":14.0},{"damage":0.0,"enemies":"Blue Slaver","floor":8.0,"turns":3.0},{"damage":0.0,"enemies":"2 Fungi Beasts","floor":10.0,"turns":3.0},{"damage":16.0,"enemies":"Lagavulin","floor":11.0,"turns":7.0},{"damage":4.0,"enemies":"3 Louse","floor":13.0,"turns":5.0},{"damage":0.0,"enemies":"Gremlin Gang","floor":14.0,"turns":5.0},{"damage":7.0,"enemies":"Hexaghost","floor":16.0,"turns":9.0},{"damage":1.0,"enemies":"Shell Parasite","floor":18.0,"turns":5.0},{"damage":0.0,"enemies":"2 Thieves","floor":20.0,"turns":4.0},{"damage":0.0,"enemies":"Snake Plant","floor":22.0,"turns":2.0},{"damage":22.0,"enemies":"Slavers","floor":23.0,"turns":4.0},{"damage":0.0,"enemies":"3 Cultists","floor":24.0,"turns":5.0},{"damage":2.0,"enemies":"Snecko","floor":25.0,"turns":6.0},{"damage":0.0,"enemies":"Snake Plant","floor":31.0,"turns":3.0},{"damage":1.0,"enemies":"Automaton","floor":33.0,"turns":10.0},{"damage":14.0,"enemies":"3 Darklings","floor":35.0,"turns":6.0},{"damage":21.0,"enemies":"2 Orb Walkers","floor":37.0,"turns":6.0},{"damage":2.0,"enemies":"3 Shapes","floor":39.0,"turns":5.0},{"damage":0.0,"enemies":"Jaw Worm Horde","floor":41.0,"turns":3.0},{"damage":0.0,"enemies":"Giant Head","floor":47.0,"turns":8.0},{"damage":38,"enemies":"Time Eater","floor":50,"turns":8}],"seed_played":"7706596762762261838","potions_obtained":[{"floor":2.0,"key":"CultistPotion"},{"floor":5.0,"key":"Energy Potion"},{"floor":8.0,"key":"EssenceOfSteel"},{"floor":11.0,"key":"Swift Potion"},{"floor":20.0,"key":"SteroidPotion"},{"floor":23.0,"key":"BlessingOfTheForge"},{"floor":24.0,"key":"SkillPotion"},{"floor":37.0,"key":"Poison Potion"}],"is_trial":false,"path_per_floor":["M","M","?","?","M","E","R","M","T","M","E","T","M","M","R","B",null,"M","?","M","$","M","E","M","M","T","?","?","R","?","M","R","B",null,"M","$","?","?","M","R","M","?","T","T","?","R","E","T","R","B",null],"character_chosen":"THE_SILENT","items_purchased":["Prayer Wheel","Deep Breath","Dash","Accuracy","Backflip"],"campfire_rested":3,"item_purchase_floors":[21,21,36,36,36],"current_hp_per_floor":[70,70,70,75,75,56,56,56,56,56,40,40,36,36,36,29,75,74,74,74,74,74,52,52,50,50,50,50,50,36,36,60,59,80,66,66,45,45,43,67,67,67,67,67,62,80,80,80,80,42],"gold":181,"neow_bonus":"THREE_ENEMY_KILL","is_daily":false,"chose_seed":false,"campfire_upgraded":4,"win_rate":0.0,"timestamp":1613444296,"path_taken":["M","M","?","?","M","E","R","M","T","M","E","?","M","M","R","BOSS","M","?","M","$","M","E","?","M","T","?","?","R","?","M","R","BOSS","M","$","?","?","M","R","?","?","T","?","?","R","E","?","R","BOSS"],"items_purchased_type":["Relic","Card","Card","Card","Card"],"build_version":"2020-12-22","purchased_purges":2,"victory":true,"max_hp_per_floor":[70,70,70,75,75,75,75,75,75,75,75,75,75,75,75,75,75,75,75,75,75,75,75,75,75,75,75,75,75,80,80,80,80,80,80,80,80,80,80,80,80,80,80,80,80,80,80,80,80,80],"relic_stats":{"counters":[24,124],"Shuriken":[7],"CeramicFish":243,"Prayer Wheel":7,"Turnip":[2],"Whetstone":["Neutralize","Poisoned Stab"],"Kunai":[59],"Cursed Key":0,"obtain_stats":[{"Lantern":9,"NeowsBlessing":0,"Shuriken":47,"CeramicFish":6,"Prayer Wheel":21,"Turnip":23,"WingedGreaves":37,"Whetstone":11,"Kunai":12,"Cursed Key":17,"Ring of the Serpent":34,"Ring of the Snake":0},{"Lantern":5,"NeowsBlessing":0,"Shuriken":23,"CeramicFish":4,"Prayer Wheel":12,"Turnip":14,"WingedGreaves":20,"Whetstone":7,"Kunai":7,"Cursed Key":10,"Ring of the Serpent":18,"Ring of the Snake":0},{"Lantern":20,"NeowsBlessing":0,"Shuriken":116,"CeramicFish":17,"Prayer Wheel":58,"Turnip":64,"WingedGreaves":100,"Whetstone":30,"Kunai":30,"Cursed Key":49,"Ring of the Serpent":88,"Ring of the Snake":0}]},"card_choices":[{"not_picked":["Outmaneuver","Eviscerate"],"picked":"Slice","floor":1.0},{"not_picked":["Flechettes","Underhanded Strike"],"picked":"Backflip","floor":2.0},{"not_picked":["PiercingWail","Deflect"],"picked":"Poisoned Stab","floor":5.0},{"not_picked":["Eviscerate","Backflip"],"picked":"Caltrops","floor":6.0},{"not_picked":["Acrobatics","Heel Hook"],"picked":"Venomology","floor":8.0},{"not_picked":["Heel Hook","Quick Slash"],"picked":"Well Laid Plans","floor":10.0},{"not_picked":["Slice","Dodge and Roll"],"picked":"Leg Sweep","floor":11.0},{"not_picked":["Prepared","Quick Slash","Outmaneuver"],"picked":"SKIP","floor":13.0},{"not_picked":["Dagger Throw","Masterful Stab"],"picked":"Endless Agony","floor":14.0},{"not_picked":["Phantasmal Killer","Unload"],"picked":"Glass Knife","floor":16.0},{"not_picked":["Bane+1","Flying Knee","Prepared"],"picked":"SKIP","floor":18.0},{"not_picked":["Slice","Bouncing Flask"],"picked":"Backstab+1","floor":20.0},{"not_picked":["Quick Slash","Prepared"],"picked":"Wraith Form v2","floor":22.0},{"not_picked":["Quick Slash","Deflect"],"picked":"Deadly Poison+1","floor":22.0},{"not_picked":["Bouncing Flask+1","Grand Finale"],"picked":"Backstab","floor":23.0},{"not_picked":["Dagger Spray+1","Bouncing Flask"],"picked":"Cloak And Dagger+1","floor":24.0},{"not_picked":["Outmaneuver","Slice"],"picked":"Blur","floor":24.0},{"not_picked":["Dagger Throw+1","Distraction+1"],"picked":"PiercingWail","floor":25.0},{"not_picked":["Slice+1","Dagger Throw+1"],"picked":"Sucker Punch+1","floor":25.0},{"not_picked":["Backflip","Deadly Poison"],"picked":"Blade Dance","floor":31.0},{"not_picked":["Poisoned Stab","PiercingWail"],"picked":"Acrobatics","floor":31.0},{"not_picked":["Flying Knee","Underhanded Strike+1"],"picked":"Dagger Spray+1","floor":35.0},{"not_picked":["Finisher","Dagger Throw"],"picked":"Backflip","floor":35.0},{"not_picked":["Slice","Heel Hook","Poisoned Stab+1"],"picked":"SKIP","floor":39.0},{"not_picked":["Skewer","Bane+1","Acrobatics"],"picked":"SKIP","floor":39.0},{"not_picked":["Dodge and Roll","Terror+1"],"picked":"Adrenaline","floor":41.0},{"not_picked":["Choke+1","Dodge and Roll+1"],"picked":"Cloak And Dagger+1","floor":41.0},{"not_picked":["Deep Breath","Magnetism"],"picked":"Chrysalis","floor":45.0},{"not_picked":["Dash","Dodge and Roll+1","Storm of Steel"],"picked":"SKIP","floor":47.0}],"player_experience":71169,"relics_obtained":[{"floor":6.0,"key":"CeramicFish"},{"floor":9.0,"key":"Lantern"},{"floor":11.0,"key":"Whetstone"},{"floor":12.0,"key":"Kunai"},{"floor":23.0,"key":"Turnip"},{"floor":37.0,"key":"WingedGreaves"},{"floor":47.0,"key":"Shuriken"}],"event_choices":[{"cards_removed":["Strike_G"],"damage_healed":0.0,"max_hp_gain":0.0,"max_hp_loss":0.0,"gold_gain":0.0,"event_name":"Living Wall","player_choice":"Forget","floor":3.0,"gold_loss":0.0,"damage_taken":0.0},{"damage_healed":0.0,"max_hp_gain":5.0,"max_hp_loss":0.0,"gold_gain":0.0,"event_name":"Big Fish","player_choice":"Donut","floor":4.0,"gold_loss":0.0,"damage_taken":0.0},{"damage_healed":0.0,"max_hp_gain":0.0,"max_hp_loss":0.0,"gold_gain":0.0,"event_name":"Accursed Blacksmith","player_choice":"Forge","floor":19.0,"gold_loss":0.0,"damage_taken":0.0,"cards_upgraded":["Glass Knife"]},{"damage_healed":0.0,"max_hp_gain":0.0,"max_hp_loss":0.0,"gold_gain":0.0,"cards_transformed":["Defend_G","Defend_G"],"event_name":"Drug Dealer","player_choice":"Became Test Subject","floor":27.0,"gold_loss":0.0,"damage_taken":0.0,"cards_obtained":["Envenom","Crippling Poison"]},{"damage_healed":0.0,"max_hp_gain":0.0,"max_hp_loss":6.0,"gold_gain":0.0,"event_name":"betterThird:BetterWriting","player_choice":"Simplicity","floor":28.0,"gold_loss":0.0,"damage_taken":0.0},{"damage_healed":0.0,"max_hp_gain":5.0,"max_hp_loss":0.0,"gold_gain":0.0,"event_name":"Forgotten Altar","player_choice":"Shed Blood","floor":30.0,"gold_loss":0.0,"damage_taken":19.0},{"damage_healed":0.0,"max_hp_gain":0.0,"max_hp_loss":0.0,"gold_gain":0.0,"event_name":"Mysterious Sphere","player_choice":"Fight","floor":37.0,"gold_loss":0.0,"damage_taken":0.0},{"cards_removed":["Strike_G"],"damage_healed":0.0,"max_hp_gain":0.0,"max_hp_loss":0.0,"gold_gain":0.0,"event_name":"Designer","player_choice":"Upgrade and Remove","floor":38.0,"gold_loss":90.0,"damage_taken":0.0,"cards_upgraded":["Venomology"]},{"cards_removed":["Survivor"],"damage_healed":0.0,"max_hp_gain":0.0,"max_hp_loss":0.0,"gold_gain":0.0,"event_name":"Falling","player_choice":"Removed Skill","floor":42.0,"gold_loss":0.0,"damage_taken":0.0},{"damage_healed":0.0,"max_hp_gain":0.0,"max_hp_loss":0.0,"gold_gain":0.0,"event_name":"SensoryStone","player_choice":"Memory 2","floor":45.0,"gold_loss":0.0,"damage_taken":5.0}],"is_beta":false,"boss_relics":[{"not_picked":["HoveringKite","SacredBark"],"picked":"Cursed Key"},{"not_picked":["Velvet Choker","Tiny House"],"picked":"Ring of the Serpent"}],"items_purged_floors":[21,36],"is_endless":false,"potions_floor_spawned":[2,5,8,11,20,23,24,31,37,41,47],"ascension_level":0}}