{"host":"qp7xs8nuzfsyommi","time":1613511054,"event":{"mods":["2.2 Compatiblity","BaseMod","Colored Powertips","DeckTracker","Highlight Path","Minty Spire (QoL Compilation)","Permanent Neow","Quick Restart","StSLib"],"gold_per_floor":[116,131,144,164,214,214,289,289,289],"floor_reached":8,"language":"ENG","playtime":299,"items_purged":[],"score":96,"play_id":"6a7e92eb-281c-4eea-a6cb-f49522c88cf8","local_time":"20210216163054","is_ascension_mode":true,"campfire_choices":[{"floor":6,"key":"REST"}],"circlet_count":0,"master_deck":["AscendersBane","Strike_B","Strike_B","Strike_B","Strike_B","Defend_B","Defend_B","Defend_B","Defend_B","Zap","Dualcast","CurseOfTheBell","Hologram","Coolheaded","All For One"],"relics":["Calling Bell","Calipers","Darkstone Periapt","Centennial Puzzle"],"acts_visited":["Exordium"],"potions_floor_usage":[],"damage_taken":[{"damage":16,"enemies":"Jaw Worm","floor":1,"turns":5},{"damage":14,"enemies":"Small Slimes","floor":2,"turns":4},{"damage":2,"enemies":"Cultist","floor":3,"turns":4},{"damage":2,"enemies":"3 Louse","floor":4,"turns":5},{"damage":38,"enemies":"3 Sentries","floor":8,"turns":4}],"seed_played":"-3526983206775518646","potions_obtained":[{"floor":3,"key":"FairyPotion"},{"floor":4,"key":"Weak Potion"}],"is_trial":false,"path_per_floor":["M","M","M","M","?","R","?","E"],"character_chosen":"DEFECT","items_purchased":[],"campfire_rested":1,"item_purchase_floors":[],"current_hp_per_floor":[48,34,32,30,30,51,40,2,2],"gold":289,"neow_bonus":"BOSS_RELIC","is_daily":false,"chose_seed":false,"campfire_upgraded":0,"win_rate":0.0,"timestamp":1613511054,"path_taken":["M","M","M","M","?","R","?","E"],"items_purchased_type":[],"build_version":"2020-12-22","purchased_purges":0,"victory":false,"max_hp_per_floor":[71,71,71,71,71,71,71,71,71],"card_choices":[{"not_picked":["Stack","Thunder Strike"],"picked":"Hologram","floor":1},{"not_picked":["Conserve Battery","Barrage"],"picked":"Coolheaded","floor":2},{"not_picked":["Ball Lightning","Consume","Rebound"],"picked":"SKIP","floor":3},{"not_picked":["BootSequence","Turbo"],"picked":"All For One","floor":4}],"player_experience":1938336,"relics_obtained":[{"floor":0,"key":"Calipers"},{"floor":0,"key":"Darkstone Periapt"},{"floor":0,"key":"Centennial Puzzle"}],"event_choices":[{"damage_healed":0,"gold_gain":50,"player_choice":"Gained Gold","damage_taken":0,"max_hp_gain":0,"max_hp_loss":0,"event_name":"Golden Wing","floor":5,"gold_loss":0},{"damage_healed":0,"gold_gain":75,"player_choice":"Gather Gold","damage_taken":11,"max_hp_gain":0,"max_hp_loss":0,"event_name":"World of Goop","floor":7,"gold_loss":0}],"is_beta":false,"boss_relics":[],"items_purged_floors":[],"is_endless":false,"potions_floor_spawned":[3,4],"killed_by":"3 Sentries","ascension_level":20}}