{"host":"h2riq1vifvx9pvqe","time":1613435744,"event":{"mods":["Act Like it!","Bartender","BaseMod","Better Match","Bossed Relics","Chen","FTL Soundtrack","Friendly Minions","Gensokyo","Hallownest","HololiveMod","Hubris","Hyrulean Relics","Infinite Spire","KinomotoSakuraMod(????)","Koishi","Marisa????????","Minty Spire (QoL Compilation)","Nova Terra(??·??)","Prisma Mod","Quick Restart","Railgun Mod","Rare Cards Sparkle","Reimu??????","Relic Sorter","Reliquary","Remilia??????","Replay The Spire","Spikes Relics","StSLib","Synergy Search","The Administrix","The Animator","The Bug Knight","The Construct","The Disciple","The Saiyan","The Senshi","The Servant 0.9.4","TheHero","WarShipGirlsR/????R mod","Yuri Mod","Yuyuko"],"gold_per_floor":[110,126,126,201,201,201,219,254,254,289,289,305,64,85,85,210,210,230,253,253,253],"floor_reached":20,"language":"FRA","playtime":1453,"items_purged":[],"score":235,"play_id":"30d54f06-5a85-4a9d-8195-bcd8464094a6","local_time":"20210216013544","daily_mods":["Draft","Red Cards","Heirloom","DeadlyEvents","Lethality"],"is_ascension_mode":true,"campfire_choices":[{"data":"Metallicize","floor":6,"key":"SMITH"},{"floor":11,"key":"REST"},{"data":"Injury","floor":15,"key":"PURGE"}],"circlet_count":0,"master_deck":["Warcry","theSenshi:MoonTiaraMagic","Searing Blow","Shrug It Off","theSenshi:SailorMarsAssists","Thunderclap","theSenshi:SailorNeptuneAssists","Thunderclap","theSenshi:TallSilhouette","theSenshi:SailorMercuryAssists","theSenshi:SupersonicWaves","ReplayTheSpireMod:Strike From Hell","theSenshi:SailorJupiterAssists","Clash","theSenshi:SchoolBag","Rampage","Metallicize+1","theSenshi:MoonPunch","Pommel Strike","theSenshi:MoonKick","Clash","Demon Form","theSenshi:EncouragingSpeech+1","theSenshi:MoonPower+1"],"relics":["theSenshi:TransformationBroochRelic","replay:Trail_Library","hubris:CuriousFeather","Golden Idol","zeldaRelics:CouragePiece","Odd Mushroom","GiantMaggot","reliquary:Craggleroot"],"acts_visited":["Exordium","TheCity"],"potions_floor_usage":[7,10,16,16,20],"damage_taken":[{"damage":0,"enemies":"2 Louse","floor":1,"turns":3},{"damage":5,"enemies":"Small Slimes","floor":2,"turns":2},{"damage":2,"enemies":"Jaw Worm","floor":7,"turns":2},{"damage":18,"enemies":"Lagavulin","floor":8,"turns":6},{"damage":6,"enemies":"The Mushroom Lair","floor":10,"turns":3},{"damage":0,"enemies":"Red Slaver","floor":12,"turns":1},{"damage":0,"enemies":"Large Slime","floor":14,"turns":4},{"damage":34,"enemies":"Hexaghost","floor":16,"turns":7},{"damage":20,"enemies":"Shell Parasite","floor":18,"turns":4},{"damage":14,"enemies":"2 Thieves","floor":19,"turns":2},{"damage":33,"enemies":"Centurion and Healer","floor":20,"turns":3}],"seed_played":"-8770184940381769841","potions_obtained":[{"floor":2,"key":"ColorlessPotion"},{"floor":7,"key":"Elixir"},{"floor":10,"key":"DistilledChaos"},{"floor":12,"key":"infinitespire:BlackPotion"},{"floor":16,"key":"Explosive Potion"},{"floor":19,"key":"SteroidPotion"}],"is_trial":true,"path_per_floor":["M","M","$","?","?","R","M","E","T","?","R","M","$","M","R","B",null,"M","M","M"],"character_chosen":"THE_SENSHI","items_purchased":["GiantMaggot"],"campfire_rested":1,"item_purchase_floors":[13],"current_hp_per_floor":[68,63,63,52,52,52,50,32,32,26,48,48,48,48,48,14,60,40,26,0,0],"gold":253,"neow_bonus":"","is_daily":false,"chose_seed":false,"campfire_upgraded":1,"win_rate":0.0,"timestamp":1613435744,"path_taken":["M","M","$","?","?","R","M","E","T","?","R","?","$","M","R","BOSS","M","M","M"],"items_purchased_type":["Relic"],"build_version":"2020-12-22","purchased_purges":0,"victory":false,"max_hp_per_floor":[75,75,75,75,75,75,75,75,75,75,75,75,75,75,75,75,75,75,75,75,75],"card_choices":[{"not_picked":["theSenshi:EncouragingSpeech","Replay:Undeath\u0027s Touch"],"picked":"Warcry","floor":0},{"not_picked":["Combust","theSenshi:SailorVenusAssists"],"picked":"theSenshi:MoonTiaraMagic","floor":0},{"not_picked":["Cleave","Pommel Strike"],"picked":"Searing Blow","floor":0},{"not_picked":["theSenshi:SailorChibiMoonAssists","theSenshi:UranusStrength"],"picked":"Shrug It Off","floor":0},{"not_picked":["infinitespire:OneForAll","Anger"],"picked":"theSenshi:SailorMarsAssists","floor":0},{"not_picked":["Infernal Blade","Entrench"],"picked":"Thunderclap","floor":0},{"not_picked":["theSenshi:InTheNickOfTime","Warcry"],"picked":"theSenshi:SailorNeptuneAssists","floor":0},{"not_picked":["Disarm","Sword Boomerang"],"picked":"Thunderclap","floor":0},{"not_picked":["Thunderclap","Warcry"],"picked":"theSenshi:TallSilhouette","floor":0},{"not_picked":["Pummel","Whirlwind"],"picked":"theSenshi:SailorMercuryAssists","floor":0},{"not_picked":["theSenshi:SailorChibiMoonAssists","ReplayTheSpireMod:Stacked"],"picked":"theSenshi:SupersonicWaves","floor":0},{"not_picked":["theSenshi:SailorVenusAssists","theSenshi:YouCanTalk"],"picked":"ReplayTheSpireMod:Strike From Hell","floor":0},{"not_picked":["Havoc","theSenshi:SailorV"],"picked":"theSenshi:SailorJupiterAssists","floor":0},{"not_picked":["ReplayTheSpireMod:Corrosion Curse","theSenshi:SailorMercuryAssists"],"picked":"Clash","floor":0},{"not_picked":["Dark Embrace","theSenshi:LunaWiseMentor"],"picked":"theSenshi:SchoolBag","floor":0},{"not_picked":["Perfected Strike","Clash"],"picked":"Rampage","floor":1},{"not_picked":["theSenshi:MoonPrincessHalation","theSenshi:SailorCosmosAssists"],"picked":"Metallicize","floor":2},{"not_picked":["theSenshi:TuxedoSmokingBomber","Hemokinesis"],"picked":"theSenshi:MoonPunch","floor":7},{"not_picked":["Warcry","theSenshi:TuxedoSmokingBomber"],"picked":"Pommel Strike","floor":8},{"not_picked":["theSenshi:SchoolBag","theSenshi:SailorStarMakerAssists"],"picked":"Clash","floor":10},{"not_picked":["ReplayTheSpireMod:Muscle Training","Warcry","Cleave"],"picked":"SKIP","floor":12},{"not_picked":["Uppercut","Twin Strike","ReplayTheSpireMod:Corrosion Curse"],"picked":"SKIP","floor":14},{"not_picked":["Berserk","Fiend Fire"],"picked":"Demon Form","floor":16},{"not_picked":["theSenshi:LateForSchool","Dark Embrace"],"picked":"theSenshi:EncouragingSpeech+1","floor":18},{"not_picked":["Sword Boomerang","Run Through"],"picked":"theSenshi:MoonPower+1","floor":19}],"player_experience":324504,"relics_obtained":[{"floor":8,"key":"zeldaRelics:CouragePiece"},{"floor":9,"key":"zeldaRelics:CouragePiece"},{"floor":10,"key":"Odd Mushroom"}],"event_choices":[{"damage_healed":0,"gold_gain":75,"player_choice":"Gather Gold","damage_taken":11,"max_hp_gain":0,"max_hp_loss":0,"event_name":"World of Goop","floor":4,"gold_loss":0},{"damage_healed":0,"gold_gain":0,"player_choice":"Take Wound","damage_taken":0,"relics_obtained":["Golden Idol"],"max_hp_gain":0,"max_hp_loss":0,"event_name":"Golden Idol","floor":5,"gold_loss":0,"cards_obtained":["Injury"]},{"damage_healed":0,"gold_gain":0,"player_choice":"Fought Mushrooms","damage_taken":0,"max_hp_gain":0,"max_hp_loss":0,"event_name":"Mushrooms","floor":10,"gold_loss":0}],"is_beta":false,"boss_relics":[{"not_picked":["Replay:Drink Me","hubris:GrandSneckoEye"],"picked":"reliquary:Craggleroot"}],"items_purged_floors":[],"is_endless":false,"potions_floor_spawned":[2,7,10,12,16,19],"killed_by":"Centurion and Healer","ascension_level":7}}