{"host":"dn6kke80v5f7isus","time":1613514880,"event":{"mods":["AchievementEnabler","Act Like it!","Astrologer","BaseMod","Colored Powertips","Custom Start","Defuse TimeMaze Blight","Energized Spire","Gremlin Skip","Highlight Path","Hubris","Infinite Spire","Marisa????????","Marked Mod","Minty Spire (QoL Compilation)","Quick Restart","Rare Cards Sparkle","Reliquary","Replay The Spire","StSLib","The Servant 0.9.4","Uncapped","Unceasing Turn Reminder"],"gold_per_floor":[118,118,293,313,313,346,346,381,381,412,425,442,477,144,144,239,239,255,255,255,255,255,255,289,305,305,324,83,83,103,115,115,217,217,233,284,284,284,284],"floor_reached":38,"language":"ENG","playtime":2322,"items_purged":["Strike_G","Strike_G"],"score":571,"play_id":"b1d54515-2a68-4bb8-a85b-0ea91c305376","local_time":"20210216173440","is_ascension_mode":true,"campfire_choices":[{"data":"Blade Dance","floor":7,"key":"SMITH"},{"floor":15,"key":"REST"},{"floor":23,"key":"REST"},{"data":"Strike_G","floor":32,"key":"PURGE"}],"circlet_count":0,"master_deck":["Strike_G","Defend_G","Defend_G","Defend_G","Survivor","Neutralize","Calculated Gamble","Blade Dance+1","Prepared","Noxious Fumes","Storm of Steel","Accuracy","Accuracy","infinitespire:Collect","Ghostly","Ghostly","Ghostly","Ghostly","Ghostly","Deflect"],"relics":["Ring of the Snake","NeowsBlessing","reliquary:Stiletto","reliquary:RoseTintedGlasses","Bottled Tornado","Unceasing Top","Molten Egg 2","Ninja Scroll","Philosopher\u0027s Stone","hubris:SlimyHat","HoveringKite","Enchiridion","Snack Pack","Replay:Arrowhead","Empty Cage","Tough Bandages","hubris:Towel"],"acts_visited":["Exordium","TheCity","TheBeyond"],"potions_floor_usage":[8,10,13,18,33,36],"damage_taken":[{"damage":0,"enemies":"Jaw Worm","floor":1,"turns":1},{"damage":0,"enemies":"Small Slimes","floor":4,"turns":1},{"damage":0,"enemies":"3 Sentries","floor":6,"turns":1},{"damage":27,"enemies":"Lagavulin","floor":8,"turns":7},{"damage":27,"enemies":"Gremlin Nob","floor":10,"turns":5},{"damage":0,"enemies":"Cultist","floor":11,"turns":2},{"damage":0,"enemies":"Large Slime","floor":12,"turns":3},{"damage":9,"enemies":"3 Sentries","floor":13,"turns":6},{"damage":13,"enemies":"Hexaghost","floor":16,"turns":6},{"damage":0,"enemies":"Chosen","floor":18,"turns":3},{"damage":3,"enemies":"Gremlin Leader","floor":24,"turns":4},{"damage":0,"enemies":"3 Byrds","floor":25,"turns":4},{"damage":1,"enemies":"Centurion and Healer","floor":27,"turns":3},{"damage":1,"enemies":"Snecko","floor":30,"turns":3},{"damage":0,"enemies":"Snake Plant","floor":31,"turns":4},{"damage":0,"enemies":"Automaton","floor":33,"turns":5},{"damage":8,"enemies":"3 Shapes","floor":35,"turns":3},{"damage":0,"enemies":"2 Orb Walkers","floor":36,"turns":5},{"damage":0,"enemies":"3 Darklings","floor":38,"turns":1}],"seed_played":"-133747575723665809","potions_obtained":[{"floor":4,"key":"Block Potion"},{"floor":8,"key":"SpeedPotion"},{"floor":10,"key":"Strength Potion"},{"floor":16,"key":"FearPotion"},{"floor":18,"key":"Cursed Concoction"},{"floor":27,"key":"Reflective Coating"},{"floor":31,"key":"Flashbang"},{"floor":33,"key":"Adrenaline Potion"},{"floor":36,"key":"SpeedPotion"}],"is_trial":false,"path_per_floor":["M","?","?","M","?","E","R","E","T","E","M","M","E","$","R","B",null,"M","AVR","?","?","?","R","E","M","T","M","$","?","M","M","R","B",null,"M","?","?","M"],"character_chosen":"THE_SILENT","items_purchased":["Ninja Scroll","Snack Pack"],"campfire_rested":2,"item_purchase_floors":[14,28],"current_hp_per_floor":[70,70,70,70,70,70,70,43,43,16,16,16,7,7,28,15,70,70,70,57,37,21,32,29,29,29,28,28,28,33,37,37,37,37,33,37,37,37,37],"gold":284,"neow_bonus":"THREE_ENEMY_KILL","is_daily":false,"chose_seed":false,"campfire_upgraded":1,"win_rate":0.0,"timestamp":1613514880,"path_taken":["M","?","?","M","?","E","R","E","T","E","?","M","E","$","R","BOSS","M","AVR","?","?","?","R","E","M","T","M","$","?","M","M","R","BOSS","M","?","?","M"],"items_purchased_type":["Relic","Relic"],"build_version":"2020-12-22","purchased_purges":2,"victory":false,"max_hp_per_floor":[70,70,70,70,70,70,70,70,70,70,70,70,70,70,70,70,70,70,70,75,37,37,37,37,37,37,37,37,37,37,37,37,37,37,37,37,37,37,37],"card_choices":[{"not_picked":["Underhanded Strike","Prepared"],"picked":"Calculated Gamble","floor":1},{"not_picked":["Acrobatics","Deflect"],"picked":"Blade Dance","floor":4},{"not_picked":["Quick Slash","All Out Attack"],"picked":"Prepared","floor":6},{"not_picked":["Dagger Throw","Replay:Poison Smokescreen"],"picked":"Noxious Fumes","floor":8},{"not_picked":["Cloak And Dagger","Heel Hook"],"picked":"Storm of Steel","floor":10},{"not_picked":["Hidden Blade","Quick Slash"],"picked":"Accuracy","floor":11},{"not_picked":["Bane","Deadly Poison","Endless Agony"],"picked":"SKIP","floor":12},{"not_picked":["hubris:SlightOfHand","Heel Hook+1"],"picked":"Accuracy","floor":13},{"not_picked":["Deadly Poison+1","Slice+1","Leg Sweep"],"picked":"SKIP","floor":18},{"not_picked":["Tactician","hubris:Counter+1","Cloak And Dagger+1"],"picked":"SKIP","floor":24},{"not_picked":["Bane+1","ReplayTheSpireMod:Exploit Weakness+1","Slice+1"],"picked":"SKIP","floor":25},{"not_picked":["Dagger Spray+1","PiercingWail+1"],"picked":"Deflect","floor":27},{"not_picked":["Predator+1","Outmaneuver","Bouncing Flask"],"picked":"SKIP","floor":30},{"not_picked":["Choke+1","Prepared","ReplayTheSpireMod:The Works"],"picked":"SKIP","floor":31},{"not_picked":["Deadly Poison","Quick Slash+1","Dagger Throw+1"],"picked":"SKIP","floor":35}],"player_experience":450078,"relics_obtained":[{"floor":6,"key":"reliquary:Stiletto"},{"floor":8,"key":"reliquary:RoseTintedGlasses"},{"floor":9,"key":"Bottled Tornado"},{"floor":10,"key":"Unceasing Top"},{"floor":13,"key":"Molten Egg 2"},{"floor":22,"key":"Enchiridion"},{"floor":36,"key":"Tough Bandages"}],"event_choices":[{"damage_healed":0,"gold_gain":175,"player_choice":"AGREE","damage_taken":0,"max_hp_gain":0,"max_hp_loss":0,"event_name":"Liars Game","floor":3,"gold_loss":0,"cards_obtained":["Doubt"]},{"cards_removed":["Doubt"],"damage_healed":0,"gold_gain":0,"player_choice":"Removed Curses","damage_taken":0,"max_hp_gain":0,"max_hp_loss":0,"event_name":"Fountain of Cleansing","floor":5,"gold_loss":0},{"damage_healed":0,"gold_gain":0,"player_choice":"Shed Blood","damage_taken":18,"max_hp_gain":5,"max_hp_loss":0,"event_name":"Forgotten Altar","floor":20,"gold_loss":0},{"damage_healed":0,"gold_gain":0,"player_choice":"Became a Ghost","damage_taken":0,"max_hp_gain":0,"max_hp_loss":38,"event_name":"Ghosts","floor":21,"gold_loss":0,"cards_obtained":["Ghostly","Ghostly","Ghostly","Ghostly","Ghostly"]},{"damage_healed":0,"gold_gain":0,"player_choice":"Obtained Book","damage_taken":16,"max_hp_gain":0,"max_hp_loss":0,"event_name":"Cursed Tome","floor":22,"gold_loss":0},{"damage_healed":0,"gold_gain":0,"player_choice":"Opened","damage_taken":0,"relics_obtained":["Replay:Arrowhead"],"max_hp_gain":0,"max_hp_loss":0,"event_name":"The Mausoleum","floor":29,"gold_loss":0},{"damage_healed":0,"gold_gain":0,"player_choice":"Fight","damage_taken":0,"max_hp_gain":0,"max_hp_loss":0,"event_name":"Mysterious Sphere","floor":36,"gold_loss":0}],"is_beta":false,"boss_relics":[{"not_picked":["Runic Dome","reliquary:Ember"],"picked":"Philosopher\u0027s Stone"},{"not_picked":["Tiny House","Snecko Eye"],"picked":"Empty Cage"}],"items_purged_floors":[14,19],"is_endless":false,"potions_floor_spawned":[4,8,10,16,18,27,31,33,36],"killed_by":"3 Darklings","ascension_level":1}}