{"host":"x6tlfgqpy55vgxdn","time":1613458917,"event":{"mods":["AchievementEnabler","BaseMod","DeckTracker","Minty Spire (QoL Compilation)","Permanent Neow","Quick Restart","StSLib","SuperFastMode"],"gold_per_floor":[116,41,41,41,41,68,68,95,95,95,123,137,163,44,44,123,123,135,135,145,155,155,155,188,188,212,212,33,33,59,109,109,186,186,234,234,234,277,75,139,139,196,222,222,277,277,336,186,186,216,216,216,20,51,51],"floor_reached":56,"language":"KOR","playtime":2218,"items_purged":["Strike_P","Defend_P","Strike_P+1","Evaluate+1"],"score":2667,"play_id":"aafa1b7c-442c-4e8e-ad6a-2bb08ea70de0","local_time":"20210216160157","is_ascension_mode":true,"campfire_choices":[{"data":"Eruption","floor":7.0,"key":"SMITH"},{"data":"FlurryOfBlows","floor":10.0,"key":"SMITH"},{"data":"Adaptation","floor":15.0,"key":"SMITH"},{"data":"Adaptation","floor":23.0,"key":"SMITH"},{"data":"Vault","floor":25.0,"key":"SMITH"},{"data":"Adaptation","floor":29.0,"key":"SMITH"},{"data":"TalkToTheHand","floor":32.0,"key":"SMITH"},{"floor":41.0,"key":"RECALL"},{"data":"MentalFortress","floor":46.0,"key":"SMITH"},{"data":"FearNoEvil","floor":49.0,"key":"SMITH"},{"floor":52.0,"key":"REST"}],"circlet_count":0,"master_deck":["AscendersBane","Eruption+1","FlurryOfBlows+1","Adaptation+1","FearNoEvil+1","Adaptation+1","TalkToTheHand+1","Vault+1","Adaptation+1","TalkToTheHand+1","EmptyBody+1","Wish+1","MentalFortress+1","InnerPeace+1"],"relics":["PureWater","NeowsBlessing","Bag of Preparation","Kunai","StrikeDummy","Gremlin Horn","Ancient Tea Set","Dream Catcher","Philosopher\u0027s Stone","InkBottle","Whetstone","Astrolabe","PreservedInsect","CaptainsWheel","Regal Pillow","GoldenEye","Meat on the Bone","Membership Card","Nunchaku"],"acts_visited":["Exordium","TheCity","TheBeyond","TheEnding"],"potions_floor_usage":[55,55],"damage_taken":[{"damage":0.0,"enemies":"Cultist","floor":1.0,"turns":1.0},{"damage":0.0,"enemies":"3 Sentries","floor":6.0,"turns":2.0},{"damage":0.0,"enemies":"Gremlin Nob","floor":8.0,"turns":1.0},{"damage":15.0,"enemies":"3 Sentries","floor":11.0,"turns":7.0},{"damage":0.0,"enemies":"2 Louse","floor":12.0,"turns":2.0},{"damage":14.0,"enemies":"Lagavulin","floor":13.0,"turns":5.0},{"damage":34.0,"enemies":"Slime Boss","floor":16.0,"turns":9.0},{"damage":0.0,"enemies":"Chosen","floor":18.0,"turns":4.0},{"damage":8.0,"enemies":"3 Byrds","floor":20.0,"turns":5.0},{"damage":17.0,"enemies":"Shelled Parasite and Fungi","floor":21.0,"turns":3.0},{"damage":14.0,"enemies":"Gremlin Leader","floor":24.0,"turns":5.0},{"damage":0.0,"enemies":"Slavers","floor":30.0,"turns":3.0},{"damage":2.0,"enemies":"Champ","floor":33.0,"turns":6.0},{"damage":3.0,"enemies":"Orb Walker","floor":35.0,"turns":4.0},{"damage":0.0,"enemies":"3 Darklings","floor":38.0,"turns":3.0},{"damage":0.0,"enemies":"Reptomancer","floor":40.0,"turns":2.0},{"damage":0.0,"enemies":"Giant Head","floor":42.0,"turns":2.0},{"damage":0.0,"enemies":"Mind Bloom Boss Battle","floor":45.0,"turns":2.0},{"damage":0.0,"enemies":"Reptomancer","floor":47.0,"turns":3.0},{"damage":0.0,"enemies":"Time Eater","floor":50.0,"turns":7.0},{"damage":0.0,"enemies":"Shield and Spear","floor":54.0,"turns":2.0},{"damage":12,"enemies":"The Heart","floor":55,"turns":6}],"seed_played":"7521809267624990770","potions_obtained":[{"floor":8.0,"key":"ColorlessPotion"},{"floor":11.0,"key":"BottledMiracle"},{"floor":21.0,"key":"Block Potion"},{"floor":30.0,"key":"Swift Potion"},{"floor":40.0,"key":"Dexterity Potion"},{"floor":45.0,"key":"Fruit Juice"}],"is_trial":false,"path_per_floor":["M","$","?","$","T","E","R","E","T","R","E","M","E","$","R","B",null,"M","?","M","M","?","R","E","R","T","?","$","R","E","?","R","B",null,"M","?","?","M","$","E","R","E","T","?","?","R","E","$","R","B",null,"R","$","E","B",null],"character_chosen":"WATCHER","items_purchased":["Adaptation","TalkToTheHand","TalkToTheHand","MentalFortress","Membership Card","PowerPotion"],"campfire_rested":1,"item_purchase_floors":[14,14,28,39,53,53],"current_hp_per_floor":[61,61,66,66,66,66,66,66,66,66,51,51,37,37,37,3,56,56,56,48,31,31,31,17,17,17,17,17,17,17,17,17,15,59,56,56,56,56,56,56,56,56,56,56,56,56,56,56,56,56,69,73,78,78,66],"gold":51,"neow_bonus":"THREE_ENEMY_KILL","is_daily":false,"chose_seed":true,"campfire_upgraded":9,"win_rate":0.0,"timestamp":1613458917,"path_taken":["M","?","?","?","?","E","R","E","T","R","E","M","E","$","R","BOSS","M","?","M","M","?","R","E","R","T","?","$","R","E","?","R","BOSS","M","?","?","?","$","E","R","E","T","?","?","R","E","$","R","BOSS","R","$","E","BOSS"],"items_purchased_type":["Card","Card","Card","Card","Relic","Potion"],"build_version":"2020-12-22","purchased_purges":4,"victory":true,"max_hp_per_floor":[68,68,73,73,73,73,73,73,73,73,73,73,73,73,73,73,73,73,73,73,73,73,73,73,73,73,73,73,73,73,73,73,73,73,73,73,73,73,73,73,73,73,73,73,73,73,73,73,73,73,73,73,78,78,78],"card_choices":[{"not_picked":["BowlingBash","DeceiveReality"],"picked":"FlurryOfBlows","floor":1.0},{"not_picked":["Weave","FlyingSleeves","Swivel"],"picked":"SKIP","floor":6.0},{"not_picked":["PathToVictory","CarveReality","BowlingBash"],"picked":"SKIP","floor":8.0},{"not_picked":["Prostrate","EmptyFist"],"picked":"Adaptation","floor":11.0},{"not_picked":["Collect","Vengeance"],"picked":"FearNoEvil","floor":12.0},{"not_picked":["FollowUp","EmptyBody","ClearTheMind"],"picked":"SKIP","floor":13.0},{"not_picked":["Wish","Alpha"],"picked":"Vault","floor":16.0},{"not_picked":["Sanctity+1","Wallop","PathToVictory"],"picked":"SKIP","floor":18.0},{"not_picked":["CutThroughFate+1","EmptyFist","Halt"],"picked":"SKIP","floor":20.0},{"not_picked":["PathToVictory","ClearTheMind","Halt"],"picked":"SKIP","floor":21.0},{"not_picked":["SpiritShield","PathToVictory","CutThroughFate"],"picked":"SKIP","floor":24.0},{"not_picked":["BowlingBash","SashWhip","Conclude+1"],"picked":"SKIP","floor":30.0},{"not_picked":["Prostrate","TalkToTheHand","DeceiveReality+1"],"picked":"SKIP","floor":35.0},{"not_picked":["FearNoEvil","EmptyFist","Prostrate"],"picked":"SKIP","floor":38.0},{"not_picked":["PathToVictory+1","CrushJoints","DevaForm"],"picked":"SKIP","floor":40.0},{"not_picked":["PathToVictory+1","CrushJoints","DevaForm"],"picked":"SKIP","floor":40.0},{"not_picked":["Halt","PathToVictory","CrushJoints+1"],"picked":"SKIP","floor":42.0},{"not_picked":["ForeignInfluence","Consecrate"],"picked":"InnerPeace+1","floor":47.0},{"not_picked":["Conclude","Meditate","BowlingBash"],"picked":"SKIP","floor":54.0},{"not_picked":["Conclude","Meditate","BowlingBash"],"picked":"SKIP","floor":54.0}],"player_experience":258142,"relics_obtained":[{"floor":5.0,"key":"Bag of Preparation"},{"floor":6.0,"key":"Kunai"},{"floor":8.0,"key":"StrikeDummy"},{"floor":9.0,"key":"Gremlin Horn"},{"floor":11.0,"key":"Ancient Tea Set"},{"floor":13.0,"key":"Dream Catcher"},{"floor":24.0,"key":"InkBottle"},{"floor":30.0,"key":"Whetstone"},{"floor":40.0,"key":"PreservedInsect"},{"floor":42.0,"key":"CaptainsWheel"},{"floor":43.0,"key":"Regal Pillow"},{"floor":45.0,"key":"GoldenEye"},{"floor":47.0,"key":"Meat on the Bone"},{"floor":54.0,"key":"Nunchaku"}],"event_choices":[{"damage_healed":0.0,"max_hp_gain":5.0,"max_hp_loss":0.0,"gold_gain":0.0,"event_name":"Big Fish","player_choice":"Donut","floor":3.0,"gold_loss":0.0,"damage_taken":0.0},{"damage_healed":0.0,"max_hp_gain":0.0,"max_hp_loss":0.0,"gold_gain":0.0,"event_name":"Ghosts","player_choice":"Ignored","floor":19.0,"gold_loss":0.0,"damage_taken":0.0},{"damage_healed":0.0,"max_hp_gain":0.0,"max_hp_loss":0.0,"gold_gain":0.0,"event_name":"Cursed Tome","player_choice":"Ignored","floor":22.0,"gold_loss":0.0,"damage_taken":0.0},{"damage_healed":0.0,"max_hp_gain":0.0,"max_hp_loss":0.0,"gold_gain":0.0,"cards_transformed":["Defend_P","Strike_P"],"event_name":"Drug Dealer","player_choice":"Became Test Subject","floor":27.0,"gold_loss":0.0,"damage_taken":0.0,"cards_obtained":["Adaptation","ThirdEye"]},{"damage_healed":0.0,"max_hp_gain":0.0,"max_hp_loss":0.0,"gold_gain":50.0,"event_name":"Nest","player_choice":"Stole From Cult","floor":31.0,"gold_loss":0.0,"damage_taken":0.0},{"cards_removed":["Vigilance"],"damage_healed":0.0,"max_hp_gain":0.0,"max_hp_loss":0.0,"gold_gain":0.0,"event_name":"Falling","player_choice":"Removed Skill","floor":36.0,"gold_loss":0.0,"damage_taken":0.0},{"cards_removed":["ThirdEye"],"damage_healed":0.0,"max_hp_gain":0.0,"max_hp_loss":0.0,"gold_gain":0.0,"event_name":"Purifier","player_choice":"Purged","floor":37.0,"gold_loss":0.0,"damage_taken":0.0},{"damage_healed":0.0,"max_hp_gain":0.0,"max_hp_loss":0.0,"gold_gain":0.0,"event_name":"Tomb of Lord Red Mask","player_choice":"Ignored","floor":44.0,"gold_loss":0.0,"damage_taken":0.0},{"damage_healed":0.0,"max_hp_gain":0.0,"max_hp_loss":0.0,"gold_gain":0.0,"event_name":"MindBloom","player_choice":"Fight","floor":45.0,"gold_loss":0.0,"damage_taken":0.0}],"is_beta":false,"boss_relics":[{"not_picked":["Empty Cage","Calling Bell"],"picked":"Philosopher\u0027s Stone"},{"not_picked":["Black Star","Coffee Dripper"],"picked":"Astrolabe"}],"items_purged_floors":[2,28,39,48],"is_endless":false,"potions_floor_spawned":[8,11,12,21,30,40,45,54],"ascension_level":19}}