{"host":"qc1sjgtdjonvdsd8","time":1613503982,"event":{"mods":["BaseMod","Colored Map","Colored Powertips","Curses Come First","Minty Spire (QoL Compilation)","StSLib"],"gold_per_floor":[117,67,67,83,108,108,127,127,127,127,151,151,44,68,68,196,196,216,216,239,264,264,264,264,264],"floor_reached":24,"language":"ENG","playtime":1912,"items_purged":[],"score":219,"play_id":"f7163bda-5def-41b0-90d9-6193254921fb","local_time":"20210216113302","is_ascension_mode":true,"campfire_choices":[{"data":"Loop","floor":6,"key":"SMITH"},{"data":"Zap","floor":8,"key":"SMITH"},{"data":"Strike_B","floor":12,"key":"PURGE"},{"data":"Chill","floor":15,"key":"SMITH"},{"data":"Creative AI","floor":23,"key":"SMITH"}],"circlet_count":0,"master_deck":["Strike_B","Defend_B","Defend_B","Defend_B","Zap+1","Dualcast","BootSequence","Melter","Heatsinks","Compile Driver","Loop+1","Cold Snap","Glacier","Self Repair","Chill+1","Hologram","Creative AI+1","Capacitor","Self Repair","Barrage"],"relics":["Cracked Core","Golden Idol","MealTicket","Peace Pipe","Black Star"],"acts_visited":["Exordium","TheCity"],"potions_floor_usage":[16,16,22],"damage_taken":[{"damage":0,"enemies":"Small Slimes","floor":1,"turns":2},{"damage":0,"enemies":"Jaw Worm","floor":4,"turns":3},{"damage":1,"enemies":"Cultist","floor":5,"turns":3},{"damage":0,"enemies":"Red Slaver","floor":7,"turns":4},{"damage":1,"enemies":"Blue Slaver","floor":11,"turns":3},{"damage":0,"enemies":"2 Fungi Beasts","floor":14,"turns":3},{"damage":58,"enemies":"Hexaghost","floor":16,"turns":17},{"damage":4,"enemies":"Shell Parasite","floor":18,"turns":6},{"damage":18,"enemies":"Spheric Guardian","floor":20,"turns":4},{"damage":19,"enemies":"Centurion and Healer","floor":21,"turns":9},{"damage":22,"enemies":"3 Cultists","floor":22,"turns":5},{"damage":59,"enemies":"Slavers","floor":24,"turns":4}],"seed_played":"-7117565520952403998","potions_obtained":[{"floor":1,"key":"SmokeBomb"},{"floor":7,"key":"SkillPotion"},{"floor":11,"key":"LiquidMemories"},{"floor":21,"key":"FocusPotion"}],"is_trial":false,"path_per_floor":["M","?","?","M","M","R","M","R","T","T","M","R","$","M","R","B",null,"M","?","M","M","M","R","E"],"character_chosen":"DEFECT","items_purchased":["Self Repair","Chill"],"campfire_rested":0,"item_purchase_floors":[13,13],"current_hp_per_floor":[68,68,63,63,62,62,62,62,62,62,61,61,63,63,63,12,63,63,63,59,54,46,46,0,0],"gold":264,"neow_bonus":"TRANSFORM_TWO_CARDS","is_daily":false,"chose_seed":false,"campfire_upgraded":4,"win_rate":0.0,"timestamp":1613503982,"path_taken":["M","?","?","M","M","R","M","R","T","?","?","R","?","M","R","BOSS","M","?","M","M","M","R","E"],"items_purchased_type":["Card","Card"],"build_version":"2020-12-22","purchased_purges":0,"victory":false,"max_hp_per_floor":[68,68,63,63,63,63,63,63,63,63,63,63,63,63,63,63,63,63,63,63,63,63,63,63,63],"card_choices":[{"not_picked":["Undo","Go for the Eyes"],"picked":"Heatsinks","floor":1},{"not_picked":["Undo","Consume"],"picked":"Compile Driver","floor":4},{"not_picked":["Stack","Steam"],"picked":"Loop","floor":5},{"not_picked":["Hologram","Beam Cell"],"picked":"Cold Snap","floor":7},{"not_picked":["Blizzard","Cold Snap"],"picked":"Glacier","floor":11},{"not_picked":["Barrage","Aggregate"],"picked":"Hologram","floor":14},{"not_picked":["Fission","Hyperbeam"],"picked":"Creative AI","floor":16},{"not_picked":["Force Field","Turbo"],"picked":"Capacitor","floor":18},{"not_picked":["Gash","Sunder"],"picked":"Barrage","floor":20},{"not_picked":["Rebound","Barrage+1","Chill"],"picked":"SKIP","floor":21}],"player_experience":260635,"relics_obtained":[{"floor":9,"key":"MealTicket"},{"floor":10,"key":"Peace Pipe"}],"event_choices":[{"cards_removed":["Defend_B"],"damage_healed":0,"gold_gain":0,"player_choice":"Card Removal","damage_taken":0,"max_hp_gain":0,"max_hp_loss":0,"event_name":"The Cleric","floor":2,"gold_loss":50},{"damage_healed":0,"gold_gain":0,"player_choice":"Lose Max HP","damage_taken":0,"relics_obtained":["Golden Idol"],"max_hp_gain":0,"max_hp_loss":5,"event_name":"Golden Idol","floor":3,"gold_loss":0},{"damage_healed":0,"gold_gain":0,"player_choice":"Copied","damage_taken":0,"max_hp_gain":0,"max_hp_loss":0,"event_name":"Duplicator","floor":19,"gold_loss":0,"cards_obtained":["Self Repair"]}],"is_beta":false,"boss_relics":[{"not_picked":["Tiny House","SacredBark"],"picked":"Black Star"}],"items_purged_floors":[],"is_endless":false,"potions_floor_spawned":[1,7,11,21,22],"killed_by":"Slavers","ascension_level":3}}