{"host":"ob0o70duo5yv7mfq","time":1613501761,"event":{"mods":["BaseMod","Highlight Path","Minty Spire (QoL Compilation)"],"gold_per_floor":[116,116,144,244,269,307,331,331,331,349,349,369,369,144,144,253,253,274,274,293,7,25,25,51,51,51,86,86,41,79,100,100,213,213,232,290,169,179,229,229,115,125,177,177,177,190,190,209,209,209,209,209,61,90,90],"floor_reached":56,"language":"ENG","playtime":4183,"items_purged":["Strike_P","Strike_P"],"score":1271,"play_id":"9d7373c9-003d-4c92-bd7e-7e5b24099e95","local_time":"20210216195601","is_ascension_mode":true,"campfire_choices":[{"data":"Alpha","floor":8,"key":"SMITH"},{"data":"Protect","floor":11,"key":"SMITH"},{"data":"TalkToTheHand","floor":15,"key":"SMITH"},{"data":"Mayhem","floor":23,"key":"SMITH"},{"data":"DeusExMachina","floor":25,"key":"SMITH"},{"floor":28,"key":"REST"},{"data":"ThirdEye","floor":32,"key":"SMITH"},{"floor":40,"key":"REST"},{"floor":44,"key":"RECALL"},{"floor":49,"key":"REST"},{"data":"LikeWater","floor":52,"key":"SMITH"}],"circlet_count":0,"master_deck":["Strike_P","Defend_P","Defend_P+1","Defend_P","Eruption","Vigilance","FollowUp","Alpha+1","SashWhip","CutThroughFate","Protect+1","TalkToTheHand+1","Evaluate","LikeWater+1","DeusExMachina+1","ClearTheMind","Mayhem+1","LessonLearned","FollowUp","Wallop","ThirdEye+1","WaveOfTheHand+1","FearNoEvil","Omniscience","Evaluate+1","Evaluate","Finesse","Discovery","ThirdEye"],"relics":["PureWater","CeramicFish","Sundial","Bag of Preparation","FaceOfCleric","Sozu","Potion Belt","Pantograph","Red Mask","Centennial Puzzle","SacredBark","Du-Vu Doll","Incense Burner","Mummified Hand","OrangePellets","Eternal Feather"],"acts_visited":["Exordium","TheCity","TheBeyond","TheEnding"],"potions_floor_usage":[10,16,55],"damage_taken":[{"damage":3,"enemies":"2 Louse","floor":1,"turns":2},{"damage":0,"enemies":"Small Slimes","floor":3,"turns":3},{"damage":1,"enemies":"Cultist","floor":5,"turns":3},{"damage":3,"enemies":"Lagavulin","floor":6,"turns":5},{"damage":15,"enemies":"Exordium Wildlife","floor":7,"turns":5},{"damage":0,"enemies":"Exordium Thugs","floor":10,"turns":3},{"damage":6,"enemies":"Looter","floor":12,"turns":3},{"damage":16,"enemies":"The Guardian","floor":16,"turns":8},{"damage":0,"enemies":"Shell Parasite","floor":18,"turns":5},{"damage":0,"enemies":"Chosen","floor":20,"turns":5},{"damage":34,"enemies":"Slavers","floor":24,"turns":5},{"damage":16,"enemies":"Masked Bandits","floor":27,"turns":3},{"damage":2,"enemies":"Book of Stabbing","floor":30,"turns":7},{"damage":0,"enemies":"Centurion and Healer","floor":31,"turns":4},{"damage":3,"enemies":"Champ","floor":33,"turns":7},{"damage":7,"enemies":"3 Darklings","floor":35,"turns":5},{"damage":38,"enemies":"2 Orb Walkers","floor":36,"turns":5},{"damage":20,"enemies":"3 Shapes","floor":38,"turns":6},{"damage":8,"enemies":"Mind Bloom Boss Battle","floor":39,"turns":7},{"damage":2,"enemies":"3 Darklings","floor":42,"turns":2},{"damage":38,"enemies":"Transient","floor":46,"turns":5},{"damage":1,"enemies":"Jaw Worm Horde","floor":48,"turns":3},{"damage":5,"enemies":"Donu and Deca","floor":50,"turns":8},{"damage":70,"enemies":"Shield and Spear","floor":54,"turns":6},{"damage":117,"enemies":"The Heart","floor":55,"turns":14}],"seed_played":"7162003340843184062","potions_obtained":[{"floor":6,"key":"FairyPotion"},{"floor":7,"key":"EssenceOfSteel"},{"floor":16,"key":"Ancient Potion"}],"is_trial":false,"path_per_floor":["M","?","M","?","M","E","M","R","T","M","R","M","?","$","R","B",null,"M","?","M","$","?","R","E","R","T","?","R","$","E","M","R","B",null,"M","?","$","M","?","R","$","M","T","R","?","M","T","M","R","B",null,"R","$","E","B",null],"character_chosen":"WATCHER","items_purchased":["Evaluate","LikeWater","PowerPotion","Mayhem","ThirdEye","Evaluate","Finesse","Discovery","ThirdEye","OrangePellets"],"campfire_rested":3,"item_purchase_floors":[14,14,14,21,29,37,37,41,41,53],"current_hp_per_floor":[76,64,64,64,63,60,45,45,45,45,45,39,39,39,39,24,80,81,81,82,82,82,82,49,49,49,34,59,59,58,59,59,82,87,81,44,44,25,43,70,70,69,69,69,69,32,32,32,60,81,95,95,95,26,49],"gold":90,"neow_bonus":"TEN_PERCENT_HP_BONUS","is_daily":false,"chose_seed":false,"campfire_upgraded":7,"win_rate":0.0,"timestamp":1613501761,"path_taken":["M","?","M","?","M","E","M","R","T","?","R","M","?","$","R","BOSS","M","?","M","$","?","R","E","R","T","?","R","$","E","M","R","BOSS","M","?","$","M","?","R","?","M","T","R","?","M","?","M","R","BOSS","R","$","E","BOSS"],"items_purchased_type":["Card","Card","Potion","Card","Card","Card","Card","Card","Card","Relic"],"build_version":"2020-12-22","purchased_purges":2,"victory":true,"max_hp_per_floor":[79,79,79,79,79,79,79,79,79,79,79,79,79,79,79,80,80,81,81,82,82,82,82,83,83,83,84,84,84,85,86,86,87,87,88,89,89,90,91,91,91,92,92,92,92,93,93,94,94,95,95,95,95,96,97],"card_choices":[{"not_picked":["FlyingSleeves","Halt"],"picked":"FollowUp","floor":1},{"not_picked":["ClearTheMind","PathToVictory"],"picked":"Alpha","floor":3},{"not_picked":["ClearTheMind","FollowUp"],"picked":"SashWhip","floor":5},{"not_picked":["PathToVictory","Pray"],"picked":"CutThroughFate","floor":6},{"not_picked":["EmptyFist","CrushJoints"],"picked":"Protect","floor":7},{"not_picked":["Devotion","SashWhip","Halt"],"picked":"SKIP","floor":10},{"not_picked":["FearNoEvil","WaveOfTheHand"],"picked":"TalkToTheHand","floor":12},{"not_picked":["Devotion","Establishment"],"picked":"DeusExMachina","floor":16},{"not_picked":["Consecrate","CutThroughFate"],"picked":"ClearTheMind","floor":18},{"not_picked":["WheelKick","Prostrate+1","CrushJoints+1"],"picked":"SKIP","floor":20},{"not_picked":["FlurryOfBlows","WreathOfFlame","LessonLearned"],"picked":"SKIP","floor":24},{"not_picked":["CrushJoints","FlurryOfBlows"],"picked":"Wallop","floor":27},{"not_picked":["Halt","WheelKick"],"picked":"WaveOfTheHand+1","floor":30},{"not_picked":["Tantrum","CutThroughFate"],"picked":"FearNoEvil","floor":31},{"not_picked":["Brilliance","DevaForm"],"picked":"Omniscience","floor":33},{"not_picked":["ClearTheMind","Prostrate","FollowUp"],"picked":"SKIP","floor":35},{"not_picked":["Prostrate+1","PathToVictory+1"],"picked":"Evaluate+1","floor":36},{"not_picked":["FearNoEvil","Pray","Halt"],"picked":"SKIP","floor":38},{"not_picked":["Indignation","Protect","JustLucky"],"picked":"SKIP","floor":42},{"not_picked":["CrushJoints+1","Prostrate","SpiritShield"],"picked":"SKIP","floor":46},{"not_picked":["EmptyBody","Fasting2+1","Conclude"],"picked":"SKIP","floor":48},{"not_picked":["Judgement","PathToVictory+1","FlurryOfBlows"],"picked":"SKIP","floor":54}],"player_experience":301575,"relics_obtained":[{"floor":6,"key":"Sundial"},{"floor":9,"key":"Bag of Preparation"},{"floor":24,"key":"Potion Belt"},{"floor":26,"key":"Pantograph"},{"floor":27,"key":"Red Mask"},{"floor":30,"key":"Centennial Puzzle"},{"floor":36,"key":"Du-Vu Doll"},{"floor":39,"key":"Incense Burner"},{"floor":47,"key":"Mummified Hand"},{"floor":54,"key":"Eternal Feather"}],"event_choices":[{"damage_healed":0,"gold_gain":0,"player_choice":"Success","damage_taken":12,"relics_obtained":["CeramicFish"],"max_hp_gain":0,"max_hp_loss":0,"event_name":"Scrap Ooze","floor":2,"gold_loss":0},{"damage_healed":0,"gold_gain":100,"player_choice":"Pray","damage_taken":0,"max_hp_gain":0,"max_hp_loss":0,"event_name":"Golden Shrine","floor":4,"gold_loss":0},{"damage_healed":0,"gold_gain":0,"player_choice":"Trade","damage_taken":0,"relics_obtained":["FaceOfCleric"],"max_hp_gain":0,"max_hp_loss":0,"event_name":"FaceTrader","floor":13,"gold_loss":0},{"damage_healed":0,"gold_gain":0,"player_choice":"Ignored","damage_taken":0,"max_hp_gain":0,"max_hp_loss":0,"event_name":"Vampires","floor":19,"gold_loss":0},{"damage_healed":0,"gold_gain":0,"cards_transformed":["Strike_P","Defend_P"],"player_choice":"Became Test Subject","damage_taken":0,"max_hp_gain":0,"max_hp_loss":0,"event_name":"Drug Dealer","floor":22,"gold_loss":0,"cards_obtained":["LessonLearned","FollowUp"]},{"damage_healed":0,"gold_gain":0,"player_choice":"Fought Bandits","damage_taken":0,"max_hp_gain":0,"max_hp_loss":0,"event_name":"Masked Bandits","floor":27,"gold_loss":0},{"damage_healed":0,"gold_gain":0,"player_choice":"Fight","damage_taken":0,"max_hp_gain":0,"max_hp_loss":0,"event_name":"Mysterious Sphere","floor":36,"gold_loss":0},{"damage_healed":0,"gold_gain":0,"player_choice":"Fight","damage_taken":0,"max_hp_gain":0,"max_hp_loss":0,"event_name":"MindBloom","floor":39,"gold_loss":0},{"damage_healed":0,"gold_gain":0,"player_choice":"Ignored","damage_taken":0,"max_hp_gain":0,"max_hp_loss":0,"event_name":"Tomb of Lord Red Mask","floor":45,"gold_loss":0}],"is_beta":false,"boss_relics":[{"not_picked":["Calling Bell","Pandora\u0027s Box"],"picked":"Sozu"},{"not_picked":["Snecko Eye","Velvet Choker"],"picked":"SacredBark"}],"items_purged_floors":[14,21],"is_endless":false,"potions_floor_spawned":[6,7,16,33,36,39],"ascension_level":2}}