{"host":"enu5gq013fznxjyt","time":1613455634,"event":{"mods":["BaseMod","Better Note","Block Reminder","Colored Powertips","Minty Spire (QoL Compilation)","Quick Restart","Relic Stats","StSLib"],"gold_per_floor":[113,388,407,426,446,463,463,463,463],"floor_reached":8,"language":"ENG","playtime":545,"items_purged":[],"score":50,"play_id":"83044364-9e59-4526-918a-f95279469c9d","local_time":"20210215220714","is_ascension_mode":false,"campfire_choices":[{"data":"White Noise","floor":7,"key":"SMITH"}],"circlet_count":0,"master_deck":["Strike_B","Strike_B","Strike_B","Strike_B","Defend_B","Defend_B","Defend_B","Defend_B","Zap","Dualcast","Violence","Self Repair","Regret","Ball Lightning","White Noise+1","Capacitor","Redo"],"relics":["Cracked Core"],"acts_visited":["Exordium"],"potions_floor_usage":[8],"damage_taken":[{"damage":0,"enemies":"Small Slimes","floor":1,"turns":2},{"damage":3,"enemies":"Cultist","floor":3,"turns":3},{"damage":3,"enemies":"Jaw Worm","floor":4,"turns":3},{"damage":9,"enemies":"Blue Slaver","floor":5,"turns":3},{"damage":14,"enemies":"Exordium Wildlife","floor":6,"turns":3},{"damage":58,"enemies":"3 Sentries","floor":8,"turns":6}],"seed_played":"-8734033851466580400","potions_obtained":[{"floor":1,"key":"BlessingOfTheForge"},{"floor":4,"key":"BlessingOfTheForge"},{"floor":6,"key":"PotionOfCapacity"}],"is_trial":false,"path_per_floor":["M","?","M","M","M","M","R","E"],"character_chosen":"DEFECT","items_purchased":[],"campfire_rested":0,"item_purchase_floors":[],"current_hp_per_floor":[54,54,58,62,60,53,53,0,0],"gold":463,"neow_bonus":"RANDOM_COLORLESS_2","is_daily":false,"chose_seed":false,"campfire_upgraded":1,"win_rate":0.0,"timestamp":1613455634,"path_taken":["M","?","M","M","M","M","R","E"],"items_purchased_type":[],"build_version":"2020-12-22","purchased_purges":0,"victory":false,"max_hp_per_floor":[75,75,75,75,75,75,75,75,75],"relic_stats":{"counters":[6,20],"obtain_stats":[{"Cracked Core":0},{"Cracked Core":0},{"Cracked Core":0}]},"card_choices":[{"not_picked":["Metamorphosis","Secret Weapon"],"picked":"Violence","floor":0},{"not_picked":["Redo","Stack"],"picked":"Self Repair","floor":1},{"not_picked":["Undo","Leap"],"picked":"Ball Lightning","floor":3},{"not_picked":["Barrage","Beam Cell"],"picked":"White Noise","floor":4},{"not_picked":["Hologram","Hyperbeam"],"picked":"Capacitor","floor":5},{"not_picked":["Go for the Eyes","Doom and Gloom"],"picked":"Redo","floor":6}],"player_experience":251022,"relics_obtained":[],"event_choices":[{"damage_healed":0,"gold_gain":275,"player_choice":"Desecrate","damage_taken":0,"max_hp_gain":0,"max_hp_loss":0,"event_name":"Golden Shrine","floor":2,"gold_loss":0,"cards_obtained":["Regret"]}],"is_beta":false,"boss_relics":[],"items_purged_floors":[],"is_endless":false,"potions_floor_spawned":[1,4,6],"killed_by":"3 Sentries","ascension_level":0}}