{"host":"pj7egx7jkoz18hom","time":1613450983,"event":{"mods":["AchievementEnabler","BaseMod","Keyboard Shortcuts","Minty Spire (QoL Compilation)","SuperFastMode"],"gold_per_floor":[118,131,56,74,90,125,152,190,202,233,270,49,49,69,69,172,172,183,21,26,8,8,8,8,8],"floor_reached":24,"language":"KOR","playtime":961,"items_purged":["Strike_B","Strike_B"],"score":240,"play_id":"f75f0042-d719-4b20-8db6-5d57553756e8","local_time":"20210216134943","is_ascension_mode":true,"campfire_choices":[{"floor":13,"key":"REST"},{"data":"Capacitor","floor":15,"key":"SMITH"},{"data":"Blizzard","floor":23,"key":"SMITH"}],"circlet_count":0,"master_deck":["Strike_B","Strike_B","Defend_B","Defend_B","Defend_B","Defend_B","Zap","Dualcast","Conserve Battery","Chill","Chaos","Coolheaded","Biased Cognition","Go for the Eyes","Cold Snap","Barrage","Beam Cell","Capacitor+1","Blizzard+1","Cold Snap","Core Surge","Melter","Self Repair","Coolheaded+1","Capacitor"],"relics":["FrozenCore","NeowsBlessing","MawBank","Blood Vial","Bottled Flame","Ornamental Fan","Membership Card","Nunchaku"],"acts_visited":["Exordium","TheCity"],"potions_floor_usage":[6,8,16,16,24],"damage_taken":[{"damage":0,"enemies":"Cultist","floor":1,"turns":1},{"damage":0,"enemies":"Small Slimes","floor":2,"turns":1},{"damage":0,"enemies":"2 Louse","floor":4,"turns":1},{"damage":1,"enemies":"2 Fungi Beasts","floor":5,"turns":4},{"damage":10,"enemies":"3 Sentries","floor":6,"turns":9},{"damage":1,"enemies":"Blue Slaver","floor":7,"turns":4},{"damage":19,"enemies":"Gremlin Nob","floor":8,"turns":5},{"damage":10,"enemies":"Exordium Wildlife","floor":10,"turns":5},{"damage":5,"enemies":"3 Sentries","floor":11,"turns":11},{"damage":2,"enemies":"Looter","floor":14,"turns":3},{"damage":15,"enemies":"Slime Boss","floor":16,"turns":12},{"damage":17,"enemies":"Shell Parasite","floor":18,"turns":8},{"damage":10,"enemies":"2 Thieves","floor":20,"turns":4},{"damage":65,"enemies":"Slavers","floor":24,"turns":4}],"seed_played":"5363029698756912427","potions_obtained":[{"floor":4,"key":"ColorlessPotion"},{"floor":5,"key":"SneckoOil"},{"floor":6,"key":"SkillPotion"},{"floor":14,"key":"PotionOfCapacity"},{"floor":20,"key":"Dexterity Potion"}],"is_trial":false,"path_per_floor":["M","M","$","M","M","E","M","E","T","M","E","$","R","M","R","B",null,"M","$","M","$","?","R","E"],"character_chosen":"DEFECT","items_purchased":["Membership Card","Capacitor","Blizzard","Self Repair","Nunchaku","Capacitor"],"campfire_rested":1,"item_purchase_floors":[12,12,12,19,19,21],"current_hp_per_floor":[75,75,75,75,74,64,63,44,44,36,33,33,55,55,55,42,75,58,58,57,57,57,57,0,0],"gold":8,"neow_bonus":"THREE_ENEMY_KILL","is_daily":false,"chose_seed":false,"campfire_upgraded":2,"win_rate":0.0,"timestamp":1613450983,"path_taken":["M","M","$","M","?","E","M","E","T","M","E","?","R","M","R","BOSS","M","$","M","?","?","R","E"],"items_purchased_type":["Relic","Card","Card","Card","Relic","Card"],"build_version":"2020-12-22","purchased_purges":2,"victory":false,"max_hp_per_floor":[75,75,75,75,75,75,75,75,75,75,75,75,75,75,75,75,75,75,75,75,75,75,75,75,75],"card_choices":[{"not_picked":["Hologram","Go for the Eyes"],"picked":"Conserve Battery","floor":1},{"not_picked":["Compile Driver","Steam"],"picked":"Chill","floor":2},{"not_picked":["Lockon","Tempest"],"picked":"Chaos","floor":4},{"not_picked":["Compile Driver","Turbo"],"picked":"Coolheaded","floor":5},{"not_picked":["Force Field","Coolheaded"],"picked":"Biased Cognition","floor":6},{"not_picked":["Turbo","Beam Cell"],"picked":"Go for the Eyes","floor":7},{"not_picked":["Buffer","Storm"],"picked":"Cold Snap","floor":8},{"not_picked":["Steam","Hologram"],"picked":"Barrage","floor":10},{"not_picked":["Chill","Machine Learning"],"picked":"Beam Cell","floor":11},{"not_picked":["Go for the Eyes","Gash"],"picked":"Cold Snap","floor":14},{"not_picked":["Echo Form","Seek"],"picked":"Core Surge","floor":16},{"not_picked":["Sunder","Coolheaded"],"picked":"Melter","floor":18},{"not_picked":["White Noise","Hologram+1"],"picked":"Coolheaded+1","floor":20}],"player_experience":93547,"relics_obtained":[{"floor":6,"key":"MawBank"},{"floor":8,"key":"Blood Vial"},{"floor":9,"key":"Bottled Flame"},{"floor":11,"key":"Ornamental Fan"}],"event_choices":[{"damage_healed":0,"gold_gain":0,"player_choice":"Ignored","damage_taken":0,"max_hp_gain":0,"max_hp_loss":0,"event_name":"Ghosts","floor":22,"gold_loss":0}],"is_beta":false,"boss_relics":[{"not_picked":["Black Star","Snecko Eye"],"picked":"FrozenCore"}],"items_purged_floors":[3,19],"is_endless":false,"potions_floor_spawned":[4,5,6,14,20],"killed_by":"Slavers","ascension_level":2}}