{"host":"p0vwcc4jwwlf90es","time":1613488839,"event":{"mods":["AchievementEnabler","Act Like it!","Arknights","BaseMod","Bestiary","Colored Map","Colored Powertips","DeckTracker","Duelist Mod","Highlight Path","Infinite Spire","Koishi","Mad Scientist","Marisa????????","Minty Spire (QoL Compilation)","Relic Sorter","StSLib","Synergy Search","The Administrix","The Animator","The Bladedancer","The Mystic","The Servant 0.9.4","The Wild Card"],"gold_per_floor":[113,113,113,123,36,36,36,36,60,23,23,23,23,53,53,151,201,218,235,253,268,281,281,281,281,350,350,371,404,404,449,449,563,563,580,612,649,679,707,707,707,707,707,707,177,177,177,196,196,218],"floor_reached":51,"language":"ENG","playtime":3799,"items_purged":["ats:Strike S"],"score":613,"play_id":"cc62bba3-209b-4188-a291-89aa8157de9a","local_time":"20210216132039","is_ascension_mode":false,"campfire_choices":[{"data":"ats:Emotion Absorption","floor":6,"key":"SMITH"},{"data":"ats:Assault Order","floor":8,"key":"SMITH"},{"floor":13,"key":"REST"},{"data":"ats:Assault Order","floor":15,"key":"SMITH"},{"data":"ats:Part Time Job","floor":23,"key":"SMITH"},{"floor":25,"key":"REST"},{"data":"ats:Song Of Battle","floor":27,"key":"SMITH"},{"data":"ats:Thorns","floor":30,"key":"SMITH"},{"floor":32,"key":"REST"},{"data":"ats:Healing Strengthening","floor":40,"key":"SMITH"},{"data":"ats:Roar Of Ursus","floor":42,"key":"SMITH"},{"data":"ats:Counter Healing Mode","floor":44,"key":"SMITH"},{"data":"ats:Blood Oath","floor":47,"key":"SMITH"},{"floor":49,"key":"REST"}],"circlet_count":0,"master_deck":["ats:Strike G+1","ats:Strike V+1","ats:Armor Crushing Shot+1","ats:Defend","ats:Defend","ats:Defend","ats:Defend","ats:Emotion Absorption+1","ats:Assault Order+1","ats:Assault Order+1","ats:Red Shift","infinitespire:Starlight","ats:Part Time Job+1","ats:Blood Oath+1","ats:Assault Order+1","ats:Nebulous Foxfire+1","ats:Spore Proliferation+1","ats:Mental Burst","ats:Chain Hook","ats:Thorns+1","ats:Hook Shot+1","Necronomicurse","ats:Song Of Battle+1","ats:Apocalypse+1","ats:Counter Healing Mode+1","ats:Burning Ground+1","ats:Roar Of Ursus+1","ats:Demon Strength+1","ats:Healing Strengthening+1","ats:Shell Defense+1","ats:Absolute Focus+1","Secret Technique+1","ats:Shell Defense+1","ats:Poison Spread"],"relics":["ats:Sanity","Dream Catcher","Toxic Egg 2","infinitespire:CheckeredPen","ats:Originium","Sundial","Tiny House","Necronomicon","infinitespire:Midas Blood","Red Mask","ats:Emergency Defibrillator","Philosopher\u0027s Stone","Singing Bowl","ats:Cure","Bottled Lightning"],"acts_visited":["Exordium","TheCity","TheBeyond"],"potions_floor_usage":[16,29,29,29,33,48,50,50,50],"damage_taken":[{"damage":7,"enemies":"ats:Genji","floor":1,"turns":4},{"damage":1,"enemies":"Jaw Worm","floor":4,"turns":3},{"damage":41,"enemies":"Lagavulin","floor":14,"turns":7},{"damage":68,"enemies":"Hexaghost","floor":16,"turns":12},{"damage":16,"enemies":"Chosen","floor":18,"turns":6},{"damage":11,"enemies":"Shell Parasite","floor":19,"turns":4},{"damage":8,"enemies":"Cultist and Chosen","floor":20,"turns":6},{"damage":25,"enemies":"Shelled Parasite and Fungi","floor":21,"turns":4},{"damage":42,"enemies":"Snake Plant","floor":22,"turns":5},{"damage":41,"enemies":"Snecko","floor":28,"turns":5},{"damage":18,"enemies":"Masked Bandits","floor":29,"turns":4},{"damage":47,"enemies":"Slavers","floor":31,"turns":5},{"damage":43,"enemies":"Automaton","floor":33,"turns":10},{"damage":10,"enemies":"Orb Walker","floor":35,"turns":3},{"damage":33,"enemies":"3 Shapes","floor":36,"turns":8},{"damage":85,"enemies":"Jaw Worm Horde","floor":37,"turns":5},{"damage":59,"enemies":"Sphere and 2 Shapes","floor":38,"turns":11},{"damage":66,"enemies":"Spire Growth","floor":39,"turns":6},{"damage":53,"enemies":"Transient","floor":48,"turns":5},{"damage":93,"enemies":"Donu and Deca","floor":50,"turns":9}],"seed_played":"7487940361080670520","potions_obtained":[{"floor":14,"key":"SkillPotion"},{"floor":16,"key":"AttackPotion"},{"floor":17,"key":"ats:Burn Big Potion"},{"floor":20,"key":"Explosive Potion"},{"floor":29,"key":"Block Potion"},{"floor":31,"key":"Fire Potion"},{"floor":37,"key":"SteroidPotion"},{"floor":38,"key":"Regen Potion"},{"floor":39,"key":"CultistPotion"},{"floor":48,"key":"AttackPotion"}],"is_trial":false,"path_per_floor":["M","?","?","M","$","R","?","R","T","$","?","T","R","E","R","B",null,"M","M","M","M","M","R","?","R","T","R","M","?","R","E","R","B",null,"M","M","M","M","M","R","?","R","T","R","$","?","R","M","R","B",null],"character_chosen":"DOCTOR_CLASS","items_purchased":["ats:Assault Order","ats:Red Shift","ats:Part Time Job","ats:Cure","ats:Shell Defense+1","Bottled Lightning"],"campfire_rested":4,"item_purchase_floors":[5,5,10,45,45,45],"current_hp_per_floor":[72,56,61,60,60,60,41,41,41,41,41,41,64,48,48,40,84,77,82,84,73,48,48,32,57,57,57,41,51,51,32,57,63,84,74,84,63,84,38,38,38,38,38,38,38,38,38,28,53,86],"gold":218,"neow_bonus":"TEN_PERCENT_HP_BONUS","is_daily":false,"chose_seed":false,"campfire_upgraded":10,"win_rate":0.0,"timestamp":1613488839,"path_taken":["M","?","?","?","$","R","?","R","T","?","?","?","R","E","R","BOSS","M","M","M","?","M","R","?","R","T","R","M","?","R","E","R","BOSS","M","M","M","M","M","R","?","R","T","R","$","?","R","M","R","BOSS"],"items_purchased_type":["Card","Card","Card","Relic","Card","Relic"],"build_version":"2020-12-22","purchased_purges":1,"victory":true,"max_hp_per_floor":[79,79,79,79,79,79,79,79,79,79,79,79,79,79,79,79,84,84,84,84,84,84,84,84,84,84,84,84,84,84,84,84,84,84,84,84,84,84,84,84,84,84,84,84,84,84,84,86,86,86],"card_choices":[{"not_picked":["ats:Very Hot Blade","ats:Neurotoxin"],"picked":"ats:Hammer On","floor":1},{"not_picked":["ats:Ignite","ats:Hammer On"],"picked":"ats:Assault Order","floor":4},{"not_picked":["infinitespire:SealOfDarkness+","infinitespire:DeathsTouch"],"picked":"infinitespire:Starlight","floor":7},{"not_picked":["ats:Ignite","ats:Consecutive Shot Auto"],"picked":"ats:Blood Oath","floor":13},{"not_picked":["ats:Disruption Kick","ats:Sunburst"],"picked":"ats:Assault Order+1","floor":14},{"not_picked":["ats:Echo Reverb+1","ats:Calcification+1"],"picked":"ats:Nebulous Foxfire+1","floor":16},{"not_picked":["ats:Revitalization+1","ats:Poison Spread"],"picked":"ats:Spore Proliferation+1","floor":17},{"not_picked":["ats:Blood Oath+1","ats:Assault Order+1"],"picked":"ats:Mental Burst","floor":18},{"not_picked":["ats:Ignite","ats:Fractured Body+1"],"picked":"ats:Chain Hook","floor":19},{"not_picked":["ats:Leaping Hammer","ats:Apocalypse+1"],"picked":"ats:Thorns","floor":20},{"not_picked":["ats:Closed Bolt Burst Fire","ats:Red Shift","ats:Revitalization+1"],"picked":"SKIP","floor":21},{"not_picked":["ats:Disruption Kick","ats:Encircling Forest+1"],"picked":"ats:Hook Shot+1","floor":22},{"not_picked":["ats:Magnetic Hammer","ats:Flexible Camouflage+1"],"picked":"ats:Song Of Battle","floor":25},{"not_picked":["ats:Shell Defense+1","ats:Sword Rain+1"],"picked":"ats:Apocalypse+1","floor":28},{"not_picked":["ats:Spore Proliferation+1","ats:Consecutive Shot Auto"],"picked":"ats:Counter Healing Mode","floor":31},{"not_picked":["ats:Very Hot Blade+1","ats:Chain Hook"],"picked":"ats:Burning Ground+1","floor":32},{"not_picked":["ats:Calcification+1","ats:Volcano"],"picked":"ats:Roar Of Ursus","floor":33},{"not_picked":["ats:Flame Of Heaven+1","ats:Automatic Cover+1"],"picked":"ats:Demon Strength+1","floor":35},{"not_picked":["ats:Blood Oath+1","ats:Rapid Magazine+1"],"picked":"ats:Healing Strengthening","floor":36},{"not_picked":["ats:Blood Oath","ats:Curse Doll+1"],"picked":"ats:Shell Defense+1","floor":37},{"not_picked":["ats:Wolf Pack","ats:Closed Bolt Burst Fire+1"],"picked":"ats:Absolute Focus+1","floor":38},{"not_picked":["ats:Flexible Camouflage+1","ats:Curse Doll+1","ats:LN2 Cannon+1"],"picked":"SKIP","floor":39},{"not_picked":["Panacea+1","The Bomb+1"],"picked":"Secret Technique+1","floor":41},{"not_picked":["ats:LN2 Cannon+1","ats:Absolute Focus+1","ats:Overload+1"],"picked":"Singing Bowl","floor":48},{"not_picked":["ats:Powerful Strike+1","ats:Guard Mode+1"],"picked":"ats:Poison Spread","floor":49}],"player_experience":480237,"relics_obtained":[{"floor":9,"key":"Dream Catcher"},{"floor":11,"key":"Toxic Egg 2"},{"floor":12,"key":"infinitespire:CheckeredPen"},{"floor":14,"key":"ats:Originium"},{"floor":14,"key":"Sundial"},{"floor":24,"key":"Necronomicon"},{"floor":26,"key":"infinitespire:Midas Blood"},{"floor":29,"key":"Red Mask"},{"floor":31,"key":"ats:Originium"},{"floor":31,"key":"ats:Emergency Defibrillator"},{"floor":43,"key":"Singing Bowl"}],"event_choices":[{"damage_healed":0,"gold_gain":0,"player_choice":"Entered Light","damage_taken":16,"max_hp_gain":0,"max_hp_loss":0,"event_name":"Shining Light","floor":2,"gold_loss":0,"cards_upgraded":["ats:Strike V","ats:Strike G"]},{"cards_removed":["ats:Hammer On"],"damage_healed":5,"gold_gain":0,"player_choice":"Offered Common","damage_taken":0,"max_hp_gain":0,"max_hp_loss":0,"event_name":"Bonfire Elementals","floor":3,"gold_loss":0},{"cards_removed":["ats:Hammer On"],"damage_healed":5,"gold_gain":0,"player_choice":"Offered Special","damage_taken":0,"max_hp_gain":0,"max_hp_loss":0,"event_name":"Bonfire Elementals","floor":3,"gold_loss":0},{"damage_healed":0,"gold_gain":0,"player_choice":"Obtained Book","damage_taken":16,"max_hp_gain":0,"max_hp_loss":0,"event_name":"Cursed Tome","floor":24,"gold_loss":0},{"damage_healed":0,"gold_gain":0,"player_choice":"Fought Bandits","damage_taken":0,"max_hp_gain":0,"max_hp_loss":0,"event_name":"Masked Bandits","floor":29,"gold_loss":0},{"damage_healed":0,"gold_gain":0,"player_choice":"Memory 1","damage_taken":0,"max_hp_gain":0,"max_hp_loss":0,"event_name":"SensoryStone","floor":41,"gold_loss":0},{"cards_removed":["ats:Strike C"],"damage_healed":0,"gold_gain":0,"player_choice":"Purged","damage_taken":0,"max_hp_gain":0,"max_hp_loss":0,"event_name":"Purifier","floor":46,"gold_loss":0}],"is_beta":false,"boss_relics":[{"not_picked":["Ectoplasm","Astrolabe"],"picked":"Tiny House"},{"not_picked":["SacredBark","ats:Tactical Delivery"],"picked":"Philosopher\u0027s Stone"}],"items_purged_floors":[45],"is_endless":false,"potions_floor_spawned":[14,16,20,29,31,37,38,39,48],"ascension_level":0}}