{"host":"jq8d8epkoknfq6em","time":1613513393,"event":{"mods":["AchievementEnabler","BaseMod","Colored Map","Colored Powertips","Highlight Path","Minty Spire (QoL Compilation)","Quick Restart","Relic Stats","StSLib"],"gold_per_floor":[111,111,129,149,167,194,194,214,214,214,232,265,289,289,289,391,391,401,419,431,431,442,442,468,468,492,492,72,72,86,101,101,101,101],"floor_reached":33,"language":"ENG","playtime":3512,"items_purged":["Strike_G"],"score":432,"play_id":"10b2706d-63d2-455d-adc5-f97d58c2605f","local_time":"20210216230953","is_ascension_mode":true,"campfire_choices":[{"data":"Phantasmal Killer","floor":7,"key":"SMITH"},{"data":"Burst","floor":10,"key":"SMITH"},{"data":"Neutralize","floor":15,"key":"SMITH"},{"data":"Glass Knife","floor":23,"key":"SMITH"},{"floor":27,"key":"REST"},{"data":"Prepared","floor":29,"key":"SMITH"},{"data":"Well Laid Plans","floor":32,"key":"SMITH"}],"circlet_count":0,"master_deck":["AscendersBane","Strike_G+1","Strike_G+1","Defend_G","Defend_G","Defend_G","Defend_G","Survivor","Neutralize","Burst+1","Masterful Stab","Phantasmal Killer+1","Neutralize+1","Finisher","Dash","Infinite Blades","Crippling Poison","Endless Agony","Well Laid Plans+1","Dagger Throw","Glass Knife+1","Prepared+1","Dodge and Roll+1","Acrobatics+1","Outmaneuver+1","Acrobatics","Prepared"],"relics":["Ring of the Snake","Juzu Bracelet","Orichalcum","Whetstone","Odd Mushroom","HoveringKite","NlothsMask","Blue Candle","Vajra","Gambling Chip"],"acts_visited":["Exordium","TheCity"],"potions_floor_usage":[5,5,6,12,22,24,33],"damage_taken":[{"damage":3,"enemies":"2 Louse","floor":1,"turns":2},{"damage":4,"enemies":"Cultist","floor":3,"turns":3},{"damage":0,"enemies":"Jaw Worm","floor":4,"turns":2},{"damage":0,"enemies":"Gremlin Gang","floor":5,"turns":3},{"damage":13,"enemies":"Gremlin Nob","floor":6,"turns":3},{"damage":0,"enemies":"Exordium Thugs","floor":8,"turns":4},{"damage":0,"enemies":"Looter","floor":11,"turns":2},{"damage":4,"enemies":"3 Sentries","floor":12,"turns":5},{"damage":1,"enemies":"The Mushroom Lair","floor":13,"turns":4},{"damage":31,"enemies":"The Guardian","floor":16,"turns":13},{"damage":8,"enemies":"Shell Parasite","floor":18,"turns":3},{"damage":13,"enemies":"2 Thieves","floor":19,"turns":4},{"damage":1,"enemies":"Shelled Parasite and Fungi","floor":20,"turns":4},{"damage":2,"enemies":"Chosen and Byrds","floor":22,"turns":3},{"damage":16,"enemies":"Book of Stabbing","floor":24,"turns":7},{"damage":2,"enemies":"3 Cultists","floor":30,"turns":4},{"damage":0,"enemies":"Cultist and Chosen","floor":31,"turns":6},{"damage":47,"enemies":"Collector","floor":33,"turns":5}],"seed_played":"-3931807152380943766","potions_obtained":[{"floor":1,"key":"Strength Potion"},{"floor":4,"key":"Poison Potion"},{"floor":5,"key":"Strength Potion"},{"floor":8,"key":"ColorlessPotion"},{"floor":19,"key":"Weak Potion"},{"floor":20,"key":"Regen Potion"}],"is_trial":false,"path_per_floor":["M","?","M","M","M","E","R","M","T","R","M","E","?","?","R","B",null,"M","M","M","?","M","R","E","T","T","R","$","R","M","M","R","B"],"character_chosen":"THE_SILENT","items_purchased":["Gambling Chip","PowerPotion"],"campfire_rested":1,"item_purchase_floors":[28,28],"current_hp_per_floor":[60,60,56,56,56,43,43,43,43,43,43,39,38,38,38,7,49,41,28,27,27,30,30,14,14,14,32,32,32,30,30,30,0,0],"gold":101,"neow_bonus":"TRANSFORM_TWO_CARDS","is_daily":false,"chose_seed":false,"campfire_upgraded":6,"win_rate":0.0,"timestamp":1613513393,"path_taken":["M","?","M","M","M","E","R","M","T","R","M","E","?","?","R","BOSS","M","M","M","?","M","R","E","?","T","R","?","R","M","M","R","BOSS"],"items_purchased_type":["Relic","Potion"],"build_version":"2020-12-22","purchased_purges":1,"victory":false,"max_hp_per_floor":[63,63,63,63,63,63,63,63,63,63,63,63,63,63,63,63,63,63,63,63,63,63,63,63,63,63,63,63,63,63,63,63,63,63],"relic_stats":{"counters":[18,77],"Blue Candle":[0],"Gambling Chip":[11],"HoveringKite":[20],"Juzu Bracelet":2,"Whetstone":["Strike_G","Strike_G"],"Orichalcum":[90],"obtain_stats":[{"Blue Candle":24,"Gambling Chip":28,"HoveringKite":17,"Vajra":26,"Juzu Bracelet":6,"Whetstone":12,"Orichalcum":9,"Odd Mushroom":13,"Ring of the Snake":0,"NlothsMask":21},{"Blue Candle":15,"Gambling Chip":15,"HoveringKite":10,"Vajra":15,"Juzu Bracelet":5,"Whetstone":8,"Orichalcum":6,"Odd Mushroom":9,"Ring of the Snake":0,"NlothsMask":13},{"Blue Candle":62,"Gambling Chip":62,"HoveringKite":41,"Vajra":62,"Juzu Bracelet":13,"Whetstone":24,"Orichalcum":17,"Odd Mushroom":28,"Ring of the Snake":0,"NlothsMask":52}],"Ring of the Snake":[38]},"card_choices":[{"not_picked":["Acrobatics","Setup","Underhanded Strike"],"picked":"SKIP","floor":1},{"not_picked":["Dagger Throw","Deadly Poison"],"picked":"Finisher","floor":3},{"not_picked":["Slice","Bane"],"picked":"Dash","floor":4},{"not_picked":["Deflect","Acrobatics"],"picked":"Infinite Blades","floor":5},{"not_picked":["Finisher","Slice"],"picked":"Crippling Poison","floor":6},{"not_picked":["Quick Slash","Poisoned Stab"],"picked":"Endless Agony","floor":8},{"not_picked":["Underhanded Strike","Deflect","Prepared"],"picked":"SKIP","floor":11},{"not_picked":["Bane","Finisher"],"picked":"Well Laid Plans","floor":12},{"not_picked":["Flechettes","Finisher"],"picked":"Dagger Throw","floor":13},{"not_picked":["Grand Finale","Burst"],"picked":"Glass Knife","floor":16},{"not_picked":["Sucker Punch","Outmaneuver","Deflect"],"picked":"SKIP","floor":18},{"not_picked":["Setup","Reflex+1"],"picked":"Prepared","floor":19},{"not_picked":["Accuracy","Backflip+1"],"picked":"Dodge and Roll+1","floor":20},{"not_picked":["Outmaneuver","All Out Attack"],"picked":"Acrobatics+1","floor":22},{"not_picked":["Concentrate","Bane"],"picked":"Outmaneuver+1","floor":24},{"not_picked":["Dagger Throw","Choke"],"picked":"Acrobatics","floor":30},{"not_picked":["Riddle With Holes+1","Grand Finale"],"picked":"Prepared","floor":31}],"player_experience":1051506,"relics_obtained":[{"floor":6,"key":"Juzu Bracelet"},{"floor":9,"key":"Orichalcum"},{"floor":12,"key":"Whetstone"},{"floor":13,"key":"Odd Mushroom"},{"floor":24,"key":"Blue Candle"},{"floor":26,"key":"Vajra"}],"event_choices":[{"damage_healed":0,"gold_gain":0,"player_choice":"2 cards matched","damage_taken":0,"max_hp_gain":0,"max_hp_loss":0,"event_name":"Match and Keep!","floor":2,"gold_loss":0,"cards_obtained":["Phantasmal Killer","Neutralize"]},{"damage_healed":0,"gold_gain":0,"player_choice":"Fought Mushrooms","damage_taken":0,"max_hp_gain":0,"max_hp_loss":0,"event_name":"Mushrooms","floor":13,"gold_loss":0},{"cards_removed":["Strike_G"],"damage_healed":0,"gold_gain":0,"player_choice":"Purged","damage_taken":0,"max_hp_gain":0,"max_hp_loss":0,"event_name":"Purifier","floor":14,"gold_loss":0},{"damage_healed":0,"gold_gain":0,"player_choice":"Trade","damage_taken":0,"relics_obtained":["NlothsMask"],"max_hp_gain":0,"max_hp_loss":0,"event_name":"FaceTrader","floor":21,"gold_loss":0}],"is_beta":false,"boss_relics":[{"not_picked":["Snecko Eye","Empty Cage"],"picked":"HoveringKite"}],"items_purged_floors":[28],"is_endless":false,"potions_floor_spawned":[1,4,5,8,19,20],"killed_by":"Collector","ascension_level":11}}