{"host":"344lv32hnei0mdhu","time":1613519396,"event":{"mods":["Act Like it!","BaseMod","Better Match","Better Sensory Stone","Better Skull","Better Third Choice","Better Vampires","Colored Powertips","Highlight Path","Minty Spire (QoL Compilation)","Quick Restart","Random Character Button","Rare Cards Sparkle","StSLib"],"gold_per_floor":[118,132,35,35,210,240,257,10,63,88,88,103,34,50,50,150,150,168,178,50,50,69,69,101,101,178,193,193,193],"floor_reached":28,"language":"ENG","playtime":1555,"items_purged":[],"score":437,"play_id":"e8d038e6-71a9-4ae4-8e76-a34c49d874cf","local_time":"20210216174956","is_ascension_mode":true,"campfire_choices":[{"floor":11,"key":"REST"},{"data":"Accuracy","floor":15,"key":"SMITH"},{"floor":23,"key":"REST"},{"floor":25,"key":"REST"}],"circlet_count":0,"master_deck":["AscendersBane","Strike_G","Strike_G","Strike_G","Strike_G","Strike_G","Defend_G","Defend_G","Defend_G","Defend_G","Defend_G","Survivor","Neutralize","Blade Dance","Storm of Steel","Accuracy+1","Flying Knee","Doubt","Dash","Choke","Panacea","Glass Knife","Footwork","Cloak And Dagger","Malaise","Masterful Stab","Footwork","Accuracy","Blade Dance","Accuracy","Backstab"],"relics":["Ring of the Snake","NeowsBlessing","Centennial Puzzle","Tiny Chest","Boot","Blood Vial","Sozu","Oddly Smooth Stone"],"acts_visited":["Exordium","TheCity"],"potions_floor_usage":[14,16,16],"damage_taken":[{"damage":0.0,"enemies":"2 Louse","floor":1.0,"turns":1.0},{"damage":0.0,"enemies":"Small Slimes","floor":2.0,"turns":1.0},{"damage":0.0,"enemies":"Lagavulin","floor":6.0,"turns":1.0},{"damage":0.0,"enemies":"Jaw Worm","floor":7.0,"turns":3.0},{"damage":20,"enemies":"3 Sentries","floor":10,"turns":9},{"damage":14,"enemies":"Lots of Slimes","floor":12,"turns":4},{"damage":2,"enemies":"Exordium Wildlife","floor":14,"turns":3},{"damage":25,"enemies":"Hexaghost","floor":16,"turns":10},{"damage":19,"enemies":"Shell Parasite","floor":18,"turns":6},{"damage":0,"enemies":"Spheric Guardian","floor":19,"turns":2},{"damage":25,"enemies":"Snecko","floor":22,"turns":6},{"damage":38,"enemies":"Book of Stabbing","floor":24,"turns":5},{"damage":11,"enemies":"Sentry and Sphere","floor":27,"turns":5},{"damage":14,"enemies":"Colosseum Slavers","floor":28,"turns":4},{"damage":12,"enemies":"Colosseum Nobs","floor":28,"turns":2}],"seed_played":"8529638067023174135","potions_obtained":[{"floor":2.0,"key":"Fire Potion"},{"floor":10,"key":"Energy Potion"},{"floor":12,"key":"Weak Potion"},{"floor":14,"key":"BlessingOfTheForge"}],"is_trial":false,"path_per_floor":["M","M","$","?","?","E","M","$","T","E","R","M","$","M","R","B",null,"M","M","$","?","M","R","E","R","T","M","?"],"character_chosen":"THE_SILENT","items_purchased":["Accuracy","Flying Knee","Panacea","Tiny Chest","Footwork","Accuracy","Blade Dance"],"campfire_rested":3,"item_purchase_floors":[3,3,8,8,13,20,20],"current_hp_per_floor":[63,63,63,63,63,63,63,63,63,43,64,52,52,52,52,29,60,43,45,45,45,22,43,7,28,28,19,0,0],"gold":193,"neow_bonus":"THREE_ENEMY_KILL","is_daily":false,"chose_seed":false,"campfire_upgraded":1,"win_rate":0.0,"timestamp":1613519396,"path_taken":["M","M","$","?","?","E","?","$","T","E","R","M","?","M","R","BOSS","M","M","$","?","M","R","E","R","T","M","?"],"items_purchased_type":["Card","Card","Card","Relic","Card","Card","Card"],"build_version":"2020-12-22","purchased_purges":0,"victory":false,"max_hp_per_floor":[70,70,70,70,70,70,70,70,70,70,70,70,70,70,70,70,70,70,70,70,70,70,70,70,70,70,70,70,70],"card_choices":[{"not_picked":["Poisoned Stab","Sucker Punch"],"picked":"Blade Dance","floor":1.0},{"not_picked":["Infinite Blades","Deflect"],"picked":"Storm of Steel","floor":2.0},{"not_picked":["Sucker Punch","Dagger Spray"],"picked":"Dash","floor":6.0},{"not_picked":["Dagger Spray","Concentrate"],"picked":"Choke","floor":7.0},{"not_picked":["Bouncing Flask","Dodge and Roll","Prepared"],"picked":"SKIP","floor":10},{"not_picked":["Slice","Cloak And Dagger"],"picked":"Glass Knife","floor":12},{"not_picked":["Dodge and Roll","Deadly Poison"],"picked":"Cloak And Dagger","floor":14},{"not_picked":["Storm of Steel","Phantasmal Killer"],"picked":"Malaise","floor":16},{"not_picked":["Poisoned Stab","Dodge and Roll"],"picked":"Masterful Stab","floor":18},{"not_picked":["Outmaneuver","Bane"],"picked":"Footwork","floor":19},{"not_picked":["Dodge and Roll","Bane"],"picked":"Accuracy","floor":22},{"not_picked":["Bouncing Flask","Distraction","Masterful Stab"],"picked":"SKIP","floor":24},{"not_picked":["Cloak And Dagger","Flying Knee"],"picked":"Backstab","floor":27}],"player_experience":384439,"relics_obtained":[{"floor":6.0,"key":"Centennial Puzzle"},{"floor":9.0,"key":"Boot"},{"floor":10,"key":"Blood Vial"},{"floor":24,"key":"Oddly Smooth Stone"}],"event_choices":[{"damage_healed":0.0,"max_hp_gain":0.0,"max_hp_loss":0.0,"gold_gain":0.0,"event_name":"The Cleric","player_choice":"Leave","floor":4.0,"gold_loss":0.0,"damage_taken":0.0},{"damage_healed":0.0,"max_hp_gain":0.0,"max_hp_loss":0.0,"gold_gain":175.0,"event_name":"betterThird:BetterSerpent","player_choice":"AGREE","floor":5.0,"gold_loss":0.0,"damage_taken":35.0},{"damage_healed":0,"gold_gain":0,"player_choice":"Ignored","damage_taken":0,"max_hp_gain":0,"max_hp_loss":0,"event_name":"Ghosts","floor":21,"gold_loss":0},{"damage_healed":0,"gold_gain":0,"player_choice":"Fight","damage_taken":0,"max_hp_gain":0,"max_hp_loss":0,"event_name":"Colosseum","floor":28,"gold_loss":0},{"damage_healed":0,"gold_gain":0,"player_choice":"Fought Nobs","damage_taken":0,"max_hp_gain":0,"max_hp_loss":0,"event_name":"Colosseum","floor":28,"gold_loss":0}],"is_beta":false,"boss_relics":[{"not_picked":["Ectoplasm","SlaversCollar"],"picked":"Sozu"}],"items_purged_floors":[],"is_endless":false,"potions_floor_spawned":[2,10,12,14,19,28],"killed_by":"Colosseum Nobs","ascension_level":12}}