{"host":"ydg0vn0pu4pubmdt","time":1613503764,"event":{"mods":["AchievementEnabler","BaseMod","Colored Map","Minty Spire (QoL Compilation)","Quick Restart","SuperFastMode"],"gold_per_floor":[115,115,36,55,55,55,73,103,103,114,134,59,59,78,78,172,172,191,191,81,96,116,116,134,59,59,3,34,47,47,66,66,165,165,181,181,106,130,30,30,30,30],"floor_reached":41,"language":"KOR","playtime":1127,"items_purged":["Strike_R","Strike_R"],"score":1001,"play_id":"327f1afc-8eb5-4915-9603-b16d9257fc22","local_time":"20210217042924","is_ascension_mode":true,"campfire_choices":[{"data":"Apotheosis","floor":6.0,"key":"SMITH"},{"floor":15.0,"key":"RECALL"},{"floor":23.0,"key":"REST"},{"floor":30.0,"key":"REST"},{"floor":32.0,"key":"REST"},{"floor":40,"key":"REST"}],"circlet_count":0,"master_deck":["AscendersBane","Defend_R","Defend_R","Defend_R","Bash","Apotheosis+1","Pommel Strike","Fire Breathing","Dropkick","Power Through+1","Feed","Sever Soul","Pommel Strike","Shrug It Off+1","Barricade","Dark Embrace"],"relics":["Black Blood","Eternal Feather","Sundial","Golden Idol","CaptainsWheel","Calipers"],"acts_visited":["Exordium","TheCity","TheBeyond"],"potions_floor_usage":[38],"damage_taken":[{"damage":5.0,"enemies":"Jaw Worm","floor":1.0,"turns":4.0},{"damage":4.0,"enemies":"2 Louse","floor":4.0,"turns":4.0},{"damage":5.0,"enemies":"Small Slimes","floor":7.0,"turns":4.0},{"damage":11.0,"enemies":"3 Sentries","floor":8.0,"turns":5.0},{"damage":11.0,"enemies":"2 Fungi Beasts","floor":10.0,"turns":4.0},{"damage":12.0,"enemies":"Exordium Wildlife","floor":11.0,"turns":4.0},{"damage":5.0,"enemies":"Blue Slaver","floor":14.0,"turns":5.0},{"damage":0.0,"enemies":"Slime Boss","floor":16.0,"turns":4.0},{"damage":4.0,"enemies":"Spheric Guardian","floor":18.0,"turns":5.0},{"damage":30.0,"enemies":"Shell Parasite","floor":21.0,"turns":9.0},{"damage":38.0,"enemies":"Cultist and Chosen","floor":22.0,"turns":6.0},{"damage":23.0,"enemies":"Snake Plant","floor":24.0,"turns":4.0},{"damage":25.0,"enemies":"Slavers","floor":28.0,"turns":7.0},{"damage":15.0,"enemies":"Centurion and Healer","floor":29.0,"turns":6.0},{"damage":10.0,"enemies":"Sentry and Sphere","floor":31.0,"turns":5.0},{"damage":58.0,"enemies":"Collector","floor":33.0,"turns":6.0},{"damage":36.0,"enemies":"Orb Walker","floor":35.0,"turns":6.0},{"damage":52,"enemies":"3 Darklings","floor":38,"turns":9},{"damage":61,"enemies":"Nemesis","floor":41,"turns":6}],"seed_played":"-7557036602652989151","potions_obtained":[{"floor":8.0,"key":"DuplicationPotion"},{"floor":10.0,"key":"Fire Potion"},{"floor":11.0,"key":"Fruit Juice"},{"floor":16.0,"key":"BlessingOfTheForge"},{"floor":21.0,"key":"PowerPotion"},{"floor":24.0,"key":"SkillPotion"},{"floor":28.0,"key":"Explosive Potion"},{"floor":31.0,"key":"BlessingOfTheForge"},{"floor":33.0,"key":"LiquidBronze"}],"is_trial":false,"path_per_floor":["M","?","$","M","?","R","M","E","T","M","M","?","?","M","R","B",null,"M","?","?","M","M","R","M","?","T","$","E","M","R","M","R","B",null,"M","?","$","M","$","R","E"],"character_chosen":"IRONCLAD","items_purchased":["Fire Breathing","PowerPotion"],"campfire_rested":4,"item_purchase_floors":[3,27],"current_hp_per_floor":[51,51,51,53,58,58,59,54,54,49,48,48,48,49,55,61,73,79,79,79,59,31,66,49,49,49,49,30,25,61,61,97,45,84,60,60,60,20,20,58,0,0],"gold":30,"neow_bonus":"RANDOM_COLORLESS_2","is_daily":false,"chose_seed":false,"campfire_upgraded":1,"win_rate":0.0,"timestamp":1613503764,"path_taken":["M","?","$","M","?","R","M","E","T","M","M","?","?","?","R","BOSS","M","?","?","M","M","R","?","?","T","?","E","M","R","M","R","BOSS","M","?","$","M","$","R","E"],"items_purchased_type":["Card","Potion"],"build_version":"2020-12-22","purchased_purges":2,"victory":false,"max_hp_per_floor":[75,75,75,75,80,80,80,80,80,80,85,85,77,77,77,77,77,81,81,81,85,89,89,89,89,89,89,89,93,93,97,97,97,97,97,97,97,97,97,97,97,97],"card_choices":[{"not_picked":["HandOfGreed","Magnetism"],"picked":"Apotheosis","floor":0.0},{"not_picked":["Warcry","Thunderclap"],"picked":"Pommel Strike","floor":1.0},{"not_picked":["Iron Wave","Clash","Havoc"],"picked":"SKIP","floor":4.0},{"not_picked":["Armaments","Sword Boomerang"],"picked":"Dropkick","floor":7.0},{"not_picked":["Combust","Cleave","Flex"],"picked":"SKIP","floor":8.0},{"not_picked":["Havoc","Twin Strike","Limit Break"],"picked":"SKIP","floor":10.0},{"not_picked":["Wild Strike","Evolve"],"picked":"Power Through","floor":11.0},{"not_picked":["Combust","Sentinel","Searing Blow"],"picked":"SKIP","floor":14.0},{"not_picked":["Juggernaut","Reaper"],"picked":"Feed","floor":16.0},{"not_picked":["True Grit","Body Slam","Infernal Blade"],"picked":"SKIP","floor":18.0},{"not_picked":["Perfected Strike+1","Entrench","Uppercut"],"picked":"SKIP","floor":21.0},{"not_picked":["Disarm","Thunderclap+1","Whirlwind"],"picked":"SKIP","floor":22.0},{"not_picked":["Sword Boomerang","Wild Strike+1"],"picked":"Pommel Strike","floor":24.0},{"not_picked":["Twin Strike","Intimidate","Warcry"],"picked":"SKIP","floor":28.0},{"not_picked":["Intimidate","Pommel Strike+1","Armaments"],"picked":"SKIP","floor":29.0},{"not_picked":["Sentinel","True Grit"],"picked":"Shrug It Off+1","floor":31.0},{"not_picked":["Immolate","Feed"],"picked":"Barricade","floor":33.0},{"not_picked":["Shockwave","Flex+1","Clash"],"picked":"SKIP","floor":35.0},{"not_picked":["Sever Soul+1","Perfected Strike"],"picked":"Dark Embrace","floor":38}],"player_experience":603225,"relics_obtained":[{"floor":8.0,"key":"Eternal Feather"},{"floor":9.0,"key":"Sundial"},{"floor":26.0,"key":"CaptainsWheel"},{"floor":28.0,"key":"Calipers"}],"event_choices":[{"cards_removed":["Strike_R"],"damage_healed":0.0,"max_hp_gain":0.0,"max_hp_loss":0.0,"gold_gain":0.0,"event_name":"Living Wall","player_choice":"Forget","floor":2.0,"gold_loss":0.0,"damage_taken":0.0},{"damage_healed":0.0,"max_hp_gain":5.0,"max_hp_loss":0.0,"gold_gain":0.0,"event_name":"Big Fish","player_choice":"Donut","floor":5.0,"gold_loss":0.0,"damage_taken":0.0},{"cards_removed":["Strike_R"],"damage_healed":0.0,"max_hp_gain":0.0,"max_hp_loss":0.0,"gold_gain":0.0,"event_name":"The Cleric","player_choice":"Card Removal","floor":12.0,"gold_loss":75.0,"damage_taken":0.0},{"damage_healed":0.0,"max_hp_gain":0.0,"max_hp_loss":8.0,"gold_gain":0.0,"event_name":"Golden Idol","player_choice":"Lose Max HP","floor":13.0,"gold_loss":0.0,"damage_taken":0.0,"relics_obtained":["Golden Idol"]},{"damage_healed":0.0,"max_hp_gain":0.0,"max_hp_loss":0.0,"gold_gain":0.0,"event_name":"The Library","player_choice":"Read","floor":19.0,"gold_loss":0.0,"damage_taken":0.0,"cards_obtained":["Sever Soul"]},{"cards_removed":["Defend_R"],"damage_healed":0.0,"max_hp_gain":0.0,"max_hp_loss":0.0,"gold_gain":0.0,"event_name":"Designer","player_choice":"Upgrade and Remove","floor":20.0,"gold_loss":110.0,"damage_taken":0.0,"cards_upgraded":["Power Through"]},{"cards_removed":["Strike_R"],"damage_healed":0.0,"max_hp_gain":0.0,"max_hp_loss":0.0,"gold_gain":0.0,"event_name":"Beggar","player_choice":"Gave Gold","floor":25.0,"gold_loss":75.0,"damage_taken":0.0},{"damage_healed":0.0,"max_hp_gain":0.0,"max_hp_loss":0.0,"gold_gain":0.0,"event_name":"Match and Keep!","player_choice":"0 cards matched","floor":36.0,"gold_loss":0.0,"damage_taken":0.0,"cards_obtained":[]}],"is_beta":false,"boss_relics":[{"not_picked":["Mark of Pain","Velvet Choker","Busted Crown"]},{"not_picked":["Calling Bell","Runic Dome"],"picked":"Black Blood"}],"items_purged_floors":[37,39],"is_endless":false,"potions_floor_spawned":[8,10,11,16,21,24,28,31,33],"killed_by":"Nemesis","ascension_level":20}}