{"host":"bakf0s4odzu8z5xt","time":1613458396,"event":{"mods":["2.2 Compatiblity","BaseMod","Downfall","Friendly Minions","Minty Spire (QoL Compilation)","StSLib"],"gold_per_floor":[99,114,133,133,18,35,35,55,55,75,108,108,108,137,148,148,148,148],"floor_reached":16,"language":"ENG","playtime":810,"items_purged":["Regret"],"score":129,"play_id":"664ec1a0-3b7a-47da-a271-59311f7d2518","local_time":"20210216005316","is_ascension_mode":true,"campfire_choices":[{"data":"Slimebound:CorrosiveSpit","floor":1,"key":"SMITH"},{"data":"Slimebound:LeadByExample","floor":9,"key":"SMITH"},{"floor":13,"key":"REST"}],"circlet_count":0,"master_deck":["Slimebound:Strike_Slimebound","Slimebound:Strike_Slimebound","Slimebound:Strike_Slimebound","Slimebound:Tackle","Slimebound:Defend_Slimebound","Slimebound:Defend_Slimebound","Slimebound:Defend_Slimebound","Slimebound:Defend_Slimebound","Slimebound:Split","Slimebound:CorrosiveSpit+1","Slimebound:MinionMaster","Slimebound:SplitAcid","Slimebound:SplitSpecialist","Slimebound:DivideAndConquer","Slimebound:SplitMire","Slimebound:SlimeTap","Slimebound:LeadByExample+1","Slimebound:SplitBruiser","Slimebound:LeechingTouch","Slimebound:Prepare"],"relics":["Slimebound:AbsorbEndCombat","Du-Vu Doll","Letter Opener","WingedGreaves","HornCleat"],"acts_visited":["Exordium"],"potions_floor_usage":[8,15],"damage_taken":[{"damage":9,"enemies":"Jaw Worm","floor":2,"turns":5},{"damage":0,"enemies":"2 Louse","floor":3,"turns":2},{"damage":1,"enemies":"downfall:FleeingMerchant","floor":5,"turns":4},{"damage":6,"enemies":"Cultist","floor":6,"turns":4},{"damage":6,"enemies":"Large Slime","floor":8,"turns":4},{"damage":16,"enemies":"Blue Slaver","floor":10,"turns":3},{"damage":10,"enemies":"Lagavulin","floor":11,"turns":5},{"damage":38,"enemies":"3 Sentries","floor":14,"turns":4},{"damage":13,"enemies":"Gremlin Gang","floor":15,"turns":4},{"damage":17,"enemies":"WA_ARCHETYPE_RETAIN","floor":16,"turns":4}],"seed_played":"-4786609766515005585","potions_obtained":[{"floor":3,"key":"Block Potion"},{"floor":8,"key":"champ:CounterPotion"},{"floor":11,"key":"bronze:BurnAndBuffPotion"},{"floor":14,"key":"Strength Potion"}],"is_trial":false,"path_per_floor":["R","M","M","?","$","M","T","M","R","M","E","?","R","E","M","B"],"character_chosen":"SLIMEBOUND","items_purchased":["Slimebound:SplitMire"],"campfire_rested":1,"item_purchase_floors":[5],"current_hp_per_floor":[59,54,56,56,57,53,53,53,53,39,33,33,50,14,5,0,0,0],"gold":148,"neow_bonus":"THREE_RARE_CARDS","is_daily":false,"chose_seed":false,"campfire_upgraded":2,"win_rate":0.0,"timestamp":1613458396,"path_taken":["R","M","M","?","$","M","T","M","R","M","E","?","R","E","M","BOSS"],"items_purchased_type":["Card"],"build_version":"2020-12-22","purchased_purges":1,"victory":false,"max_hp_per_floor":[59,59,59,59,59,59,59,59,59,59,59,59,59,59,59,59,59,59],"card_choices":[{"not_picked":["Slimebound:FirmFortitude","Slimebound:DuplicatedForm"],"picked":"Slimebound:MinionMaster","floor":0},{"not_picked":["Slimebound:LeechingTouch","Slimebound:ItLooksTasty"],"picked":"Slimebound:SplitAcid","floor":2},{"not_picked":["Slimebound:ViciousTackle","Slimebound:Schlurp"],"picked":"Slimebound:SplitSpecialist","floor":3},{"not_picked":["Slimebound:Replication","Slimebound:GoopSpray"],"picked":"Slimebound:DivideAndConquer","floor":5},{"not_picked":["Slimebound:FinishingTackle","Slimebound:Prepare"],"picked":"Slimebound:SlimeTap","floor":6},{"not_picked":["Slimebound:PressTheAttack","Slimebound:ItLooksTasty"],"picked":"Slimebound:LeadByExample","floor":8},{"not_picked":["Slimebound:HauntingLick","Slimebound:ItLooksTasty"],"picked":"Slimebound:SplitBruiser","floor":10},{"not_picked":["Slimebound:AcidTongue","Slimebound:SlimeBrawl","Slimebound:Prepare"],"picked":"SKIP","floor":11},{"not_picked":["Slimebound:LeechEnergy","Slimebound:MegaLick"],"picked":"Slimebound:LeechingTouch","floor":14},{"not_picked":["Slimebound:FinishingTackle","Slimebound:MassFeed"],"picked":"Slimebound:Prepare","floor":15}],"player_experience":2209634,"relics_obtained":[{"floor":7,"key":"Letter Opener"},{"floor":11,"key":"WingedGreaves"},{"floor":14,"key":"HornCleat"}],"event_choices":[{"damage_healed":0,"gold_gain":0,"player_choice":"Box","damage_taken":0,"relics_obtained":["Du-Vu Doll"],"max_hp_gain":0,"max_hp_loss":0,"event_name":"Big Fish","floor":4,"gold_loss":0,"cards_obtained":["Regret"]}],"is_beta":false,"boss_relics":[],"items_purged_floors":[5],"is_endless":false,"potions_floor_spawned":[3,8,11,14],"killed_by":"WA_ARCHETYPE_RETAIN","ascension_level":3}}