{"host":"8rgpnls124hwjv5t","time":1613519706,"event":{"mods":["BaseMod","Colored Map","Colored Powertips","DeckTracker","Highlight Path","Minty Spire (QoL Compilation)","Permanent Neow","Quick Restart","Relic Stats","Shop Mod","StSLib"],"gold_per_floor":[117,13,13,13,25,54,54,69,69,69,69,100,100,110,110,186,186,186,2,2,16,31,31,66,66,66,98,23,23,43,55,55,55,55],"floor_reached":33,"language":"ENG","playtime":1537,"items_purged":[],"score":636,"play_id":"5401b1a7-8bff-4923-8d69-ede7f8547d0b","local_time":"20210216185506","is_ascension_mode":true,"campfire_choices":[{"data":"Dagger Spray","floor":7,"key":"SMITH"},{"data":"Finisher","floor":11,"key":"SMITH"},{"data":"Die Die Die","floor":13,"key":"SMITH"},{"data":"Skewer","floor":15,"key":"SMITH"},{"data":"Apotheosis","floor":23,"key":"SMITH"},{"data":"Prepared","floor":25,"key":"SMITH"},{"data":"PiercingWail","floor":29,"key":"SMITH"},{"data":"Skewer","floor":32,"key":"SMITH"}],"circlet_count":0,"master_deck":["AscendersBane","Strike_G+1","Strike_G+1","Strike_G+1","Strike_G+1","Defend_G+1","Defend_G+1","Defend_G+1","Defend_G+1","Neutralize","Storm of Steel","Dagger Spray+1","Dodge and Roll","Quick Slash","Finisher+1","Dagger Throw","Skewer+1","Die Die Die+1","PiercingWail+1","Wraith Form v2","Apotheosis+1","Prepared+1","Underhanded Strike","Skewer+1"],"relics":["Ring of the Snake","Akabeko","Ninja Scroll","Ancient Tea Set","SlaversCollar","Snake Skull","Eternal Feather","HornCleat"],"acts_visited":["Exordium","TheCity"],"potions_floor_usage":[6,6,16,18,27,30,33],"damage_taken":[{"damage":1,"enemies":"2 Louse","floor":1,"turns":2},{"damage":2,"enemies":"Jaw Worm","floor":5,"turns":5},{"damage":10,"enemies":"Lagavulin","floor":6,"turns":7},{"damage":0,"enemies":"Cultist","floor":8,"turns":2},{"damage":0,"enemies":"Gremlin Nob","floor":12,"turns":1},{"damage":0,"enemies":"Blue Slaver","floor":14,"turns":1},{"damage":17,"enemies":"Slime Boss","floor":16,"turns":6},{"damage":1,"enemies":"Chosen","floor":18,"turns":4},{"damage":0,"enemies":"Spheric Guardian","floor":21,"turns":3},{"damage":11,"enemies":"Centurion and Healer","floor":22,"turns":9},{"damage":2,"enemies":"Gremlin Leader","floor":24,"turns":6},{"damage":6,"enemies":"Book of Stabbing","floor":27,"turns":4},{"damage":0,"enemies":"Shelled Parasite and Fungi","floor":30,"turns":1},{"damage":10,"enemies":"Snake Plant","floor":31,"turns":4},{"damage":61,"enemies":"Automaton","floor":33,"turns":10}],"seed_played":"4855020173561268377","potions_obtained":[{"floor":1,"key":"SteroidPotion"},{"floor":6,"key":"SmokeBomb"},{"floor":14,"key":"SpeedPotion"},{"floor":22,"key":"LiquidMemories"},{"floor":24,"key":"Dexterity Potion"},{"floor":30,"key":"Weak Potion"}],"is_trial":false,"path_per_floor":["M","$","?","?","M","E","R","M","T","?","R","E","R","M","R","B",null,"M","$","?","M","M","R","E","R","T","E","?","R","M","M","R","B"],"character_chosen":"THE_SILENT","items_purchased":["Dodge and Roll","CunningPotion","Apotheosis"],"campfire_rested":0,"item_purchase_floors":[2,2,19],"current_hp_per_floor":[58,58,58,58,56,46,46,46,46,39,39,39,39,39,39,22,55,54,54,54,54,43,43,41,41,41,35,35,47,47,37,49,0,0],"gold":55,"neow_bonus":"ONE_RANDOM_RARE_CARD","is_daily":false,"chose_seed":false,"campfire_upgraded":8,"win_rate":0.0,"timestamp":1613519706,"path_taken":["M","$","?","?","M","E","R","M","T","?","R","E","R","M","R","BOSS","M","$","?","M","M","R","E","R","T","E","?","R","M","M","R","BOSS"],"items_purchased_type":["Card","Potion","Card"],"build_version":"2020-12-22","purchased_purges":0,"victory":false,"max_hp_per_floor":[66,66,66,66,66,66,66,66,66,66,66,66,66,66,66,66,66,66,66,66,66,66,66,66,66,66,66,66,66,66,66,66,66,66],"relic_stats":{"counters":[15,65],"Eternal Feather":24,"Snake Skull":[0],"obtain_stats":[{"SlaversCollar":17,"HornCleat":27,"Ninja Scroll":9,"Eternal Feather":26,"Snake Skull":24,"Ancient Tea Set":12,"Akabeko":6,"Ring of the Snake":0},{"SlaversCollar":7,"HornCleat":12,"Ninja Scroll":4,"Eternal Feather":11,"Snake Skull":11,"Ancient Tea Set":5,"Akabeko":3,"Ring of the Snake":0},{"SlaversCollar":24,"HornCleat":50,"Ninja Scroll":16,"Eternal Feather":46,"Snake Skull":46,"Ancient Tea Set":17,"Akabeko":14,"Ring of the Snake":0}],"Ring of the Snake":[30]},"card_choices":[{"not_picked":["Escape Plan","Terror"],"picked":"Dagger Spray","floor":1},{"not_picked":["Prepared","Backflip"],"picked":"Finisher","floor":5},{"not_picked":["PiercingWail","Night Terror"],"picked":"Dagger Throw","floor":6},{"not_picked":["Calculated Gamble","Endless Agony"],"picked":"Skewer","floor":8},{"not_picked":["Escape Plan","Blade Dance"],"picked":"Die Die Die","floor":12},{"not_picked":["Accuracy","Prepared"],"picked":"PiercingWail","floor":14},{"not_picked":["Unload","Grand Finale"],"picked":"Wraith Form v2","floor":16},{"not_picked":["Deadly Poison+1","Terror"],"picked":"Prepared","floor":21},{"not_picked":["Riddle With Holes","Eviscerate","PiercingWail"],"picked":"SKIP","floor":22},{"not_picked":["Deadly Poison","Prepared"],"picked":"Underhanded Strike","floor":24},{"not_picked":["Noxious Fumes","Heel Hook","Backflip"],"picked":"SKIP","floor":27},{"not_picked":["Finisher","Quick Slash","Blade Dance"],"picked":"SKIP","floor":30},{"not_picked":["Bane","Backstab"],"picked":"Skewer","floor":31}],"player_experience":601822,"relics_obtained":[{"floor":6,"key":"Akabeko"},{"floor":9,"key":"Ninja Scroll"},{"floor":12,"key":"Ancient Tea Set"},{"floor":24,"key":"Snake Skull"},{"floor":26,"key":"Eternal Feather"},{"floor":27,"key":"HornCleat"}],"event_choices":[{"damage_healed":0,"gold_gain":0,"cards_transformed":["Strike_G"],"player_choice":"Change","damage_taken":0,"max_hp_gain":0,"max_hp_loss":0,"event_name":"Living Wall","floor":3,"gold_loss":0,"cards_obtained":["Quick Slash"]},{"damage_healed":0,"gold_gain":0,"player_choice":"Ignored","damage_taken":0,"max_hp_gain":0,"max_hp_loss":0,"event_name":"Liars Game","floor":4,"gold_loss":0},{"cards_removed":["Defend_G"],"damage_healed":0,"gold_gain":0,"player_choice":"Card Removal","damage_taken":7,"max_hp_gain":0,"max_hp_loss":0,"event_name":"Golden Wing","floor":10,"gold_loss":0},{"damage_healed":0,"gold_gain":0,"player_choice":"Simplicity","damage_taken":0,"max_hp_gain":0,"max_hp_loss":0,"event_name":"Back to Basics","floor":20,"gold_loss":0,"cards_upgraded":["Strike_G","Strike_G","Strike_G","Strike_G","Defend_G","Defend_G","Defend_G","Defend_G"]},{"cards_removed":["Survivor"],"damage_healed":0,"gold_gain":0,"player_choice":"Gave Gold","damage_taken":0,"max_hp_gain":0,"max_hp_loss":0,"event_name":"Beggar","floor":28,"gold_loss":75}],"is_beta":false,"boss_relics":[{"not_picked":["Ring of the Serpent","Snecko Eye"],"picked":"SlaversCollar"}],"items_purged_floors":[],"is_endless":false,"potions_floor_spawned":[1,6,14,18,22,24,30],"killed_by":"Automaton","ascension_level":20}}