{"host":"v98566chcnixoavo","time":1613457116,"event":{"mods":["100% Spire Juice","Act Like it!","Arknights","BaseMod","Decade(王小明)","DeckTracker","FGO Abigail","Friendly Minions","Highlight Path","Kiyohime（清姬）","Luminous","Marisa（F雨　魔理沙）","Minty Spire (QoL Compilation)","Prisma Mod","Railgun Mod","Reimu（博丽灵梦）","StSLib","Td1madao Mod","The Alterego","UnlockEverythingMod","WarShipGirlsR/战舰少女R mod","Yakumo Yukari mod","Youmu（魂魄妖梦）","【功能Mod】Neow奖励","【功能Mod】混沌之环修复补丁","【功能Mod】聪明的最终Boss"],"gold_per_floor":[109,37,47,47,59,59,88,88,88,88,100,119,146,162,162,262,262,276,291,291,20,39,39,39,39],"floor_reached":24,"language":"ZHS","playtime":1280,"items_purged":["ats:Strike G"],"score":218,"play_id":"bd96e139-1cd8-4d5c-a4a6-136a4ebe1c25","local_time":"20210216143156","is_ascension_mode":true,"campfire_choices":[{"data":"ats:Emotion Absorption","floor":6,"key":"SMITH"},{"data":"ats:Part Time Job","floor":8,"key":"SMITH"},{"data":"ats:Burning Ground","floor":10,"key":"SMITH"},{"floor":15,"key":"REST"},{"data":"ats:Dogmatic Field","floor":23,"key":"SMITH"}],"circlet_count":0,"master_deck":["ats:Strike C","ats:Armor Crushing Shot","ats:Defend","ats:Defend","ats:Defend","ats:Emotion Absorption+1","ats:Shell Defense","ats:Part Time Job+1","ats:Burning Ground+1","ats:Thermite Blade","ats:Sunburst","ats:Shell Defense","ats:Counter Healing Mode","ats:Support Order","ats:Roar Of Ursus","ats:Mental Burst","Necronomicurse","ats:Flame Of Heaven","ats:Dogmatic Field+1","ats:Revitalization"],"relics":["ats:Sanity","ats:Originium","ats:Military Tradition","Ornamental Fan","Bottled Tornado","SlaversCollar","Necronomicon"],"acts_visited":["Exordium","TheCity"],"potions_floor_usage":[13,13,16,16,24],"damage_taken":[{"damage":9,"enemies":"2 Louse","floor":1,"turns":2},{"damage":4,"enemies":"Cultist","floor":3,"turns":5},{"damage":0,"enemies":"ats:Genji","floor":5,"turns":3},{"damage":28,"enemies":"Gremlin Nob","floor":7,"turns":4},{"damage":16,"enemies":"Large Slime","floor":11,"turns":4},{"damage":15,"enemies":"Exordium Wildlife","floor":12,"turns":3},{"damage":22,"enemies":"3 Sentries","floor":13,"turns":8},{"damage":15,"enemies":"Gremlin Gang","floor":14,"turns":2},{"damage":35,"enemies":"The Guardian","floor":16,"turns":12},{"damage":11,"enemies":"Chosen","floor":18,"turns":6},{"damage":0,"enemies":"Spheric Guardian","floor":19,"turns":2},{"damage":31,"enemies":"Centurion and Healer","floor":22,"turns":5},{"damage":49,"enemies":"Book of Stabbing","floor":24,"turns":6}],"seed_played":"-1347156237287229561","potions_obtained":[{"floor":5,"key":"Swift Potion"},{"floor":7,"key":"LiquidMemories"},{"floor":11,"key":"ZuzhouPotion:ReiMu"},{"floor":12,"key":"Strength Potion"},{"floor":13,"key":"AttackPotion"},{"floor":22,"key":"Weak Potion"}],"is_trial":false,"path_per_floor":["M","$","M","?","M","R","E","R","T","R","M","M","E","M","R","B",null,"M","M","?","$","M","R","E"],"character_chosen":"DOCTOR_CLASS","items_purchased":["ats:Part Time Job","ats:Flame Of Heaven","ats:Dogmatic Field"],"campfire_rested":1,"item_purchase_floors":[2,21,21],"current_hp_per_floor":[42,42,48,48,51,51,26,26,26,26,20,11,14,1,22,72,72,67,67,51,51,32,32,6,6],"gold":39,"neow_bonus":"REMOVE_TWO","is_daily":false,"chose_seed":false,"campfire_upgraded":4,"win_rate":0.0,"timestamp":1613457116,"path_taken":["M","$","M","?","M","R","E","R","T","R","M","M","E","?","R","BOSS","M","M","?","$","M","R","E"],"items_purchased_type":["Card","Card","Card"],"build_version":"2020-12-22","purchased_purges":1,"victory":false,"max_hp_per_floor":[72,72,72,72,72,72,72,72,72,72,72,72,72,72,72,72,72,72,72,72,72,72,72,72,72],"card_choices":[{"not_picked":["ats:Closed Bolt Burst Fire","ats:Very Hot Blade"],"picked":"ats:Shell Defense","floor":1},{"not_picked":["ats:Collapsing Strike","ats:Ignite"],"picked":"ats:Burning Ground","floor":3},{"not_picked":["ats:Thermite Blade","ats:Cat Scratch"],"picked":"ats:Sunburst","floor":5},{"not_picked":["ats:Cat Scratch","ats:Defend Order","ats:Consecutive Shot Auto"],"picked":"SKIP","floor":7},{"not_picked":["ats:Shadow Raid","ats:Leaping Hammer","ats:Literary Storm"],"picked":"SKIP","floor":11},{"not_picked":["ats:Charging Defense","ats:Phantom"],"picked":"ats:Shell Defense","floor":12},{"not_picked":["ats:Very Hot Blade","ats:Encircling Forest"],"picked":"ats:Counter Healing Mode","floor":13},{"not_picked":["ats:Explosion Area Strengthen","ats:Flexible Camouflage"],"picked":"ats:Support Order","floor":14},{"not_picked":["ats:Disruption Kick","ats:Wolf Pack"],"picked":"ats:Roar Of Ursus","floor":16},{"not_picked":["ats:Very Hot Blade","ats:Blood Oath"],"picked":"ats:Mental Burst","floor":18},{"not_picked":["ats:Powerful Strike+1","ats:Encircling Forest","ats:Phantom"],"picked":"SKIP","floor":19},{"not_picked":["ats:Absolute Focus+1","ats:Literary Storm"],"picked":"ats:Revitalization","floor":22}],"player_experience":221201,"relics_obtained":[{"floor":7,"key":"ats:Originium"},{"floor":7,"key":"ats:Military Tradition"},{"floor":9,"key":"Ornamental Fan"},{"floor":13,"key":"ats:Originium"},{"floor":13,"key":"Bottled Tornado"},{"floor":20,"key":"Necronomicon"}],"event_choices":[{"damage_healed":0,"gold_gain":0,"cards_transformed":["ats:Strike S"],"player_choice":"Transformed","damage_taken":0,"max_hp_gain":0,"max_hp_loss":0,"event_name":"Transmorgrifier","floor":4,"gold_loss":0,"cards_obtained":["ats:Thermite Blade"]},{"damage_healed":0,"gold_gain":0,"player_choice":"Obtained Book","damage_taken":16,"max_hp_gain":0,"max_hp_loss":0,"event_name":"Cursed Tome","floor":20,"gold_loss":0}],"is_beta":false,"boss_relics":[{"not_picked":["Pandora\u0027s Box","Busted Crown"],"picked":"SlaversCollar"}],"items_purged_floors":[21],"is_endless":false,"potions_floor_spawned":[5,7,11,12,13,22],"killed_by":"Book of Stabbing","ascension_level":1}}