{"host":"c64dsqyrqv0ei9yn","time":1613446558,"event":{"mods":["BaseMod","Bestiary","Colored Map","Colored Powertips","Curses Come First","Koishi","LagranYue(ùfäiòNÅEåé)","MarisaÅiñ∂âJÅ@ñÇóùçπÅj","Minty Spire (QoL Compilation)","Prisma Mod","Random Character Button","ReimuÅiîé??öÎÅj","RemiliaÅiÂQïƒ‰ª?Åj","StSLib","The Alterego","The Marked","The Saiyan","The Senshi","The Servant 0.9.4","The Wild Card","slay the spire mod where everything is the same but ironclad has a cowboy hat"],"gold_per_floor":[113,128,79,79,79,104,104,123,123,123,123,137,169,17,17,119,119,129,145,156,56,74,102,102,122,149,249,261,274,274,294,294,390,390,401,413,461,461,473,473,507,507,555,555,569,588,191,241,241,241],"floor_reached":51,"language":"ENG","playtime":4791,"items_purged":["Strike_RM","Strike_RM","Parasite"],"score":709,"play_id":"0b44220b-8ef6-4c80-a2d6-f4a849a894b6","local_time":"20210216033558","is_ascension_mode":false,"campfire_choices":[{"data":"SuperhumanBloodyKnife","floor":7,"key":"SMITH"},{"data":"MiserableFate","floor":10,"key":"SMITH"},{"data":"Stigmanizer","floor":15,"key":"SMITH"},{"data":"BatForm","floor":24,"key":"SMITH"},{"data":"ChaoticDestiny","floor":30,"key":"SMITH"},{"floor":32,"key":"REST"},{"data":"ScarletCoffin","floor":40,"key":"SMITH"},{"data":"BloodRain","floor":42,"key":"SMITH"},{"floor":44,"key":"REST"},{"data":"BloodySeventeenLaser","floor":49,"key":"SMITH"}],"circlet_count":0,"master_deck":["Strike_RM","Defend_RM","Defend_RM","Defend_RM","Defend_RM","RedMoon+1","ScarletShoot","ReincarnationDial","MiserableFate+1","StarOfDavid+1","SuperhumanBloodyKnife+1","UltimateOffering","ScarletNetherworld","CharismaGuard","UnderTheZenith","Ultimatum","EndlessAdversity","Stigmanizer+1","VampireKiss","ScarletCoffin+1","HunterOfTheNight","BatForm+1","MillenniumVampire","BloodyTrap","CharismaGuard+1","NightDance+1","ScarletImprint+1","ChaoticDestiny+1","CharismaGuard+1","BloodRain+1","MiserableFate+1","BloodySeventeenLaser+1","VampireClaw+1","HellCatastrophe"],"relics":["ScarletHat","NeowsBlessing","PreservedInsect","HornCleat","MealTicket","LagranYue:ContractPerformanceRelic","Mercury Hourglass","Bag of Marbles","Sundial","Mastiff:ReiMu","Centennial Puzzle","SlaversCollar","FossilizedHelix","Anchor","ScarletDevilRocket","Pantograph","Membership Card","Bottled Tornado","Ice Cream"],"acts_visited":["Exordium","TheCity","TheBeyond"],"potions_floor_usage":[22,23,50,50],"damage_taken":[{"damage":0,"enemies":"Small Slimes","floor":1,"turns":1},{"damage":0,"enemies":"Jaw Worm","floor":2,"turns":1},{"damage":0,"enemies":"Gremlin Nob","floor":6,"turns":1},{"damage":0,"enemies":"Cultist","floor":8,"turns":3},{"damage":0,"enemies":"2 Fungi Beasts","floor":12,"turns":4},{"damage":0,"enemies":"3 Sentries","floor":13,"turns":6},{"damage":3,"enemies":"Slime Boss","floor":16,"turns":6},{"damage":4,"enemies":"3 Byrds","floor":18,"turns":3},{"damage":17,"enemies":"2 Thieves","floor":19,"turns":5},{"damage":11,"enemies":"Centurion and Healer","floor":20,"turns":4},{"damage":10,"enemies":"Shelled Parasite and Fungi","floor":22,"turns":8},{"damage":22,"enemies":"Book of Stabbing","floor":23,"turns":8},{"damage":7,"enemies":"Chosen and Byrds","floor":25,"turns":8},{"damage":6,"enemies":"Snake Plant","floor":28,"turns":4},{"damage":5,"enemies":"Centurion and Healer","floor":29,"turns":5},{"damage":7,"enemies":"Cultist and Chosen","floor":31,"turns":7},{"damage":23,"enemies":"Automaton","floor":33,"turns":11},{"damage":10,"enemies":"3 Darklings","floor":35,"turns":6},{"damage":1,"enemies":"Orb Walker","floor":36,"turns":2},{"damage":38,"enemies":"2 Orb Walkers","floor":37,"turns":5},{"damage":11,"enemies":"Writhing Mass","floor":39,"turns":7},{"damage":8,"enemies":"Nemesis","floor":41,"turns":7},{"damage":4,"enemies":"Jaw Worm Horde","floor":45,"turns":4},{"damage":21,"enemies":"3 Darklings","floor":46,"turns":9},{"damage":10,"enemies":"Mind Bloom Boss Battle","floor":48,"turns":7},{"damage":23,"enemies":"Awakened One","floor":50,"turns":13}],"seed_played":"-9044525435811966424","potions_obtained":[{"floor":1,"key":"Fruit Juice"},{"floor":6,"key":"Weak Potion"},{"floor":16,"key":"Swift Potion"},{"floor":22,"key":"EssenceOfSteel"},{"floor":22,"key":"Energy Potion"},{"floor":28,"key":"DuplicationPotion"}],"is_trial":false,"path_per_floor":["M","M","$","?","?","E","R","M","T","R","?","M","E","$","R","B",null,"M","M","M","$","M","E","R","M","T","?","M","M","R","M","R","B",null,"M","M","?","?","M","R","E","R","T","R","M","M","$","?","R","B",null],"character_chosen":"REMILIA","items_purchased":["StarOfDavid","HunterOfTheNight","Membership Card","Bottled Tornado"],"campfire_rested":2,"item_purchase_floors":[3,14,47,47],"current_hp_per_floor":[75,75,75,75,75,75,75,75,75,75,75,75,75,75,75,75,75,72,56,50,65,63,53,53,51,51,51,48,45,45,38,62,54,80,70,76,45,45,41,41,36,36,36,60,57,40,55,77,77,77],"gold":241,"neow_bonus":"THREE_ENEMY_KILL","is_daily":false,"chose_seed":false,"campfire_upgraded":8,"win_rate":0.0,"timestamp":1613446558,"path_taken":["M","M","$","?","?","E","R","?","T","R","?","M","E","?","R","BOSS","M","M","M","$","M","E","R","M","T","?","M","?","R","M","R","BOSS","M","?","?","?","?","R","E","R","T","R","M","M","$","?","R","BOSS"],"items_purchased_type":["Card","Card","Relic","Relic"],"build_version":"2020-12-22","purchased_purges":3,"victory":true,"max_hp_per_floor":[75,75,75,75,75,75,75,75,75,75,75,75,75,75,75,75,75,75,75,75,75,80,80,80,80,80,80,80,80,80,80,80,80,80,80,80,80,80,80,80,80,80,80,80,80,80,77,77,77,77],"card_choices":[{"not_picked":["DiffusionOfMisfortune","RedRainbow"],"picked":"ReincarnationDial","floor":1},{"not_picked":["ScarletImprint","ForbiddenFruit"],"picked":"MiserableFate","floor":2},{"not_picked":["ScarletSymphony","DiffusionOfMisfortune"],"picked":"SuperhumanBloodyKnife","floor":6},{"not_picked":["RedRainbow","VampireFantasy"],"picked":"UltimateOffering","floor":8},{"not_picked":["RedRainbow","BombardNight"],"picked":"Stigmanizer","floor":12},{"not_picked":["BloodAndWine","StarOfDavid"],"picked":"VampireKiss","floor":13},{"not_picked":["ForbiddenFruit","BlasphemousPunishment"],"picked":"ScarletCoffin","floor":13},{"not_picked":["HeartBreak","ForecastOfChange"],"picked":"BatForm","floor":16},{"not_picked":["VampirishNight","ScarletNetherworld"],"picked":"MillenniumVampire","floor":18},{"not_picked":["BombardNight","Stigmanizer"],"picked":"BloodyTrap","floor":19},{"not_picked":["StarOfDavid","BloodHunter"],"picked":"CharismaGuard+1","floor":20},{"not_picked":["BloodHunter+1","CharismaGuard"],"picked":"NightDance+1","floor":22},{"not_picked":["VampireSweep","UnstableMagic"],"picked":"ScarletImprint+1","floor":23},{"not_picked":["EndlessAdversity","VampireKiss","ForbiddenFruit"],"picked":"SKIP","floor":25},{"not_picked":["VampireSweep","VampireFantasy"],"picked":"ChaoticDestiny","floor":28},{"not_picked":["VampireKiss","RedNightlessCastle","RedRainbow"],"picked":"SKIP","floor":29},{"not_picked":["BlasphemousPunishment","GlobalNightmare+1"],"picked":"CharismaGuard+1","floor":31},{"not_picked":["BloodyHallows","TransientEternity"],"picked":"BloodRain","floor":33},{"not_picked":["Stigmanizer","EndlessAdversity+1"],"picked":"MiserableFate+1","floor":35},{"not_picked":["BombardNight","ReincarnationDial","RedRainbow"],"picked":"SKIP","floor":35},{"not_picked":["HunterOfTheNight+1","ScarletDevilSign"],"picked":"BloodySeventeenLaser","floor":36},{"not_picked":["ScarletDevilSign","NightDance","ScarletImprint+1"],"picked":"SKIP","floor":39},{"not_picked":["ScarletNetherworld","ScarletDevil+1"],"picked":"HellCatastrophe","floor":41},{"not_picked":["Stigmanizer+1","BlasphemousPunishment","BombardNight+1"],"picked":"SKIP","floor":45},{"not_picked":["BloodyTrap","EndlessAdversity","VampireSweep"],"picked":"SKIP","floor":45},{"not_picked":["BombardNight+1","DiffusionOfMisfortune","BloodHunter+1"],"picked":"SKIP","floor":46}],"player_experience":82995,"relics_obtained":[{"floor":6,"key":"PreservedInsect"},{"floor":9,"key":"HornCleat"},{"floor":13,"key":"MealTicket"},{"floor":18,"key":"Mercury Hourglass"},{"floor":19,"key":"Bag of Marbles"},{"floor":23,"key":"Sundial"},{"floor":26,"key":"Mastiff:ReiMu"},{"floor":31,"key":"Centennial Puzzle"},{"floor":37,"key":"FossilizedHelix"},{"floor":41,"key":"Anchor"},{"floor":43,"key":"ScarletDevilRocket"},{"floor":45,"key":"Pantograph"},{"floor":48,"key":"Ice Cream"}],"event_choices":[{"damage_healed":0,"gold_gain":0,"player_choice":"Leave","damage_taken":0,"max_hp_gain":0,"max_hp_loss":0,"event_name":"The Cleric","floor":4,"gold_loss":0},{"damage_healed":0,"gold_gain":0,"player_choice":"Upgraded","damage_taken":0,"max_hp_gain":0,"max_hp_loss":0,"event_name":"Upgrade Shrine","floor":5,"gold_loss":0,"cards_upgraded":["RedMoon"]},{"damage_healed":0,"gold_gain":100,"player_choice":"Pray","damage_taken":0,"max_hp_gain":0,"max_hp_loss":0,"event_name":"Golden Shrine","floor":27,"gold_loss":0},{"damage_healed":0,"gold_gain":0,"player_choice":"Fight","damage_taken":0,"max_hp_gain":0,"max_hp_loss":0,"event_name":"Mysterious Sphere","floor":37,"gold_loss":0},{"damage_healed":0,"gold_gain":0,"cards_transformed":["Strike_RM"],"player_choice":"Transformed","damage_taken":0,"max_hp_gain":0,"max_hp_loss":0,"event_name":"Transmorgrifier","floor":38,"gold_loss":0,"cards_obtained":["VampireClaw"]},{"damage_healed":0,"gold_gain":0,"player_choice":"Fight","damage_taken":0,"max_hp_gain":0,"max_hp_loss":0,"event_name":"MindBloom","floor":48,"gold_loss":0}],"is_beta":false,"boss_relics":[{"not_picked":["APieceOfRedMist","SacredBark"],"picked":"LagranYue:ContractPerformanceRelic"},{"not_picked":["LagranYue:SoulBurningRelic","Runic Pyramid"],"picked":"SlaversCollar"}],"items_purged_floors":[14,21,47],"is_endless":false,"potions_floor_spawned":[1,6,16,18,22,28,29,35,37,41,46],"ascension_level":0}}