{"host":"5hsgormuu0lj4iiq","time":1613446772,"event":{"mods":["AchievementEnabler","BaseMod","Colored Map","Colored Powertips","Minty Spire (QoL Compilation)","Quick Restart","Relic Stats","SuperFastMode","everything is the same but u backflip on backflip","slay the spire mod where everything is the same but ironclad has a cowboy hat"],"gold_per_floor":[112,122,122,51,16,16,48,48,74,87,106,119,119,131,131,205,205,220,220,220,145,145,195,210,46,46,58,58,58],"floor_reached":28,"language":"ENG","playtime":479,"items_purged":["Bite"],"score":434,"play_id":"819f1123-e8b5-4bf7-a87c-2c4269e96e2e","local_time":"20210215223932","is_ascension_mode":true,"campfire_choices":[{"data":"Genetic Algorithm","floor":8,"key":"SMITH"},{"data":"Chaos","floor":13,"key":"SMITH"},{"data":"Ball Lightning","floor":15,"key":"SMITH"}],"circlet_count":0,"master_deck":["AscendersBane","Defend_B+1","Defend_B","Defend_B","Zap","Dualcast","Coolheaded","Genetic Algorithm+1","Ball Lightning","Cold Snap","Chaos+1","Ball Lightning+1","Core Surge","Coolheaded","Bite","Bite","Bite","HandOfGreed","Darkness","Static Discharge","Leap","Loop"],"relics":["Cracked Core","NeowsBlessing","DataDisk","Potion Belt","Nuclear Battery","Nilry\u0027s Codex","Toy Ornithopter","Membership Card","Ice Cream"],"acts_visited":["Exordium","TheCity"],"potions_floor_usage":[16,16,27],"damage_taken":[{"damage":0,"enemies":"2 Louse","floor":1,"turns":1},{"damage":0,"enemies":"Jaw Worm","floor":2,"turns":1},{"damage":0,"enemies":"3 Sentries","floor":7,"turns":1},{"damage":0,"enemies":"Cultist","floor":10,"turns":3},{"damage":1,"enemies":"Looter","floor":11,"turns":3},{"damage":3,"enemies":"Blue Slaver","floor":12,"turns":3},{"damage":9,"enemies":"2 Fungi Beasts","floor":14,"turns":4},{"damage":13,"enemies":"Slime Boss","floor":16,"turns":9},{"damage":6,"enemies":"Spheric Guardian","floor":18,"turns":3},{"damage":34,"enemies":"Slavers","floor":23,"turns":5},{"damage":6,"enemies":"Shell Parasite","floor":24,"turns":5},{"damage":0,"enemies":"Snecko","floor":27,"turns":5},{"damage":24,"enemies":"Snake Plant","floor":28,"turns":2}],"seed_played":"2936263349938593572","potions_obtained":[{"floor":1,"key":"Block Potion"},{"floor":2,"key":"Swift Potion"},{"floor":24,"key":"FocusPotion"}],"is_trial":false,"path_per_floor":["M","M","?","$","?","$","E","R","T","M","M","M","R","M","R","B",null,"M","?","?","$","?","E","M","$","T","M","M"],"character_chosen":"DEFECT","items_purchased":["Genetic Algorithm","Membership Card","Leap"],"campfire_rested":0,"item_purchase_floors":[4,25,25],"current_hp_per_floor":[68,68,53,53,71,71,71,71,71,71,70,67,67,58,58,45,68,62,52,36,36,36,10,6,6,6,13,0,0],"gold":58,"neow_bonus":"THREE_ENEMY_KILL","is_daily":false,"chose_seed":false,"campfire_upgraded":3,"win_rate":0.0,"timestamp":1613446772,"path_taken":["M","M","?","$","?","$","E","R","T","M","M","?","R","M","R","BOSS","M","?","?","$","?","E","M","$","T","M","M"],"items_purchased_type":["Card","Relic","Card"],"build_version":"2020-12-22","purchased_purges":1,"victory":false,"max_hp_per_floor":[75,75,75,75,75,75,75,75,75,75,75,75,75,75,75,75,75,75,52,52,52,52,52,52,52,52,52,52,52],"relic_stats":{"counters":[13,45],"obtain_stats":[{"Potion Belt":9,"Ice Cream":26,"DataDisk":7,"NeowsBlessing":0,"Nilry\u0027s Codex":20,"Membership Card":25,"Cracked Core":0,"Toy Ornithopter":23,"Nuclear Battery":17},{"Potion Belt":3,"Ice Cream":11,"DataDisk":3,"NeowsBlessing":0,"Nilry\u0027s Codex":9,"Membership Card":11,"Cracked Core":0,"Toy Ornithopter":10,"Nuclear Battery":8},{"Potion Belt":3,"Ice Cream":38,"DataDisk":3,"NeowsBlessing":0,"Nilry\u0027s Codex":28,"Membership Card":38,"Cracked Core":0,"Toy Ornithopter":33,"Nuclear Battery":25}],"Toy Ornithopter":5},"card_choices":[{"not_picked":["Undo","Melter"],"picked":"Coolheaded","floor":1},{"not_picked":["Compile Driver","Steam Power","Beam Cell"],"picked":"SKIP","floor":2},{"not_picked":["Stack","Auto Shields"],"picked":"Ball Lightning","floor":7},{"not_picked":["Beam Cell","Compile Driver"],"picked":"Cold Snap","floor":10},{"not_picked":["Beam Cell","Barrage","Steam"],"picked":"SKIP","floor":11},{"not_picked":["Rebound","Go for the Eyes"],"picked":"Chaos","floor":12},{"not_picked":["Barrage","Beam Cell"],"picked":"Ball Lightning","floor":14},{"not_picked":["Echo Form","Rainbow"],"picked":"Core Surge","floor":16},{"not_picked":["Steam","Ball Lightning"],"picked":"Coolheaded","floor":18},{"not_picked":["Scrape","Streamline","Gash"],"picked":"SKIP","floor":23},{"not_picked":["Darkness+1","Tempest"],"picked":"Static Discharge","floor":24},{"not_picked":["Redo+1","Loop","Leap"],"picked":"SKIP","floor":27},{"not_picked":["Redo+1","Leap"],"picked":"Loop","floor":27}],"player_experience":737770,"relics_obtained":[{"floor":7,"key":"DataDisk"},{"floor":9,"key":"Potion Belt"},{"floor":20,"key":"Nilry\u0027s Codex"},{"floor":23,"key":"Toy Ornithopter"},{"floor":26,"key":"Ice Cream"}],"event_choices":[{"damage_healed":0,"gold_gain":0,"player_choice":"Entered Light","damage_taken":15,"max_hp_gain":0,"max_hp_loss":0,"event_name":"Shining Light","floor":3,"gold_loss":0,"cards_upgraded":["Defend_B","Strike_B"]},{"damage_healed":18,"gold_gain":0,"player_choice":"Healed","damage_taken":0,"max_hp_gain":0,"max_hp_loss":0,"event_name":"The Cleric","floor":5,"gold_loss":35},{"damage_healed":0,"gold_gain":0,"player_choice":"Became a vampire","damage_taken":0,"max_hp_gain":0,"max_hp_loss":23,"event_name":"Vampires","floor":19,"gold_loss":0,"cards_obtained":["Bite","Bite","Bite","Bite","Bite"]},{"damage_healed":0,"gold_gain":0,"player_choice":"Obtained Book","damage_taken":16,"max_hp_gain":0,"max_hp_loss":0,"event_name":"Cursed Tome","floor":20,"gold_loss":0},{"damage_healed":0,"gold_gain":0,"cards_transformed":["Bite","Defend_B"],"player_choice":"Became Test Subject","damage_taken":0,"max_hp_gain":0,"max_hp_loss":0,"event_name":"Drug Dealer","floor":22,"gold_loss":0,"cards_obtained":["HandOfGreed","Darkness"]}],"is_beta":false,"boss_relics":[{"not_picked":["Tiny House","Ectoplasm"],"picked":"Nuclear Battery"}],"items_purged_floors":[21],"is_endless":false,"potions_floor_spawned":[1,2,7,24],"killed_by":"Snake Plant","ascension_level":13}}