{"host":"vrsxkkch9ccrec7k","time":1613497590,"event":{"mods":["Act Like it!","BaseMod","Bestiary","Better Altar","Better Match","Better Note","Better Sensory Stone","Better Skull","Better Third Choice","Better Vampires","Downfall","Minty Spire (QoL Compilation)","Permanent Neow","Relic Stats","Spicy Shops","StSLib"],"gold_per_floor":[99,115,115,115,129,129,129,144,144,159,189,209,209,239,255,332,332,332,352,365,365,375,375,402,402,12,12,12,32,32,42,59,59,59,59],"floor_reached":33,"language":"ENG","playtime":2028,"items_purged":["Doubt"],"score":427,"play_id":"e853f4bb-45ce-4091-9a67-4e042acca8fb","local_time":"20210216124630","is_ascension_mode":true,"campfire_choices":[{"data":"bronze:Replicate","floor":1,"key":"SMITH"},{"data":"bronze:Iterate","floor":6,"key":"SMITH"},{"data":"bronze:FineTuning","floor":9,"key":"SMITH"},{"floor":13,"key":"REST"},{"data":"bronze:Library","floor":18,"key":"SMITH"},{"floor":25,"key":"REST"},{"data":"bronze:ClassDefault","floor":28,"key":"SMITH"},{"floor":30,"key":"REST"}],"circlet_count":0,"master_deck":["AscendersBane","bronze:Strike","bronze:Strike","bronze:Strike","bronze:Strike","bronze:Defend","bronze:Defend+1","bronze:Defend","bronze:Defend","bronze:Replicate+1","bronze:Goto+1","bronze:Branch+1","Injury","bronze:Iterate+1","bronze:FineTuning+1","bronze:ClassDefault+1","bronze:Boost","bronze:Fortify","bronze:BitShift","bronze:Library+1","bronze:ItsAFeature","bronze:Optimize","bronze:Iterate+1","bronze:WhirlingStrike","bronze:Overheat","bronze:Constructor","bronze:AlphaBuild"],"relics":["bronze:BronzeCore","Mango","champ:DeflectingBracers","Blood Vial","PreservedInsect","SacredBark","Happy Flower","Lee\u0027s Waffle","bronze:Timepiece","Nilry\u0027s Codex"],"acts_visited":["Exordium","TheCity"],"potions_floor_usage":[11,16,19,20,20,20,22,33],"damage_taken":[{"damage":1,"enemies":"Cultist","floor":2,"turns":3},{"damage":11,"enemies":"2 Louse","floor":5,"turns":3},{"damage":0,"enemies":"Jaw Worm","floor":8,"turns":2},{"damage":0,"enemies":"Blue Slaver","floor":10,"turns":3},{"damage":20,"enemies":"3 Sentries","floor":11,"turns":8},{"damage":1,"enemies":"2 Fungi Beasts","floor":12,"turns":2},{"damage":13,"enemies":"Gremlin Nob","floor":14,"turns":4},{"damage":1,"enemies":"Exordium Thugs","floor":15,"turns":5},{"damage":8,"enemies":"IC_STATUS_ARCHETYPE","floor":16,"turns":9},{"damage":13,"enemies":"downfall:LooterAlt2","floor":19,"turns":5},{"damage":10,"enemies":"Chosen","floor":20,"turns":6},{"damage":34,"enemies":"Snake Plant","floor":22,"turns":6},{"damage":0,"enemies":"downfall:FleeingMerchant","floor":26,"turns":4},{"damage":35,"enemies":"Cultist and Chosen","floor":29,"turns":7},{"damage":19,"enemies":"Chosen and Byrds","floor":31,"turns":6},{"damage":18,"enemies":"Centurion and Healer","floor":32,"turns":6},{"damage":33,"enemies":"SI_MIRROR_ARCHETYPE","floor":33,"turns":8}],"seed_played":"7399268181599974317","potions_obtained":[{"floor":5,"key":"LiquidBronze"},{"floor":10,"key":"bronze:FreeFunctionsPotion"},{"floor":11,"key":"Block Potion"},{"floor":12,"key":"Dexterity Potion"},{"floor":16,"key":"bronze:FreeFunctionsPotion"},{"floor":19,"key":"EntropicBrew"},{"floor":21,"key":"CultistPotion"},{"floor":29,"key":"sneckomod:MuddlingPotion"},{"floor":32,"key":"Strength Potion"}],"is_trial":false,"path_per_floor":["R","M","?","?","M","R","T","M","R","M","E","M","R","E","M","B",null,"R","M","M","?","M","?","T","R","$","?","R","M","R","M","M","B"],"character_chosen":"THE_AUTOMATON","items_purchased":["Lee\u0027s Waffle","bronze:Timepiece","bronze:Overheat"],"campfire_rested":3,"item_purchase_floors":[26,26,26],"current_hp_per_floor":[77,76,76,76,65,65,65,65,65,65,45,46,69,58,59,53,71,71,60,52,52,20,20,20,43,84,68,68,35,60,43,27,0,0,0],"gold":59,"neow_bonus":"ONE_RARE_RELIC","is_daily":false,"chose_seed":false,"campfire_upgraded":5,"win_rate":0.0,"timestamp":1613497590,"path_taken":["R","M","?","?","?","R","T","M","R","M","E","M","R","E","M","BOSS","R","M","M","?","M","?","T","R","$","?","R","M","R","?","M","BOSS"],"items_purchased_type":["Relic","Relic","Card"],"build_version":"2020-12-22","purchased_purges":1,"victory":false,"max_hp_per_floor":[77,77,77,77,77,77,77,77,77,77,77,77,77,77,77,77,77,77,77,77,77,77,77,77,77,84,84,84,84,84,84,84,84,84,84],"relic_stats":{"Blood Vial":24,"Lee\u0027s Waffle":39,"Happy Flower":[10],"counters":[17,87],"PreservedInsect":100,"obtain_stats":[{"Blood Vial":11,"Lee\u0027s Waffle":26,"bronze:BronzeCore":0,"Happy Flower":24,"Nilry\u0027s Codex":27,"SacredBark":17,"bronze:Timepiece":26,"Mango":0,"champ:DeflectingBracers":7,"PreservedInsect":14},{"Blood Vial":5,"Lee\u0027s Waffle":13,"bronze:BronzeCore":0,"Happy Flower":12,"Nilry\u0027s Codex":13,"SacredBark":9,"bronze:Timepiece":13,"Mango":0,"champ:DeflectingBracers":2,"PreservedInsect":7},{"Blood Vial":19,"Lee\u0027s Waffle":60,"bronze:BronzeCore":0,"Happy Flower":56,"Nilry\u0027s Codex":60,"SacredBark":39,"bronze:Timepiece":60,"Mango":0,"champ:DeflectingBracers":6,"PreservedInsect":25}]},"card_choices":[{"not_picked":["bronze:WildBeam","bronze:Iterate"],"picked":"bronze:Branch","floor":2},{"not_picked":["bronze:WildBeam","bronze:ChosenStrike"],"picked":"bronze:Iterate","floor":5},{"not_picked":["bronze:ChosenStrike","bronze:Terminator"],"picked":"bronze:FineTuning","floor":8},{"not_picked":["bronze:ForLoop","bronze:Iterate"],"picked":"bronze:ClassDefault","floor":10},{"not_picked":["bronze:Turbo","bronze:Overheat","bronze:Break"],"picked":"SKIP","floor":11},{"not_picked":["bronze:CutThrough","bronze:Overheat"],"picked":"bronze:Boost","floor":12},{"not_picked":["bronze:BitShift","bronze:Turbo"],"picked":"bronze:Fortify","floor":14},{"not_picked":["bronze:FineTuning","bronze:Invalidate"],"picked":"bronze:BitShift","floor":15},{"not_picked":["bronze:BurnOut","bronze:Hardcode"],"picked":"bronze:Library","floor":16},{"not_picked":["bronze:Shield","bronze:ForLoop"],"picked":"bronze:ItsAFeature","floor":19},{"not_picked":["bronze:Constructor","bronze:Overheat"],"picked":"bronze:Optimize","floor":20},{"not_picked":["bronze:OilSpill+1","bronze:GetLatest"],"picked":"bronze:Iterate+1","floor":22},{"not_picked":["bronze:ItsAFeature","bronze:Backtrace+1"],"picked":"bronze:WhirlingStrike","floor":26},{"not_picked":["bronze:OilSpill","bronze:Iterate","bronze:Branch+1"],"picked":"SKIP","floor":29},{"not_picked":["bronze:Deprecate","bronze:Flail"],"picked":"bronze:Constructor","floor":31},{"not_picked":["bronze:ClassDefault","bronze:DelayedGuard"],"picked":"bronze:AlphaBuild","floor":32}],"player_experience":1932788,"relics_obtained":[{"floor":7,"key":"champ:DeflectingBracers"},{"floor":11,"key":"Blood Vial"},{"floor":14,"key":"PreservedInsect"},{"floor":24,"key":"Happy Flower"},{"floor":27,"key":"Nilry\u0027s Codex"}],"event_choices":[],"is_beta":false,"boss_relics":[{"not_picked":["Runic Pyramid","Runic Dome"],"picked":"SacredBark"}],"items_purged_floors":[26],"is_endless":false,"potions_floor_spawned":[5,10,11,12,16,19,29,32],"killed_by":"SI_MIRROR_ARCHETYPE","ascension_level":13}}