{"host":"nlbr7nnijupf3yfg","time":1613452771,"event":{"mods":["AchievementEnabler","BaseMod","BetterRewards","Colored Powertips","DeckTracker","Downfall","Hermit","Hubris","Infinite Spire","Minty Spire (QoL Compilation)","Quick Restart","Replay The Spire","StSLib","SuperFastMode","The Servant 0.9.4"],"gold_per_floor":[116,135,135,135,135,168,168,202,202,231,231,248,248,268,268,369,369,243,243,263,277,377,403,403,431,431,484,64,64,64],"floor_reached":29,"language":"ENG","playtime":666,"items_purged":["downfall:Haunted"],"score":636,"play_id":"bb90356a-db2b-409b-9182-5f506c00dd62","local_time":"20210216001931","is_ascension_mode":true,"campfire_choices":[{"data":"Clothesline","floor":7,"key":"SMITH"},{"floor":11,"key":"REST"},{"data":"Barricade","floor":13,"key":"SMITH"},{"floor":15,"key":"REST"},{"floor":24,"key":"REST"}],"circlet_count":0,"master_deck":["AscendersBane","Strike_R","Defend_R","Defend_R","Defend_R+1","Bash","Clothesline+1","Replay:Undeath\u0027s Touch+1","Exhume","Seeing Red","Barricade+1","Cleave","Ragnarok","Eclipse","hubris:Compulsion","Pommel Strike","ReplayTheSpireMod:??????????????????????","Shockwave+1","Iron Wave","downfall:Haunted","downfall:Haunted","Juggernaut","Sickly","ReplayTheSpireMod:Restless Dread","ReplayTheSpireMod:Stacked","Perfected Strike+1","Reaper"],"relics":["Burning Blood","NeowsBlessing","FaceOfCleric","Pet Ghost","Thread and Needle","Replay:WaspNest","hubris:DisguiseKit","Kintsugi","TheAbacus","Darkstone Periapt","Replay:Towering Pillar of Hats","Unceasing Top","Pantograph","infinitespire:Lucky Rock","hexamod:BolsterEngine"],"acts_visited":["Exordium","TheCity"],"potions_floor_usage":[18,25,29],"damage_taken":[{"damage":0,"enemies":"Small Slimes","floor":1,"turns":1},{"damage":0,"enemies":"Jaw Worm","floor":2,"turns":1},{"damage":0,"enemies":"Lagavulin","floor":6,"turns":1},{"damage":15,"enemies":"Gremlin Nob","floor":8,"turns":4},{"damage":29,"enemies":"Lagavulin","floor":10,"turns":6},{"damage":0,"enemies":"Cultist","floor":12,"turns":4},{"damage":19,"enemies":"Large Slime","floor":14,"turns":5},{"damage":49,"enemies":"Hexaghost","floor":16,"turns":8},{"damage":32,"enemies":"2 Thieves","floor":18,"turns":5},{"damage":12,"enemies":"Spheric Guardian","floor":20,"turns":5},{"damage":29,"enemies":"3 Cultists","floor":21,"turns":6},{"damage":38,"enemies":"Replay:Snechameleon","floor":23,"turns":5},{"damage":49,"enemies":"Slavers","floor":25,"turns":6},{"damage":24,"enemies":"Shelled Parasite and Fungi","floor":29,"turns":4}],"seed_played":"-7347280940798118455","potions_obtained":[{"floor":1,"key":"Reflective Coating"},{"floor":2,"key":"SteroidPotion"},{"floor":10,"key":"PowerPotion"},{"floor":20,"key":"Languid Potion"}],"is_trial":false,"path_per_floor":["M","M","$","?","?","E","R","E","T","E","R","M","R","M","R","B",null,"M","AVR","M","M","?","E","R","E","T","T","$","M"],"character_chosen":"IRONCLAD","items_purchased":["hexamod:BolsterEngine","SkillPotion","Reaper"],"campfire_rested":3,"item_purchase_floors":[28,28,28],"current_hp_per_floor":[78,80,80,64,64,71,71,63,63,41,65,72,72,60,85,43,75,50,50,45,23,58,27,64,22,22,22,22,0,0],"gold":64,"neow_bonus":"THREE_ENEMY_KILL","is_daily":false,"chose_seed":false,"campfire_upgraded":2,"win_rate":0.0,"timestamp":1613452771,"path_taken":["M","M","$","?","?","E","R","E","T","E","R","?","R","M","R","BOSS","M","AVR","M","M","?","E","R","E","T","?","$","M"],"items_purchased_type":["Relic","Potion","Card"],"build_version":"2020-12-22","purchased_purges":1,"victory":false,"max_hp_per_floor":[80,80,80,80,80,81,81,82,82,83,83,84,84,85,85,86,86,87,87,88,89,124,125,125,126,126,126,126,126,126],"card_choices":[{"not_picked":["Body Slam","Headbutt"],"picked":"Clothesline","floor":1},{"not_picked":["Sentinel","Shrug It Off"],"picked":"Replay:Undeath\u0027s Touch","floor":2},{"not_picked":["Warcry","Second Wind"],"picked":"Exhume","floor":6},{"not_picked":["Sentinel","ReplayTheSpireMod:LeadingStrike"],"picked":"Seeing Red","floor":8},{"not_picked":["Feel No Pain","Run Through"],"picked":"Barricade","floor":10},{"not_picked":["Warcry","ReplayTheSpireMod:Corrosion Curse","Vengeance"],"picked":"Cleave","floor":12},{"not_picked":["Evolve","Perfected Strike","Clothesline"],"picked":"Ragnarok","floor":14},{"not_picked":["Juggernaut","Limit Break","Blasphemy"],"picked":"Eclipse","floor":16},{"not_picked":["Reckless Charge","Cleave","EmptyFist"],"picked":"Pommel Strike","floor":18},{"not_picked":["Run Through","Cleave+1","Protect"],"picked":"Shockwave+1","floor":20},{"not_picked":["Run Through","Rage","Wireheading"],"picked":"Iron Wave","floor":21},{"not_picked":["Dark Embrace","Perfected Strike","Replay:Battleflow"],"picked":"ReplayTheSpireMod:Stacked","floor":23},{"not_picked":["Life Link","ReplayTheSpireMod:Muscle Training","Halt"],"picked":"Perfected Strike+1","floor":25}],"player_experience":86143,"relics_obtained":[{"floor":6,"key":"Pet Ghost"},{"floor":8,"key":"Thread and Needle"},{"floor":9,"key":"Replay:WaspNest"},{"floor":10,"key":"hubris:DisguiseKit"},{"floor":23,"key":"Replay:Towering Pillar of Hats"},{"floor":25,"key":"Unceasing Top"},{"floor":26,"key":"Pantograph"},{"floor":27,"key":"infinitespire:Lucky Rock"}],"event_choices":[{"damage_healed":0,"gold_gain":0,"player_choice":"Entered Light","damage_taken":16,"max_hp_gain":0,"max_hp_loss":0,"event_name":"Shining Light","floor":4,"gold_loss":0,"cards_upgraded":["Defend_R","Replay:Undeath\u0027s Touch"]},{"damage_healed":0,"gold_gain":0,"player_choice":"Trade","damage_taken":0,"relics_obtained":["FaceOfCleric"],"max_hp_gain":0,"max_hp_loss":0,"event_name":"FaceTrader","floor":5,"gold_loss":0}],"is_beta":false,"boss_relics":[{"not_picked":["Replay:Wanted Poster","Sozu"],"picked":"Kintsugi"}],"items_purged_floors":[28],"is_endless":false,"potions_floor_spawned":[1,2,10,20,23],"killed_by":"Shelled Parasite and Fungi","ascension_level":12}}