{"host":"u7lm8z2rvb4dg2oo","time":1613444712,"event":{"mods":["AchievementEnabler","BaseMod","Bestiary","Block Reminder","Colored Map","Colored Powertips","Curses Come First","DeckTracker","Googly Eyes","Highlight Path","Minty Spire (QoL Compilation)","Quick Restart","StSLib"],"gold_per_floor":[119,130,280,280,16,16,16,28,104,104,117,134,163,181,181,255,255,266,85,105,117,117,117],"floor_reached":22,"language":"ENG","playtime":1083,"items_purged":["Doubt","Strike_G"],"score":383,"play_id":"3b9d8b67-97aa-43e1-a19c-733bba629ad7","local_time":"20210215220512","is_ascension_mode":true,"campfire_choices":[{"floor":7,"key":"REST"},{"data":"Bouncing Flask","floor":10,"key":"SMITH"},{"floor":15,"key":"REST"}],"circlet_count":0,"master_deck":["AscendersBane","Strike_G","Strike_G","Strike_G","Strike_G","Defend_G","Defend_G","Defend_G","Defend_G","Defend_G","Survivor","Neutralize","Well Laid Plans","Bouncing Flask+1","Noxious Fumes","Deadly Poison","Bane","Caltrops","Bane","Corpse Explosion","Catalyst"],"relics":["Ring of the Snake","Snake Skull","Art of War","HornCleat","Vajra","Black Star"],"acts_visited":["Exordium","TheCity"],"potions_floor_usage":[8,13,16,22],"damage_taken":[{"damage":5.0,"enemies":"Small Slimes","floor":1.0,"turns":7.0},{"damage":6.0,"enemies":"Jaw Worm","floor":2.0,"turns":7.0},{"damage":0,"enemies":"Cultist","floor":8,"turns":4},{"damage":6,"enemies":"Red Slaver","floor":11,"turns":5},{"damage":0,"enemies":"Looter","floor":12,"turns":2},{"damage":0,"enemies":"Lagavulin","floor":13,"turns":3},{"damage":18,"enemies":"Lots of Slimes","floor":14,"turns":4},{"damage":31,"enemies":"Slime Boss","floor":16,"turns":7},{"damage":20,"enemies":"2 Thieves","floor":18,"turns":3},{"damage":0,"enemies":"3 Byrds","floor":20,"turns":3},{"damage":21,"enemies":"Snake Plant","floor":21,"turns":3},{"damage":25,"enemies":"Shelled Parasite and Fungi","floor":22,"turns":4}],"seed_played":"2284995416810701841","potions_obtained":[{"floor":1.0,"key":"Regen Potion"},{"floor":2.0,"key":"BlessingOfTheForge"},{"floor":12,"key":"SkillPotion"},{"floor":21,"key":"BlessingOfTheForge"}],"is_trial":false,"path_per_floor":["M","M","?","?","$","$","R","M","T","R","M","M","E","M","R","B",null,"M","$","M","M","M"],"character_chosen":"THE_SILENT","items_purchased":["Noxious Fumes","CultistPotion","Catalyst"],"campfire_rested":2,"item_purchase_floors":[5,5,19],"current_hp_per_floor":[54,57,57,39,39,39,58,58,58,58,52,52,52,34,53,22,55,35,35,35,14,0,0],"gold":117,"neow_bonus":"RANDOM_COMMON_RELIC","is_daily":false,"chose_seed":false,"campfire_upgraded":1,"win_rate":0.0,"timestamp":1613444712,"path_taken":["M","M","?","?","$","?","R","M","T","R","?","M","E","M","R","BOSS","M","$","M","M","M"],"items_purchased_type":["Card","Potion","Card"],"build_version":"2020-12-22","purchased_purges":2,"victory":false,"max_hp_per_floor":[66,66,66,66,66,66,66,66,66,66,66,66,66,66,66,66,66,66,66,66,66,66,66],"card_choices":[{"not_picked":["Leg Sweep","Deflect"],"picked":"Well Laid Plans","floor":1.0},{"not_picked":["Slice","Bane"],"picked":"Bouncing Flask","floor":2.0},{"not_picked":["Infinite Blades","Acrobatics"],"picked":"Deadly Poison","floor":8},{"not_picked":["Concentrate","Outmaneuver"],"picked":"Bane","floor":11},{"not_picked":["Prepared","Blade Dance","Deflect"],"picked":"SKIP","floor":12},{"not_picked":["Well Laid Plans","Bane"],"picked":"Caltrops","floor":13},{"not_picked":["Underhanded Strike","Heel Hook"],"picked":"Bane","floor":14},{"not_picked":["Venomology","Grand Finale"],"picked":"Corpse Explosion","floor":16},{"not_picked":["Tactician","Underhanded Strike","Outmaneuver"],"picked":"SKIP","floor":18},{"not_picked":["Quick Slash","Acrobatics+1","Distraction"],"picked":"SKIP","floor":20},{"not_picked":["Setup","Distraction+1","Flying Knee"],"picked":"SKIP","floor":21}],"player_experience":1094611,"relics_obtained":[{"floor":9,"key":"HornCleat"},{"floor":13,"key":"Vajra"}],"event_choices":[{"damage_healed":0.0,"max_hp_gain":0.0,"max_hp_loss":0.0,"gold_gain":150.0,"event_name":"Liars Game","player_choice":"AGREE","floor":3.0,"gold_loss":0.0,"damage_taken":0.0,"cards_obtained":["Doubt"]},{"damage_healed":0.0,"max_hp_gain":0.0,"max_hp_loss":0.0,"gold_gain":0.0,"event_name":"Scrap Ooze","player_choice":"Success","floor":4.0,"gold_loss":0.0,"damage_taken":18.0,"relics_obtained":["Art of War"]}],"is_beta":false,"boss_relics":[{"not_picked":["Velvet Choker","Cursed Key"],"picked":"Black Star"}],"items_purged_floors":[5,19],"is_endless":false,"potions_floor_spawned":[1,2,12,21],"killed_by":"Shelled Parasite and Fungi","ascension_level":16}}