{"host":"KYO","time":1613479997,"event":{"mods":["Act Like it!","Arknights","BaseMod","BetterRewards","Minty Spire (QoL Compilation)","Permanent Neow","Shop Mod","StSLib","SuperFastMode","TestMod","[IsaacMod]以撒尖塔"],"gold_per_floor":[156,156,179,223,281,355,397,475,475,567,597,644,644,684,708,769,769,797,897,941,1000,1059,1059,1086,1141,1141,1184,1586,1612,1741,1767,1837,1863,1958,1984,2010,2112,2234,2300,2326,2352,2378,2474,2914,2940,2966,3052,3093,3119,3145,3171,3216,3276],"floor_reached":40,"language":"ZHS","playtime":1741,"items_purged":["Defend_G","DoctorFetus","Strike_G","Defend_G","Defend_G","Strike_G","Defend_G","Defend_G","Strike_G","Strike_G","Survivor","Strike_G","Neutralize","Parasite","Reflex+1"],"score":3900,"play_id":"33a39d7e-2855-41ff-b8c9-65b56e89cb9c","local_time":"20210216205317","is_ascension_mode":true,"campfire_choices":[{"floor":15.0,"key":"RECALL"},{"data":"1","floor":15,"key":"LIFT"},{"data":"Reflex","floor":32,"key":"SMITH"},{"data":"2","floor":36,"key":"LIFT"}],"circlet_count":11,"master_deck":["AscendersBane","After Image","After Image","Calculated Gamble+1","Calculated Gamble+1","Reflex+1","Well Laid Plans+1"],"relics":["Ring of the Snake","testmod-TestBox","testmod-EqualTreatment","D6","MerchantsRug","TheAbacus","Membership Card","SteamSale","testmod-ArcanaOfDestiny","GuppysHead","testmod-Maize","NineVolt","Oddly Smooth Stone","Omamori","Sling","Bag of Preparation","TwistedFunnel","Calipers","CeramicFish","Nunchaku","OrangePellets","Question Card","Tiny Chest","Molten Egg 2","ClockworkSouvenir","Shuriken","Chemical X","MealTicket","War Paint","CaptainsWheel","BloodDonationMachine","Orichalcum","Bird Faced Urn","DollysMirror","Darkstone Periapt","Lee\u0027s Waffle","Snake Skull","Medical Kit","Toy Ornithopter","White Beast Statue","testmod-TheFather","Bag of Marbles","Meat on the Bone","testmod-Hope","Du-Vu Doll","HandDrill","Boot","Akabeko","Torii","BookOfRevelations","testmod-IndustrialRevolution","DeadEye","BFFS","The Specimen","TheBattery","Pen Nib","BelialBook","Lantern","Ginger","testmod-TurbochargingSystem","Potion Belt","Thread and Needle","Bottled Lightning","Anchor","UnicornStump","TheBible","PokeGo","Cauldron","Art of War","testmod-LifeArmor","Bronze Scales","InkBottle","testmod-Justice","DeathBook","Habit","testmod-Muramasa","AnarchistCookbook","DoctorsRemote","testmod-RainbowHikingShoes","SalivaCoin","Incense Burner","Pocketwatch","Blood Vial","HowToJump","Toxic Egg 2","Prayer Wheel","Ornamental Fan","MoneyPower","PreservedInsect","GnawedLeaf","Happy Flower","Centennial Puzzle","Eternal Feather","Girya","testmod-AssaultLearning","testmod-HeartOfStrike","testmod-OneHitWonder","Vajra","Unceasing Top","GuppysTail","testmod-Acrobat","Juzu Bracelet","testmod-Alchemist","testmod-Charity","Regal Pillow","testmod-Antiphasic","Mummified Hand","GuppysPaw","Frozen Eye","SatanicBible","TheBean","Paper Crane","Whetstone","Dream Catcher","Matryoshka","Ancient Tea Set","YumHeart","SharpPlug","Pantograph","TungstenRod","HornCleat","testmod-CasingShield","testmod-BlackFramedGlasses","testmod-Motorcycle","Sundial","Diplopia","Blue Candle","Letter Opener","testmod-HeartOfDaVinci","Red Skull","ats:Hidden Killer","StrikeDummy","Paper Frog","DataDisk","ats:Attack","ats:Ability Aura","ats:Berate","Gremlin Horn","ats:Arts","ats:Remnant Ash","Frozen Egg 2","ats:Spiritual Recovery","Kunai","ats:Defend","ats:Rhine Circuitry","Runic Capacitor","ats:Bonebreaker","Cables","testmod-Register","Symbiotic Virus","BookofShadows","testmod-IWantAll","Self Forming Clay","testmod-DragonStarHat","PrismaticShard","Gambling Chip","ats:Gyao","testmod-Fortitude","Ice Cream","ats:Assault","Mercury Hourglass","Charon\u0027s Ashes","TuHaoJin","ats:Lavender","ats:Special","ats:Industrial Water Cannon","ats:Military Tradition","Singing Bowl","ats:Snipe","ats:Support","Burning Blood","ats:Omniscience","ats:Emergency Defibrillator","testmod-BouquetWithThorns","Bottled Tornado","testmod-ObsoleteBoomerang","StoneCalendar","ats:Cure","PunchingBag","testmod-Brilliant","Champion Belt","testmod-RealStoneCalender","Void","Cracked Core","BlankCard","Emotion Chip","Shovel","Turnip","testmod-FatalChain","D4","testmod-CrystalShield","ats:Sanity","ats:Originium","EdensBlessing","FossilizedHelix","Lizard Tail","WingedGreaves","testmod-InjuryResistance","Leech","testmod-IntensifyImprint","Tingsha","Tough Bandages","Magic Flower","testmod-Laevatain","Circlet","Strawberry","Pear","MawBank","Old Coin","Black Star","GuppysCollar","GuppysHairball","Smiling Mask","The Courier","Mango"],"acts_visited":["Exordium","TheBeyond","TheEnding"],"potions_floor_usage":[],"damage_taken":[{"damage":0.0,"enemies":"ats:Genji","floor":1.0,"turns":1.0},{"damage":0.0,"enemies":"Small Slimes","floor":5.0,"turns":1.0},{"damage":0.0,"enemies":"Lagavulin","floor":6.0,"turns":1.0},{"damage":0.0,"enemies":"Gremlin Nob","floor":7.0,"turns":1.0},{"damage":0.0,"enemies":"3 Sentries","floor":8.0,"turns":1.0},{"damage":0.0,"enemies":"Jaw Worm","floor":11.0,"turns":1.0},{"damage":0.0,"enemies":"2 Fungi Beasts","floor":12.0,"turns":1.0},{"damage":0.0,"enemies":"Gremlin Nob","floor":14.0,"turns":1.0},{"damage":0.0,"enemies":"Cultist","floor":1.0,"turns":1.0},{"damage":0.0,"enemies":"Small Slimes","floor":2.0,"turns":1.0},{"damage":0.0,"enemies":"Jaw Worm","floor":4.0,"turns":1.0},{"damage":0.0,"enemies":"Hiden Room Battle","floor":5.0,"turns":1.0},{"damage":0.0,"enemies":"Gremlin Nob","floor":6.0,"turns":1.0},{"damage":0.0,"enemies":"3 Louse","floor":7.0,"turns":1.0},{"damage":0.0,"enemies":"3 Sentries","floor":8.0,"turns":1.0},{"damage":0,"enemies":"Large Slime","floor":10,"turns":1},{"damage":0,"enemies":"Gremlin Nob","floor":11,"turns":1},{"damage":0,"enemies":"3 Sentries","floor":13,"turns":1},{"damage":0,"enemies":"Lagavulin","floor":14,"turns":1},{"damage":0,"enemies":"Hexaghost","floor":16,"turns":1},{"damage":0,"enemies":"3 Shapes","floor":18,"turns":1},{"damage":0,"enemies":"Mind Bloom Boss Battle","floor":20,"turns":1},{"damage":0,"enemies":"Giant Head","floor":23,"turns":1},{"damage":0,"enemies":"Nemesis","floor":25,"turns":1},{"damage":0,"enemies":"Reptomancer","floor":29,"turns":1},{"damage":0,"enemies":"Time Eater","floor":33,"turns":1},{"damage":0,"enemies":"Donu and Deca","floor":34,"turns":1},{"damage":0,"enemies":"Shield and Spear","floor":38,"turns":1},{"damage":0,"enemies":"The Heart","floor":39,"turns":1}],"seed_played":"-3824849630045083466","potions_obtained":[{"floor":0.0,"key":"FairyPotion"},{"floor":0.0,"key":"SmokeBomb"},{"floor":0.0,"key":"SneckoOil"},{"floor":0.0,"key":"Fruit Juice"},{"floor":0.0,"key":"EssenceOfSteel"},{"floor":1.0,"key":"DistilledChaos"},{"floor":12.0,"key":"FairyPotion"},{"floor":13,"key":"testmod-TimePotion"}],"is_trial":false,"path_per_floor":["M","?","?","?","M","E","E","E","T","T","M","M","$","E","R","M","M","?","M","?","E","M","E","T","M","E","T","E","E","R","B",null,"M","$","?","?","?","E","T","E","T","T","$","E","?","?","R","B","B",null,"R","$","E","B",null],"character_chosen":"THE_SILENT","items_purchased":["MerchantsRug","TheAbacus","testmod-SpacePotion","Membership Card","Fruit Juice","SteamSale","testmod-ArcanaOfDestiny","GuppysHead","testmod-Maize","NineVolt","Oddly Smooth Stone","Tactician","Omamori","Sling","Bag of Preparation","TwistedFunnel","EntropicBrew","After Image","Fruit Juice","Calipers","Orrery","CeramicFish","Pear","Nunchaku","OrangePellets","Question Card","Tiny Chest","After Image","Calculated Gamble","Molten Egg 2","Strawberry","ClockworkSouvenir","Shuriken","Chemical X","MealTicket","War Paint","CaptainsWheel","testmod-SpacePotion","BloodDonationMachine","Orichalcum","Bird Faced Urn","DollysMirror","Darkstone Periapt","Lee\u0027s Waffle","Snake Skull","Medical Kit","Toy Ornithopter","White Beast Statue","testmod-TheFather","Bag of Marbles","Meat on the Bone","testmod-Hope","Du-Vu Doll","HandDrill","Boot","Akabeko","testmod-SpacePotion","Torii","BookOfRevelations","Reflex","testmod-IndustrialRevolution","DeadEye","BFFS","The Specimen","TheBattery","Pen Nib","BelialBook","Lantern","Ginger","testmod-TurbochargingSystem","testmod-Déjàvu","Potion Belt","testmod-SpacePotion","Thread and Needle","Bottled Lightning","Anchor","UnicornStump","TheBible","PokeGo","Cauldron","Art of War","testmod-LifeArmor","Bronze Scales","InkBottle","testmod-Justice","DeathBook","Habit","testmod-SpacePotion","GhostInAJar","testmod-Muramasa","LiquidBronze","AnarchistCookbook","DoctorsRemote","testmod-RainbowHikingShoes","SalivaCoin","Incense Burner","Pocketwatch","Blood Vial","HowToJump","Toxic Egg 2","Prayer Wheel","Ornamental Fan","MoneyPower","PreservedInsect","GnawedLeaf","Happy Flower","Centennial Puzzle","Eternal Feather","Girya","testmod-AssaultLearning","testmod-HeartOfStrike","testmod-OneHitWonder","Vajra","Unceasing Top","GuppysTail","testmod-Acrobat","Juzu Bracelet","testmod-Alchemist","testmod-Charity","Regal Pillow","testmod-Antiphasic","testmod-TimePotion","Mummified Hand","GuppysPaw","Frozen Eye","SatanicBible","TheBean","Paper Crane","Whetstone","Dream Catcher","Matryoshka","Ancient Tea Set","YumHeart","SharpPlug","Pantograph","TungstenRod","HornCleat","testmod-CasingShield","testmod-BlackFramedGlasses","testmod-Motorcycle","testmod-SpacePotion","Sundial","Diplopia","Blue Candle","Letter Opener","testmod-HeartOfDaVinci","Red Skull","ats:Hidden Killer","StrikeDummy","Paper Frog","DataDisk","ats:Attack","ats:Ability Aura","ats:Berate","Gremlin Horn","ats:Arts","ats:Remnant Ash","Frozen Egg 2","ats:Spiritual Recovery","Kunai","ats:Defend","ats:Rhine Circuitry","Runic Capacitor","ats:Bonebreaker","Cables","testmod-Register","Symbiotic Virus","BookofShadows","testmod-IWantAll","Self Forming Clay","testmod-DragonStarHat","PrismaticShard","Gambling Chip","ats:Gyao","testmod-Fortitude","Ice Cream","ats:Assault","Mercury Hourglass","Charon\u0027s Ashes","TuHaoJin","ats:Lavender","ats:Special","ats:Industrial Water Cannon","ats:Military Tradition","Singing Bowl","ats:Snipe","testmod-SpacePotion","Well Laid Plans+1","ats:Support","Burning Blood","ats:Omniscience","testmod-Faith","Ninja Scroll","Strange Spoon","ats:Emergency Defibrillator","testmod-BouquetWithThorns","Bottled Tornado","testmod-ObsoleteBoomerang","StoneCalendar","ats:Cure","testmod-InfectionSource","testmod-RandomTest","PunchingBag","PillsDrop","testmod-Brilliant","Champion Belt","testmod-RealStoneCalender","Void","Cracked Core","testmod-BalancedPeriapt","testmod-ConstraintPeriapt","BlankCard","Emotion Chip","Brimstone","Shovel","Toolbox","Turnip","testmod-FatalChain","Mango","D4","testmod-CrystalShield","ats:Sanity","ats:Originium","EdensBlessing","FossilizedHelix","Lizard Tail","testmod-CyclicPeriapt","WingedGreaves","testmod-InjuryResistance","Leech","testmod-IntensifyImprint","Tingsha","Damocles","Tough Bandages","ForgetMeNow","Magic Flower","testmod-ThousandKnives","GamblersBrew","GhostInAJar","Ancient Potion","Block Potion","Block Potion","GuppysCollar","GuppysHairball"],"campfire_rested":0,"item_purchase_floors":[0,0,0,0,0,0,0,0,0,0,0,0,0,0,0,0,0,0,0,0,0,0,0,0,0,0,0,0,0,0,0,0,0,0,0,0,0,0,0,0,0,0,0,0,0,0,0,0,0,0,0,0,0,0,0,0,0,0,0,0,0,0,0,0,0,0,0,0,0,0,0,0,0,0,0,0,0,0,0,0,0,0,0,0,0,0,0,0,0,0,0,0,0,0,0,0,0,0,0,0,0,0,0,0,0,0,0,0,0,0,0,0,0,0,0,0,0,0,0,0,0,0,0,0,0,0,0,0,0,0,0,0,0,0,0,0,0,0,0,0,0,0,0,0,0,0,0,0,0,0,0,0,0,0,0,0,0,0,0,0,0,0,0,0,0,0,0,0,0,0,0,0,0,0,0,0,0,0,0,0,0,0,0,0,0,0,0,0,0,0,0,0,0,0,0,0,0,0,0,0,0,0,0,0,0,0,0,0,0,0,0,0,0,0,0,0,0,0,0,0,0,0,0,0,0,0,0,0,0,0,0,0,0,0,0,0,0,0,0,0,0,0,17,17],"current_hp_per_floor":[149,149,150,154,165,175,183,193,198,209,214,220,217,225,230,237,242,247,259,262,269,283,283,288,292,292,295,301,302,307,285,292,293,299,302,303,309,311,315,330,331,332,348,350,351,352,357,359,360,361,362,375,379],"gold":3276,"neow_bonus":"","is_daily":false,"chose_seed":false,"campfire_upgraded":1,"win_rate":0.0,"timestamp":1613479997,"path_taken":["M","?","?","?","M","E","E","E","T","?","M","M","?","E","R","M","M","?","M","?","E","M","E","T","M","E","?","E","E","R","BOSS","M","$","?","?","?","E","?","E","T","?","$","E","?","?","R","BOSS","BOSS","R","$","E","BOSS"],"items_purchased_type":["Relic","Relic","Potion","Relic","Potion","Relic","Relic","Relic","Relic","Relic","Relic","Card","Relic","Relic","Relic","Relic","Potion","Card","Potion","Relic","Relic","Relic","Relic","Relic","Relic","Relic","Relic","Card","Card","Relic","Relic","Relic","Relic","Relic","Relic","Relic","Relic","Potion","Relic","Relic","Relic","Relic","Relic","Relic","Relic","Relic","Relic","Relic","Relic","Relic","Relic","Relic","Relic","Relic","Relic","Relic","Potion","Relic","Relic","Card","Relic","Relic","Relic","Relic","Relic","Relic","Relic","Relic","Relic","Relic","Relic","Relic","Potion","Relic","Relic","Relic","Relic","Relic","Relic","Relic","Relic","Relic","Relic","Relic","Relic","Relic","Relic","Potion","Potion","Relic","Potion","Relic","Relic","Relic","Relic","Relic","Relic","Relic","Relic","Relic","Relic","Relic","Relic","Relic","Relic","Relic","Relic","Relic","Relic","Relic","Relic","Relic","Relic","Relic","Relic","Relic","Relic","Relic","Relic","Relic","Relic","Potion","Relic","Relic","Relic","Relic","Relic","Relic","Relic","Relic","Relic","Relic","Relic","Relic","Relic","Relic","Relic","Relic","Relic","Relic","Potion","Relic","Relic","Relic","Relic","Relic","Relic","Relic","Relic","Relic","Relic","Relic","Relic","Relic","Relic","Relic","Relic","Relic","Relic","Relic","Card","Relic","Relic","Relic","Relic","Relic","Relic","Relic","Relic","Relic","Relic","Relic","Relic","Relic","Relic","Relic","Relic","Relic","Relic","Relic","Relic","Relic","Relic","Relic","Relic","Relic","Potion","Card","Relic","Relic","Relic","Relic","Relic","Relic","Relic","Relic","Relic","Relic","Relic","Relic","Relic","Relic","Relic","Relic","Relic","Relic","Relic","Card","Relic","Relic","Relic","Relic","Relic","Relic","Relic","Relic","Relic","Relic","Relic","Relic","Relic","Relic","Relic","Relic","Relic","Relic","Relic","Relic","Relic","Relic","Relic","Relic","Relic","Relic","Relic","Relic","Relic","Potion","Potion","Potion","Potion","Potion","Relic","Relic"],"build_version":"2020-12-18","purchased_purges":15,"victory":true,"max_hp_per_floor":[149,149,150,158,165,175,183,193,198,209,214,220,217,225,230,237,242,247,259,262,269,283,283,288,292,292,295,301,302,307,285,292,293,299,302,303,309,311,315,330,331,332,348,350,351,352,357,359,360,361,362,375,379],"card_choices":[{"not_picked":[],"picked":"DoctorFetus","floor":0.0},{"not_picked":["Accuracy+1","PiercingWail+1","Terror+1","Dodge and Roll+1"],"picked":"Singing Bowl","floor":0.0},{"not_picked":["Distraction+1","Slice+1","Bomb"],"picked":"Singing Bowl","floor":0.0},{"not_picked":["Crippling Poison+1","Dash+1","Backflip+1"],"picked":"Singing Bowl","floor":0.0},{"not_picked":["Bullet Time+1","Die Die Die+1","Deadly Poison+1"],"picked":"Singing Bowl","floor":0.0},{"not_picked":["Thunderclap+1","Unload+1","ats:Curse Doll+1","Streamline+1"],"picked":"Singing Bowl","floor":1.0},{"not_picked":["BootSequence+1","ats:Soul Absorption+1","ats:Blood Oath+1","ats:Powerful Strike+1"],"picked":"Singing Bowl","floor":1.0},{"not_picked":["Body Slam+1","ats:Demon Strength+1","CutThroughFate+1","ReachHeaven+1"],"picked":"Singing Bowl","floor":5.0},{"not_picked":["Power Through+1","PiercingWail+1","Pray+1","Compile Driver+1"],"picked":"Singing Bowl","floor":5.0},{"not_picked":["Barricade+1","Leap+1","Stack+1","ats:Leaping Hammer+1"],"picked":"Singing Bowl","floor":6.0},{"not_picked":["Iron Wave+1","ats:Poison Spread+1","Sever Soul+1","Barrage+1"],"picked":"Singing Bowl","floor":7.0},{"not_picked":["Bane+1","Ball Lightning+1","ats:Poison Spread+1","Twin Strike+1"],"picked":"Singing Bowl","floor":8.0},{"not_picked":["Defragment+1","Collect+1","Ghostly Armor+1","CutThroughFate+1"],"picked":"Singing Bowl","floor":11.0},{"not_picked":["Slice+1","ats:Leaping Hammer+1","Tempest+1","Backflip+1"],"picked":"Singing Bowl","floor":11.0},{"not_picked":["Tantrum+1","Meditate+1","Berserk+1","Streamline+1"],"picked":"Singing Bowl","floor":12.0},{"not_picked":["Finisher+1","Armaments+1","Dodge and Roll+1","ats:Curse Doll+1"],"picked":"Singing Bowl","floor":12.0},{"not_picked":["Well Laid Plans+1","FollowUp+1","ats:Rapid Magazine+1","Twin Strike+1"],"picked":"Singing Bowl","floor":14.0},{"not_picked":["Sword Boomerang+1","ats:Closed Bolt Burst Fire+1","Battery+1","EmptyFist+1"],"picked":"Singing Bowl","floor":1.0},{"not_picked":["Distribution+1","Cloak And Dagger+1","Auto Shields+1","ReachHeaven+1"],"picked":"Singing Bowl","floor":1.0},{"not_picked":["Poisoned Stab+1","Pray+1","ats:Poison Spread+1","Jack Of All Trades+1"],"picked":"Singing Bowl","floor":2.0},{"not_picked":["Reckless Charge+1","CrushJoints+1","Crescendo+1","Lockon+1"],"picked":"Singing Bowl","floor":2.0},{"not_picked":["Conclude+1","Leap+1","Clothesline+1","FlurryOfBlows+1"],"picked":"Singing Bowl","floor":4.0},{"not_picked":["Finisher+1","Headbutt+1","Wallop+1","ats:Composite Medical Shells+1"],"picked":"Singing Bowl","floor":4.0},{"not_picked":["Infernal Blade+1","Bloodletting+1","Beam Cell+1","Double Energy+1"],"picked":"Singing Bowl","floor":5.0},{"not_picked":["Iron Wave+1","ats:Demon Strength+1","Prepared+1","Thunderclap+1"],"picked":"Singing Bowl","floor":6.0},{"not_picked":["Quick Slash+1","ats:Shell Defense+1","Good Instincts+1","ats:Flexible Camouflage+1"],"picked":"Singing Bowl","floor":7.0},{"not_picked":["Melter+1","Cleave+1","ats:Guard Mode+1","testmod-SelfRegulatingSystem+1"],"picked":"Singing Bowl","floor":7.0},{"not_picked":["Coolheaded+1","Crescendo+1","Disarm+1","Envenom+1"],"picked":"Singing Bowl","floor":8.0},{"not_picked":["ats:Apocalypse+1","Halt+1","ats:Rapid Magazine+1","Steam+1"],"picked":"Singing Bowl","floor":10},{"not_picked":["Twin Strike+1","BootSequence+1","ats:Consecutive Shot Auto+1","Compile Driver+1"],"picked":"Singing Bowl","floor":10},{"not_picked":["ats:Explosion Area Strengthen+1","Crescendo+1","Crippling Poison+1","ats:Phantom+1"],"picked":"Singing Bowl","floor":11},{"not_picked":["ats:Burning Ground+1","ForeignInfluence+1","testmod-Reproduce+1","Flechettes+1"],"picked":"Singing Bowl","floor":13},{"not_picked":["Fire Breathing+1","Terror+1","ats:Song Of Battle+1","Cancel+1"],"picked":"Singing Bowl","floor":14},{"not_picked":["Panache+1","Metamorphosis+1","Buffer+1","ats:Nebulous Foxfire+1"],"picked":"Singing Bowl","floor":16},{"not_picked":["Leap+1","ForeignInfluence+1","ats:Very Hot Blade+1","Clothesline+1"],"picked":"Singing Bowl","floor":18},{"not_picked":["Flechettes+1","Sweeping Beam+1","Underhanded Strike+1","Blade Dance+1"],"picked":"Singing Bowl","floor":18},{"not_picked":["ats:Explosion Area Strengthen+1","Pulse+1","Backstab+1","Go for the Eyes+1"],"picked":"Singing Bowl","floor":20},{"not_picked":["EpicFetus+1","Bandage Up+1","Bomb","testmod-Reverberation+1"],"picked":"Singing Bowl","floor":21},{"not_picked":["ats:Assault Order+1","Dramatic Entrance+1","ats:Directed Diagnosis+1","Shockwave+1"],"picked":"Singing Bowl","floor":23},{"not_picked":["Leap+1","testmod-FightingIntention+1","Choke+1","JustLucky+1"],"picked":"Singing Bowl","floor":25},{"not_picked":["Streamline+1","HandOfGreed+1","Prepared+1","Underhanded Strike+1"],"picked":"Singing Bowl","floor":29},{"not_picked":["BowlingBash+1","Barrage+1","ats:Leaping Hammer+1","CrushJoints+1"],"picked":"Singing Bowl","floor":38}],"player_experience":795248,"relics_obtained":[{"floor":6.0,"key":"Circlet"},{"floor":7.0,"key":"Circlet"},{"floor":8.0,"key":"Circlet"},{"floor":9.0,"key":"Circlet"},{"floor":10.0,"key":"Circlet"},{"floor":10.0,"key":"Circlet"},{"floor":14.0,"key":"Circlet"},{"floor":5.0,"key":"Strawberry"},{"floor":8.0,"key":"Pear"},{"floor":13,"key":"MawBank"},{"floor":14,"key":"Old Coin"},{"floor":23,"key":"Smiling Mask"},{"floor":24,"key":"The Courier"},{"floor":26,"key":"Mango"},{"floor":29,"key":"Circlet"},{"floor":29,"key":"Circlet"},{"floor":38,"key":"Circlet"},{"floor":38,"key":"Circlet"}],"event_choices":[{"damage_healed":0.0,"max_hp_gain":0.0,"max_hp_loss":0.0,"gold_gain":0.0,"event_name":"Liars Game","player_choice":"Ignored","floor":2.0,"gold_loss":0.0,"damage_taken":0.0},{"damage_healed":0.0,"max_hp_gain":0.0,"max_hp_loss":0.0,"gold_gain":0.0,"event_name":"Scrap Ooze","player_choice":"Success","floor":4.0,"gold_loss":0.0,"damage_taken":5.0,"relics_obtained":["testmod-Laevatain"]},{"damage_healed":0.0,"max_hp_gain":5.0,"max_hp_loss":0.0,"gold_gain":0.0,"event_name":"Big Fish","player_choice":"Donut","floor":3.0,"gold_loss":0.0,"damage_taken":0.0},{"damage_healed":0.0,"max_hp_gain":0.0,"max_hp_loss":0.0,"gold_gain":0.0,"event_name":"HidenRoomEvent","player_choice":"Fight","floor":5.0,"gold_loss":0.0,"damage_taken":0.0},{"damage_healed":0,"gold_gain":0,"player_choice":"Fight","damage_taken":0,"max_hp_gain":0,"max_hp_loss":0,"event_name":"MindBloom","floor":20,"gold_loss":0},{"damage_healed":0,"gold_gain":0,"player_choice":"Memory 1","damage_taken":0,"max_hp_gain":0,"max_hp_loss":0,"event_name":"SensoryStone","floor":21,"gold_loss":0},{"cards_removed":["Tactician"],"damage_healed":0,"gold_gain":0,"player_choice":"Removed Skill","damage_taken":0,"max_hp_gain":0,"max_hp_loss":0,"event_name":"Falling","floor":22,"gold_loss":0},{"damage_healed":0,"gold_gain":400,"player_choice":"Sell","damage_taken":0,"max_hp_gain":0,"max_hp_loss":0,"event_name":"恩洛斯的盘子","floor":30,"relics_lost":["HushsDoor"],"gold_loss":0},{"damage_healed":0,"gold_gain":0,"player_choice":"Ignored","damage_taken":0,"max_hp_gain":0,"max_hp_loss":0,"event_name":"Tomb of Lord Red Mask","floor":31,"gold_loss":0}],"is_beta":true,"boss_relics":[{"not_picked":["Pandora\u0027s Box","ChampionBelt"],"picked":"Black Star"},{"not_picked":[]}],"items_purged_floors":[0,0,0,0,0,0,0,0,0,0,0,0,0,13,37],"is_endless":false,"potions_floor_spawned":[1,5,6,7,8,11,12,14,1,2,4,5,6,7,8,10,11,13,14,16,18,20,23,25,29,38],"ascension_level":20}}