{"host":"fuszjwm6fqgjjp4d","time":1613450788,"event":{"mods":["BaseMod","Colored Map","Minty Spire (QoL Compilation)","Permanent Neow","Relic Sorter","Relic Stats","StSLib"],"gold_per_floor":[118,135,47,47,60,60,87,99,99,117,143,143,177,196,196,269,269,279,293,73,92,108,138,151,183,183,213,213,225,241,272,272,347,347,360,93,142,142,153,179,179,204,204,204,229,229,239,266,266,266,266,266,266,39,65,65],"floor_reached":57,"language":"ENG","playtime":2561,"items_purged":["Strike_G","Defend_G"],"score":3094,"play_id":"6b4701c5-9902-4031-971d-2d517bb052ac","local_time":"20210215224628","is_ascension_mode":true,"campfire_choices":[{"data":"Wraith Form v2","floor":6.0,"key":"SMITH"},{"data":"Blade Dance","floor":12.0,"key":"SMITH"},{"data":"Blade Dance","floor":15.0,"key":"SMITH"},{"data":"After Image","floor":28.0,"key":"SMITH"},{"data":"Blade Dance","floor":32.0,"key":"SMITH"},{"data":"Accuracy","floor":41.0,"key":"SMITH"},{"floor":44.0,"key":"RECALL"},{"data":"Accuracy","floor":46.0,"key":"SMITH"},{"data":"Adrenaline","floor":49.0,"key":"SMITH"},{"data":"Finisher","floor":53.0,"key":"SMITH"}],"circlet_count":0,"master_deck":["AscendersBane","Strike_G","Strike_G","Strike_G","Strike_G","Defend_G","Defend_G","Defend_G","Survivor","Neutralize","Wraith Form v2+1","Blade Dance+1","Quick Slash","Wraith Form v2","Flying Knee","Blade Dance+1","Calculated Gamble","Dash","After Image+1","Accuracy+1","Cloak And Dagger","Accuracy+1","Adrenaline+1","Choke+1","PiercingWail","Blade Dance+1","Blade Dance","A Thousand Cuts","Blade Dance","Finisher+1","PiercingWail+1","Cloak And Dagger","Backflip+1","Blade Dance","Quick Slash"],"relics":["Ring of the Snake","Thread and Needle","Ornamental Fan","Bottled Tornado","Pocketwatch","Eternal Feather","Sozu","Membership Card","Snake Skull","Centennial Puzzle","Gremlin Horn","Paper Crane","Red Mask","Runic Dome","Mercury Hourglass","Lee\u0027s Waffle","Prayer Wheel","Ninja Scroll","White Beast Statue","Oddly Smooth Stone","Incense Burner","Kunai","OrangePellets","Nunchaku"],"acts_visited":["Exordium","TheCity","TheBeyond","TheEnding"],"potions_floor_usage":[],"damage_taken":[{"damage":4.0,"enemies":"Cultist","floor":1.0,"turns":5.0},{"damage":7.0,"enemies":"Small Slimes","floor":2.0,"turns":3.0},{"damage":0.0,"enemies":"2 Louse","floor":5.0,"turns":5.0},{"damage":15.0,"enemies":"Lagavulin","floor":7.0,"turns":7.0},{"damage":0.0,"enemies":"2 Fungi Beasts","floor":8.0,"turns":3.0},{"damage":0.0,"enemies":"Blue Slaver","floor":10.0,"turns":5.0},{"damage":4.0,"enemies":"3 Sentries","floor":11.0,"turns":7.0},{"damage":0.0,"enemies":"Gremlin Nob","floor":13.0,"turns":4.0},{"damage":0.0,"enemies":"Red Slaver","floor":14.0,"turns":2.0},{"damage":2.0,"enemies":"The Guardian","floor":16.0,"turns":16.0},{"damage":0.0,"enemies":"3 Byrds","floor":18.0,"turns":7.0},{"damage":0.0,"enemies":"Spheric Guardian","floor":19.0,"turns":4.0},{"damage":23.0,"enemies":"Snake Plant","floor":21.0,"turns":6.0},{"damage":0.0,"enemies":"Snecko","floor":22.0,"turns":3.0},{"damage":10.0,"enemies":"Slavers","floor":23.0,"turns":6.0},{"damage":0.0,"enemies":"Centurion and Healer","floor":24.0,"turns":6.0},{"damage":15.0,"enemies":"Book of Stabbing","floor":25.0,"turns":5.0},{"damage":0.0,"enemies":"Slavers","floor":27.0,"turns":6.0},{"damage":0.0,"enemies":"Shelled Parasite and Fungi","floor":29.0,"turns":5.0},{"damage":0.0,"enemies":"Cultist and Chosen","floor":30.0,"turns":3.0},{"damage":0.0,"enemies":"Masked Bandits","floor":31.0,"turns":3.0},{"damage":10.0,"enemies":"Champ","floor":33.0,"turns":13.0},{"damage":0.0,"enemies":"3 Shapes","floor":35.0,"turns":6.0},{"damage":0.0,"enemies":"2 Orb Walkers","floor":37.0,"turns":4.0},{"damage":0.0,"enemies":"3 Darklings","floor":39.0,"turns":3.0},{"damage":3.0,"enemies":"Reptomancer","floor":40.0,"turns":4.0},{"damage":22.0,"enemies":"Nemesis","floor":42.0,"turns":5.0},{"damage":0.0,"enemies":"Maw","floor":47.0,"turns":5.0},{"damage":0.0,"enemies":"Giant Head","floor":48.0,"turns":4.0},{"damage":2.0,"enemies":"Donu and Deca","floor":50.0,"turns":8.0},{"damage":6.0,"enemies":"Awakened One","floor":51.0,"turns":11.0},{"damage":0,"enemies":"Shield and Spear","floor":55,"turns":7},{"damage":66,"enemies":"The Heart","floor":56,"turns":10}],"seed_played":"-2793057136996031378","potions_obtained":[{"floor":2.0,"key":"Regen Potion"},{"floor":5.0,"key":"Strength Potion"},{"floor":7.0,"key":"CultistPotion"},{"floor":8.0,"key":"Weak Potion"}],"is_trial":false,"path_per_floor":["M","M","$","T","M","R","E","M","T","M","E","R","E","M","R","B",null,"M","M","$","M","M","E","M","E","T","E","R","M","M","?","R","B",null,"M","$","?","?","M","E","R","E","T","R","T","R","M","E","R","B","B",null,"R","$","E","B",null],"character_chosen":"THE_SILENT","items_purchased":["Wraith Form v2","Membership Card","Accuracy","Mercury Hourglass","Lee\u0027s Waffle","Kunai","OrangePellets"],"campfire_rested":0,"item_purchase_floors":[3,20,20,36,36,54,54],"current_hp_per_floor":[55,48,48,48,48,48,48,48,48,48,44,44,44,44,56,54,63,63,63,63,40,40,30,30,15,15,15,30,30,30,30,45,35,58,58,73,73,73,73,70,73,51,51,69,69,73,73,73,73,71,65,71,73,73,73,7],"gold":65,"neow_bonus":"ONE_RANDOM_RARE_CARD","is_daily":false,"chose_seed":false,"campfire_upgraded":9,"win_rate":0.0,"timestamp":1613450788,"path_taken":["M","M","$","?","M","R","E","M","T","M","E","R","E","M","R","BOSS","M","M","$","M","M","E","M","E","T","E","R","?","M","?","R","BOSS","M","$","?","?","M","E","R","E","T","R","?","R","M","E","R","BOSS","BOSS","R","$","E","BOSS"],"items_purchased_type":["Card","Relic","Card","Relic","Relic","Relic","Relic"],"build_version":"2020-12-22","purchased_purges":2,"victory":true,"max_hp_per_floor":[66,66,66,66,66,66,66,66,66,66,66,66,66,66,66,66,66,66,66,66,66,66,66,66,66,66,66,66,66,66,66,66,66,66,66,73,73,73,73,73,73,73,73,73,73,73,73,73,73,73,73,73,73,73,73,73],"relic_stats":{"Lee\u0027s Waffle":15,"Gremlin Horn":[20,20],"counters":[33,191],"Eternal Feather":69,"Snake Skull":[0],"Mercury Hourglass":[227],"Sozu":12,"OrangePellets":[7],"Centennial Puzzle":[16],"Nunchaku":[5],"Ornamental Fan":[836],"Prayer Wheel":2,"Kunai":[27],"obtain_stats":[{"Lee\u0027s Waffle":36,"Gremlin Horn":26,"Oddly Smooth Stone":45,"Thread and Needle":4,"Eternal Feather":13,"Snake Skull":23,"Incense Burner":48,"Bottled Tornado":9,"Paper Crane":27,"White Beast Statue":42,"Mercury Hourglass":36,"Sozu":17,"Runic Dome":34,"OrangePellets":54,"Centennial Puzzle":25,"Nunchaku":55,"Ornamental Fan":7,"Ninja Scroll":40,"Prayer Wheel":37,"Red Mask":31,"Membership Card":20,"Kunai":54,"Ring of the Snake":0,"Pocketwatch":11},{"Lee\u0027s Waffle":23,"Gremlin Horn":17,"Oddly Smooth Stone":27,"Thread and Needle":2,"Eternal Feather":8,"Snake Skull":15,"Incense Burner":29,"Bottled Tornado":5,"Paper Crane":18,"White Beast Statue":27,"Mercury Hourglass":23,"Sozu":10,"Runic Dome":22,"OrangePellets":31,"Centennial Puzzle":17,"Nunchaku":32,"Ornamental Fan":4,"Ninja Scroll":26,"Prayer Wheel":24,"Red Mask":21,"Membership Card":12,"Kunai":31,"Ring of the Snake":0,"Pocketwatch":7},{"Lee\u0027s Waffle":130,"Gremlin Horn":94,"Oddly Smooth Stone":146,"Thread and Needle":8,"Eternal Feather":39,"Snake Skull":83,"Incense Burner":155,"Bottled Tornado":23,"Paper Crane":100,"White Beast Statue":146,"Mercury Hourglass":130,"Sozu":57,"Runic Dome":124,"OrangePellets":174,"Centennial Puzzle":94,"Nunchaku":181,"Ornamental Fan":20,"Ninja Scroll":141,"Prayer Wheel":134,"Red Mask":111,"Membership Card":68,"Kunai":174,"Ring of the Snake":0,"Pocketwatch":35}],"Ring of the Snake":[66],"Pocketwatch":[92]},"card_choices":[{"not_picked":["Quick Slash","Acrobatics"],"picked":"Blade Dance","floor":1.0},{"not_picked":["Calculated Gamble","Deflect"],"picked":"Quick Slash","floor":2.0},{"not_picked":["Flechettes","Catalyst"],"picked":"Flying Knee","floor":5.0},{"not_picked":["Slice","Caltrops"],"picked":"Blade Dance","floor":7.0},{"not_picked":["Dagger Throw","Masterful Stab"],"picked":"Calculated Gamble","floor":8.0},{"not_picked":["Bane","Slice","Underhanded Strike"],"picked":"SKIP","floor":10.0},{"not_picked":["Dodge and Roll","Dagger Throw"],"picked":"Dash","floor":11.0},{"not_picked":["Expertise","Poisoned Stab","Acrobatics"],"picked":"SKIP","floor":13.0},{"not_picked":["Dodge and Roll","Acrobatics","Bane"],"picked":"SKIP","floor":14.0},{"not_picked":["Venomology","Envenom"],"picked":"After Image","floor":16.0},{"not_picked":["Quick Slash","Blade Dance"],"picked":"Accuracy","floor":18.0},{"not_picked":["Quick Slash","Calculated Gamble+1"],"picked":"Cloak And Dagger","floor":19.0},{"not_picked":["Quick Slash","Choke"],"picked":"Adrenaline","floor":21.0},{"not_picked":["Bane+1","Dodge and Roll"],"picked":"Choke+1","floor":22.0},{"not_picked":["Venomology","Poisoned Stab","Underhanded Strike"],"picked":"SKIP","floor":23.0},{"not_picked":["Quick Slash","Underhanded Strike","Flying Knee"],"picked":"SKIP","floor":24.0},{"not_picked":["Flying Knee","Outmaneuver","Bane"],"picked":"SKIP","floor":25.0},{"not_picked":["Quick Slash","Choke"],"picked":"PiercingWail","floor":27.0},{"not_picked":["Deadly Poison","Glass Knife"],"picked":"Blade Dance","floor":29.0},{"not_picked":["Endless Agony","Acrobatics"],"picked":"Blade Dance","floor":30.0},{"not_picked":["Adrenaline","Wraith Form v2"],"picked":"A Thousand Cuts","floor":33.0},{"not_picked":["Accuracy","Underhanded Strike+1"],"picked":"Blade Dance","floor":35.0},{"not_picked":["Deflect+1","Dash"],"picked":"Finisher","floor":37.0},{"not_picked":["Poisoned Stab","Acrobatics","Slice+1"],"picked":"SKIP","floor":39.0},{"not_picked":["Outmaneuver","Backstab","Choke"],"picked":"SKIP","floor":39.0},{"not_picked":["Tools of the Trade","Accuracy"],"picked":"PiercingWail+1","floor":40.0},{"not_picked":["Leg Sweep","Distraction+1","Reflex"],"picked":"SKIP","floor":42.0},{"not_picked":["Catalyst","Prepared"],"picked":"Cloak And Dagger","floor":47.0},{"not_picked":["Calculated Gamble","Flying Knee"],"picked":"Backflip+1","floor":47.0},{"not_picked":["Crippling Poison","Backflip+1"],"picked":"Blade Dance","floor":48.0},{"not_picked":["Expertise","Flechettes"],"picked":"Quick Slash","floor":55}],"player_experience":1485991,"relics_obtained":[{"floor":4.0,"key":"Thread and Needle"},{"floor":7.0,"key":"Ornamental Fan"},{"floor":9.0,"key":"Bottled Tornado"},{"floor":11.0,"key":"Pocketwatch"},{"floor":13.0,"key":"Eternal Feather"},{"floor":23.0,"key":"Snake Skull"},{"floor":25.0,"key":"Centennial Puzzle"},{"floor":26.0,"key":"Gremlin Horn"},{"floor":27.0,"key":"Paper Crane"},{"floor":31.0,"key":"Red Mask"},{"floor":37.0,"key":"Prayer Wheel"},{"floor":40.0,"key":"Ninja Scroll"},{"floor":42.0,"key":"White Beast Statue"},{"floor":45.0,"key":"Oddly Smooth Stone"},{"floor":48.0,"key":"Incense Burner"},{"floor":55,"key":"Nunchaku"}],"event_choices":[{"damage_healed":0.0,"max_hp_gain":0.0,"max_hp_loss":0.0,"gold_gain":0.0,"event_name":"Masked Bandits","player_choice":"Fought Bandits","floor":31.0,"gold_loss":0.0,"damage_taken":0.0},{"damage_healed":0.0,"max_hp_gain":0.0,"max_hp_loss":0.0,"gold_gain":0.0,"event_name":"Mysterious Sphere","player_choice":"Fight","floor":37.0,"gold_loss":0.0,"damage_taken":0.0},{"cards_removed":["Defend_G"],"damage_healed":0.0,"max_hp_gain":0.0,"max_hp_loss":0.0,"gold_gain":0.0,"event_name":"Falling","player_choice":"Removed Skill","floor":38.0,"gold_loss":0.0,"damage_taken":0.0}],"is_beta":false,"boss_relics":[{"not_picked":["Snecko Eye","Astrolabe"],"picked":"Sozu"},{"not_picked":["Pandora\u0027s Box","Calling Bell"],"picked":"Runic Dome"}],"items_purged_floors":[20,36],"is_endless":false,"potions_floor_spawned":[2,5,7,8,21,24,25,29,30,33,37,40,42,47,48,55],"ascension_level":20}}