{"host":"grpjhwjd167m6b3a","time":1613459689,"event":{"mods":["BaseMod","Bossed Relics","LagranYue(拉格朗・月)","Minty Spire (QoL Compilation)","Prisma Mod","Reliquary","SOS（斯巴达之子）","StSLib","The Alterego","The Saiyan","The Senshi"],"gold_per_floor":[114,114,129,129,156,168,195,222,234,216,243,255,282,309,321,433,445,472,484,511,438,465,188,203,203,228,258,258,273,288,303,303,403,403,418,433,448,448,463,463,478,493,493,508,548,563,578,14,14,14],"floor_reached":51,"language":"ZHS","playtime":3665,"items_purged":["theSenshi:SailorV"],"score":773,"play_id":"962f47b0-cb45-4bf7-873f-3d27f4ec3726","local_time":"20210216171449","daily_mods":["Specialized","Vintage","Lethality"],"is_ascension_mode":false,"campfire_choices":[{"floor":6,"key":"REST"},{"floor":12,"key":"REST"},{"floor":15,"key":"REST"},{"floor":25,"key":"REST"},{"floor":28,"key":"REST"},{"data":"theSenshi:MoonCrisisMakeUp","floor":32,"key":"SMITH"},{"floor":40,"key":"REST"},{"floor":49,"key":"REST"}],"circlet_count":0,"master_deck":["theSenshi:SailorKick","theSenshi:SailorKick","theSenshi:SailorKick","theSenshi:SailorKick","theSenshi:SailorBlock","theSenshi:SailorBlock","theSenshi:SailorBlock","theSenshi:SailorBlock","theSenshi:RoseThrow","theSenshi:MoonPrismPowerMakeUp","theSenshi:SailorV","theSenshi:SailorV","theSenshi:SailorV","theSenshi:SailorV+1","theSenshi:SchoolBag","theSenshi:DramaticEntrance","theSenshi:MoonCosmicPowerMakeUp","theSenshi:MoonPunch+1","theSenshi:TallSilhouette","theSenshi:MoonHealingEscalation+1","theSenshi:MoonPrincessHalation","theSenshi:SailorSaturnAssists","theSenshi:SteeledNerves","theSenshi:SailorJupiterAssists","Finesse","theSenshi:MercurysCunning+1","theSenshi:MoonCrisisMakeUp+1","theSenshi:DramaticEntrance+1","theSenshi:SilverCrystal","Parasite","theSenshi:SailorPlanetAttack+1","theSenshi:MoonsReflection","theSenshi:MoonGorgeousMeditation","theSenshi:MoonCosmicPowerMakeUp","theSenshi:TallSilhouette","theSenshi:MoonKick+1"],"relics":["theSenshi:TransformationBroochRelic","LagranYue:RandomDrawCardRelic","theSenshi:TiaraRelic","Question Card","MawBank","Bottled Tornado","theSenshi:HolyGrailRelic","PreservedInsect","Boot","Dream Catcher","Art of War","Orichalcum","LagranYue:SoulBurningRelic","Lizard Tail","alterego_mod:SomeoneToFightFor","War Paint","reliquary:PorcupineQuills","Nunchaku","theSenshi:CrystalStarRelic","Whetstone","Sundial","Strawberry","Matryoshka","LagranYue:MagicReflectiveArmorRelic","Fusion Hammer","Vajra","theSenshi:SailorFukuRelic","Smiling Mask","Happy Flower","Toy Ornithopter","Blood Vial","Oddly Smooth Stone","Letter Opener","Incense Burner","theSenshi:HolyMoonChaliceRelic","reliquary:WeakTea","Singing Bowl","Mummified Hand"],"acts_visited":["Exordium","TheCity","TheBeyond"],"potions_floor_usage":[8,13,13,16,16,27,27,27,27,27,35,50,50,50],"damage_taken":[{"damage":16,"enemies":"Small Slimes","floor":1,"turns":4},{"damage":14,"enemies":"Jaw Worm","floor":3,"turns":3},{"damage":0,"enemies":"Cultist","floor":5,"turns":2},{"damage":2,"enemies":"3 Louse","floor":7,"turns":4},{"damage":12,"enemies":"2 Fungi Beasts","floor":8,"turns":4},{"damage":13,"enemies":"Exordium Wildlife","floor":11,"turns":3},{"damage":40,"enemies":"Gremlin Gang","floor":13,"turns":9},{"damage":14,"enemies":"2 Fungi Beasts","floor":14,"turns":5},{"damage":26,"enemies":"The Guardian","floor":16,"turns":9},{"damage":3,"enemies":"Shell Parasite","floor":18,"turns":4},{"damage":17,"enemies":"Spheric Guardian","floor":20,"turns":4},{"damage":21,"enemies":"Snake Plant","floor":22,"turns":5},{"damage":60,"enemies":"Shelled Parasite and Fungi","floor":24,"turns":6},{"damage":47,"enemies":"Gremlin Leader","floor":27,"turns":6},{"damage":40,"enemies":"Cultist and Chosen","floor":29,"turns":8},{"damage":16,"enemies":"Centurion and Healer","floor":30,"turns":8},{"damage":38,"enemies":"Snake Plant","floor":31,"turns":6},{"damage":0,"enemies":"Champ","floor":33,"turns":16},{"damage":43,"enemies":"3 Darklings","floor":35,"turns":7},{"damage":1,"enemies":"Orb Walker","floor":36,"turns":4},{"damage":18,"enemies":"Writhing Mass","floor":37,"turns":8},{"damage":40,"enemies":"Maw","floor":39,"turns":11},{"damage":0,"enemies":"Spire Growth","floor":41,"turns":5},{"damage":30,"enemies":"4 Shapes","floor":42,"turns":8},{"damage":16,"enemies":"Sphere and 2 Shapes","floor":44,"turns":6},{"damage":56,"enemies":"2 Orb Walkers","floor":45,"turns":5},{"damage":14,"enemies":"Spire Growth","floor":46,"turns":5},{"damage":20,"enemies":"Jaw Worm Horde","floor":47,"turns":8},{"damage":53,"enemies":"Donu and Deca","floor":50,"turns":10}],"seed_played":"2711566965655028651","potions_obtained":[{"floor":1,"key":"AttackPotion"},{"floor":5,"key":"FearPotion"},{"floor":10,"key":"AttackPotion"},{"floor":10,"key":"DistilledChaos"},{"floor":11,"key":"Block Potion"},{"floor":13,"key":"ColorlessPotion"},{"floor":20,"key":"FearPotion"},{"floor":22,"key":"FearPotion"},{"floor":30,"key":"Weak Potion"},{"floor":31,"key":"LiquidBronze"},{"floor":33,"key":"EssenceOfSteel"},{"floor":41,"key":"BlessingOfTheForge"},{"floor":45,"key":"Regen Potion"}],"is_trial":false,"path_per_floor":["M","?","M","T","M","R","M","M","T","?","M","R","M","M","R","B",null,"M","?","M","?","M","$","M","R","T","E","R","M","M","M","R","B",null,"M","M","M","?","M","R","M","M","T","M","?","M","M","$","R","B",null],"character_chosen":"THE_SENSHI","items_purchased":["theSenshi:SteeledNerves","theSenshi:SailorJupiterAssists","Finesse","EntropicBrew","Mummified Hand","theSenshi:MoonGorgeousMeditation","theSenshi:MoonCosmicPowerMakeUp","theSenshi:TallSilhouette"],"campfire_rested":7,"item_purchase_floors":[23,23,23,23,48,48,48,48],"current_hp_per_floor":[59,59,45,45,45,67,65,53,53,53,40,62,32,23,45,29,75,75,75,68,68,55,55,29,50,50,46,67,63,82,74,74,82,82,75,82,79,79,42,65,82,67,67,65,36,45,70,70,82,82],"gold":14,"neow_bonus":"","is_daily":true,"chose_seed":false,"campfire_upgraded":1,"win_rate":0.0,"timestamp":1613459689,"path_taken":["M","?","M","?","M","R","M","M","T","?","?","R","M","M","R","BOSS","M","?","M","?","M","?","?","R","T","E","R","M","M","M","R","BOSS","M","M","M","?","M","R","M","M","T","M","?","M","?","$","R","BOSS"],"items_purchased_type":["Card","Card","Card","Potion","Relic","Card","Card","Card"],"build_version":"2020-12-22","purchased_purges":1,"victory":true,"max_hp_per_floor":[75,75,75,75,75,75,75,75,75,75,75,75,75,75,75,75,75,75,75,75,75,75,75,75,75,75,75,75,82,82,82,82,82,82,82,82,82,82,82,82,82,82,82,82,82,82,82,82,82,82],"card_choices":[{"not_picked":["theSenshi:MoonsReflection","theSenshi:CrisisMakeUp","theSenshi:Sidestep"],"picked":"theSenshi:MoonHealingEscalation","floor":12},{"not_picked":["theSenshi:DramaticEntrance","theSenshi:LunaWiseMentor","theSenshi:SailorMercuryAssists"],"picked":"theSenshi:MoonPrincessHalation","floor":15},{"not_picked":["theSenshi:SailorCosmosAssists","theSenshi:JupitersPower","theSenshi:InTheNameOfTheMoon"],"picked":"theSenshi:SailorSaturnAssists","floor":16},{"not_picked":["theSenshi:SchoolBag","theSenshi:MoonPunch","theSenshi:MoonSpiralHeartAttack"],"picked":"theSenshi:MercurysCunning","floor":25},{"not_picked":["theSenshi:SailorJupiterAssists","theSenshi:MoonTiaraMagic+1","theSenshi:SteeledNerves"],"picked":"theSenshi:MoonCrisisMakeUp","floor":27},{"not_picked":["theSenshi:MoonTiaraMagic","theSenshi:LunasBite","theSenshi:SailorMercuryAssists"],"picked":"theSenshi:DramaticEntrance+1","floor":28},{"not_picked":["theSenshi:MoonGorgeousMeditation","theSenshi:StarlightHoneymoonTherapyKiss","theSenshi:SailorCosmosAssists"],"picked":"theSenshi:SilverCrystal","floor":33},{"not_picked":["theSenshi:TallSilhouette","theSenshi:SailorChibiMoonAssists+1","theSenshi:SailorStarFighterAssists"],"picked":"theSenshi:SailorPlanetAttack+1","floor":40},{"not_picked":["theSenshi:HesSoDreamy","theSenshi:SailorVenusAssists","theSenshi:InTheNickOfTime"],"picked":"theSenshi:MoonsReflection","floor":45},{"not_picked":["theSenshi:LateForSchool+1","theSenshi:SupersonicWaves","theSenshi:Sidestep"],"picked":"theSenshi:MoonKick+1","floor":49}],"player_experience":309552,"relics_obtained":[{"floor":1,"key":"theSenshi:TiaraRelic"},{"floor":3,"key":"Question Card"},{"floor":4,"key":"MawBank"},{"floor":5,"key":"Bottled Tornado"},{"floor":7,"key":"theSenshi:HolyGrailRelic"},{"floor":8,"key":"PreservedInsect"},{"floor":9,"key":"Boot"},{"floor":11,"key":"Dream Catcher"},{"floor":13,"key":"Art of War"},{"floor":14,"key":"Orichalcum"},{"floor":18,"key":"Lizard Tail"},{"floor":20,"key":"War Paint"},{"floor":22,"key":"Nunchaku"},{"floor":24,"key":"theSenshi:CrystalStarRelic"},{"floor":26,"key":"Whetstone"},{"floor":27,"key":"Sundial"},{"floor":29,"key":"Strawberry"},{"floor":30,"key":"Matryoshka"},{"floor":31,"key":"LagranYue:MagicReflectiveArmorRelic"},{"floor":35,"key":"Vajra"},{"floor":36,"key":"theSenshi:SailorFukuRelic"},{"floor":37,"key":"Smiling Mask"},{"floor":39,"key":"Happy Flower"},{"floor":41,"key":"Toy Ornithopter"},{"floor":42,"key":"Blood Vial"},{"floor":43,"key":"Oddly Smooth Stone"},{"floor":43,"key":"Letter Opener"},{"floor":44,"key":"Incense Burner"},{"floor":45,"key":"theSenshi:HolyMoonChaliceRelic"},{"floor":46,"key":"reliquary:WeakTea"},{"floor":47,"key":"Singing Bowl"}],"event_choices":[{"damage_healed":0,"gold_gain":0,"player_choice":"Bought 2 Potions","damage_taken":0,"max_hp_gain":0,"max_hp_loss":0,"event_name":"The Woman in Blue","floor":10,"gold_loss":0},{"damage_healed":0,"gold_gain":0,"player_choice":"Choice 2","damage_taken":0,"relics_obtained":["alterego_mod:SomeoneToFightFor"],"max_hp_gain":0,"max_hp_loss":0,"event_name":"爱的神圣花园","floor":19,"gold_loss":0},{"damage_healed":0,"gold_gain":0,"player_choice":"Obtained Relic","damage_taken":0,"relics_obtained":["reliquary:PorcupineQuills"],"max_hp_gain":0,"max_hp_loss":0,"event_name":"Addict","floor":21,"gold_loss":85},{"damage_healed":0,"gold_gain":0,"player_choice":"Ignored","damage_taken":0,"max_hp_gain":0,"max_hp_loss":0,"event_name":"Tomb of Lord Red Mask","floor":38,"gold_loss":0},{"damage_healed":0,"gold_gain":0,"player_choice":"Fight","damage_taken":0,"max_hp_gain":0,"max_hp_loss":0,"event_name":"Mysterious Sphere","floor":45,"gold_loss":0}],"is_beta":false,"boss_relics":[{"not_picked":["Cursed Key","Astrolabe"],"picked":"LagranYue:SoulBurningRelic"},{"not_picked":["LagranYue:ContractPerformanceRelic","reliquary:RedPaperclip"],"picked":"Fusion Hammer"}],"items_purged_floors":[48],"is_endless":false,"potions_floor_spawned":[1,5,11,13,20,22,30,31,33,41,44,45,46],"ascension_level":0}}