{"host":"xltl1aroowo69o4n","time":1613462049,"event":{"mods":["BaseMod","Colored Map","Colored Powertips","Downfall","Marisa????????","Minty Spire (QoL Compilation)","Replay The Spire","StSLib","The Cursed","The Hierophant","The Mystic","The Necromancer","The Servant 0.9.4"],"gold_per_floor":[112,128,128,75,75,75,93,153,207,232,39,39,66,92,92,213,213,239,239,271,303,303,303,334,358,358,384,384,384,32,60,60,175,175,205,233,233,158,179,179,179,179,179,217,245,245,275,275,275,285,285],"floor_reached":50,"language":"ENG","playtime":2940,"items_purged":["Wraith"],"score":466,"play_id":"d620b98b-7075-422a-a1c1-8f89923ee1dc","local_time":"20210216025409","is_ascension_mode":false,"campfire_choices":[{"floor":6,"key":"REST"},{"data":"Apotheosis","floor":12,"key":"SMITH"},{"floor":15,"key":"REST"},{"floor":23,"key":"REST"},{"floor":28,"key":"REST"},{"floor":32,"key":"REST"},{"floor":40,"key":"REST"},{"floor":46,"key":"REST"},{"floor":49,"key":"REST"}],"circlet_count":0,"master_deck":["Strike_P","Strike_P","Strike_P","Strike_P","Defend_P","Defend_P","Defend_P","Defend_P","Eruption","Vigilance","Crescendo+1","FlurryOfBlows","EmptyFist","CrushJoints","MasterReality","EmptyFist","Apotheosis+1","LikeWater","Devotion","Protect","Halt","Replay:LoomingThreat","MentalFortress","WreathOfFlame","Replay:BluntJabs","DevaForm","Magnetism","Prostrate+1","LessonLearned","Establishment","PathToVictory+1","Languid","JustLucky+1","EmptyFist+1"],"relics":["PureWater","Matryoshka","Replay:Bandana","Pet Ghost","Nunchaku","Fusion Hammer","Replay:Mystery Machine","Snack Pack","Bottled Lightning","SlaversCollar","Chameleon Ring","InkBottle","Bottled Tornado"],"acts_visited":["Exordium","TheCity","TheBeyond"],"potions_floor_usage":[21,25,44,44,45,47],"damage_taken":[{"damage":3,"enemies":"Small Slimes","floor":1,"turns":2},{"damage":15,"enemies":"Cultist","floor":2,"turns":7},{"damage":0,"enemies":"2 Louse","floor":7,"turns":3},{"damage":12,"enemies":"Gremlin Nob","floor":8,"turns":3},{"damage":5,"enemies":"2 Fungi Beasts","floor":10,"turns":3},{"damage":0,"enemies":"Red Slaver","floor":13,"turns":1},{"damage":0,"enemies":"Exordium Thugs","floor":14,"turns":3},{"damage":43,"enemies":"Fading Forest","floor":16,"turns":11},{"damage":14,"enemies":"Shell Parasite","floor":18,"turns":4},{"damage":15,"enemies":"3 Byrds","floor":20,"turns":6},{"damage":6,"enemies":"Snake Plant","floor":21,"turns":6},{"damage":18,"enemies":"Centurion and Healer","floor":24,"turns":6},{"damage":19,"enemies":"Sentry and Sphere","floor":25,"turns":6},{"damage":0,"enemies":"Chosen and Byrds","floor":27,"turns":6},{"damage":27,"enemies":"Snake Plant","floor":31,"turns":5},{"damage":31,"enemies":"Champ","floor":33,"turns":10},{"damage":35,"enemies":"3 Darklings","floor":35,"turns":6},{"damage":0,"enemies":"3 Shapes","floor":36,"turns":5},{"damage":34,"enemies":"3 Darklings","floor":39,"turns":6},{"damage":15,"enemies":"Nemesis","floor":44,"turns":9},{"damage":34,"enemies":"Transient","floor":45,"turns":5},{"damage":17,"enemies":"Spire Growth","floor":47,"turns":5},{"damage":51,"enemies":"Awakened One","floor":50,"turns":5}],"seed_played":"-7389393714385688121","potions_obtained":[{"floor":1,"key":"Milkshake"},{"floor":2,"key":"Languid Potion"},{"floor":10,"key":"BottledMiracle"},{"floor":24,"key":"Reflective Coating"},{"floor":27,"key":"Elixir"},{"floor":45,"key":"Languid Potion"}],"is_trial":false,"path_per_floor":["M","M","?","$","?","R","M","?","T","M","$","R","M","M","R","B",null,"M","?","M","M","T","R","M","M","T","M","R","?","$","M","R","B",null,"M","M","?","$","M","R","T","?","T","E","M","R","M","?","R","B"],"character_chosen":"WATCHER","items_purchased":["EmptyFist","Apotheosis","DevaForm","Magnetism"],"campfire_rested":8,"item_purchase_floors":[4,11,30,30],"current_hp_per_floor":[76,61,61,61,54,77,77,65,65,60,60,60,60,60,79,36,79,65,65,50,44,44,67,57,46,46,50,73,78,78,55,78,59,79,48,52,52,52,24,47,47,47,47,42,10,33,20,20,43,0,0],"gold":285,"neow_bonus":"TEN_PERCENT_HP_BONUS","is_daily":false,"chose_seed":false,"campfire_upgraded":1,"win_rate":0.0,"timestamp":1613462049,"path_taken":["M","M","?","?","?","R","M","?","T","M","?","R","M","M","R","BOSS","M","?","?","M","?","R","M","M","T","M","R","?","$","M","R","BOSS","M","?","?","$","M","R","?","?","T","E","M","R","M","?","R","BOSS"],"items_purchased_type":["Card","Card","Card","Card"],"build_version":"2020-12-13","purchased_purges":1,"victory":false,"max_hp_per_floor":[79,79,79,79,79,79,79,79,79,79,79,79,79,79,79,79,79,79,79,79,79,79,79,79,79,79,79,79,79,79,79,79,79,79,79,79,79,79,79,79,79,79,79,79,79,79,79,79,79,79,79],"card_choices":[{"not_picked":["BowlingBash","Vengeance"],"picked":"Crescendo","floor":1},{"not_picked":["Protect","Replay:ManipulateFuture"],"picked":"FlurryOfBlows","floor":2},{"not_picked":["CutThroughFate","Halt"],"picked":"CrushJoints","floor":7},{"not_picked":["FlurryOfBlows","Perseverance"],"picked":"MasterReality","floor":8},{"not_picked":["EmptyBody","PathToVictory"],"picked":"EmptyFist","floor":10},{"not_picked":["EmptyBody","Tantrum"],"picked":"LikeWater","floor":13},{"not_picked":["PathToVictory","Replay:Anticipation"],"picked":"Replay:AtTheReady","floor":14},{"not_picked":["Replay:LoomingThreat","Judgement"],"picked":"Devotion","floor":16},{"not_picked":["WindmillStrike","EmptyBody"],"picked":"Protect","floor":18},{"not_picked":["Swivel","Protect"],"picked":"Halt","floor":20},{"not_picked":["CutThroughFate+1","BowlingBash+1"],"picked":"Replay:LoomingThreat","floor":21},{"not_picked":["CrushJoints","Replay:ManipulateFuture+1"],"picked":"MentalFortress","floor":24},{"not_picked":["EmptyBody","Replay:Battleflow"],"picked":"WreathOfFlame","floor":25},{"not_picked":["FlyingSleeves","EmptyBody"],"picked":"Replay:BluntJabs","floor":27},{"not_picked":["Ragnarok","SandsOfTime+1"],"picked":"Prostrate+1","floor":31},{"not_picked":["DevaForm","MasterReality"],"picked":"LessonLearned","floor":33},{"not_picked":["Consecrate","ForeignInfluence+1","FlyingSleeves"],"picked":"SKIP","floor":35},{"not_picked":["CrushJoints","EmptyMind"],"picked":"Establishment","floor":36},{"not_picked":["Evaluate+1","ForeignInfluence"],"picked":"PathToVictory+1","floor":39},{"not_picked":["ThirdEye","WaveOfTheHand+1","WheelKick"],"picked":"SKIP","floor":44},{"not_picked":["Crescendo+1","WindmillStrike+1"],"picked":"JustLucky+1","floor":45},{"not_picked":["PathToVictory","WindmillStrike+1"],"picked":"EmptyFist+1","floor":47}],"player_experience":195825,"relics_obtained":[{"floor":8,"key":"Replay:Bandana"},{"floor":9,"key":"Pet Ghost"},{"floor":9,"key":"Nunchaku"},{"floor":22,"key":"Replay:Mystery Machine"},{"floor":22,"key":"Snack Pack"},{"floor":26,"key":"Bottled Lightning"},{"floor":41,"key":"Chameleon Ring"},{"floor":43,"key":"InkBottle"},{"floor":44,"key":"Bottled Tornado"}],"event_choices":[{"damage_healed":0,"gold_gain":0,"player_choice":"Upgraded","damage_taken":0,"max_hp_gain":0,"max_hp_loss":0,"event_name":"Upgrade Shrine","floor":3,"gold_loss":0,"cards_upgraded":["Crescendo"]},{"damage_healed":0,"gold_gain":0,"player_choice":"Success","damage_taken":7,"relics_obtained":["Matryoshka"],"max_hp_gain":0,"max_hp_loss":0,"event_name":"Scrap Ooze","floor":5,"gold_loss":0},{"damage_healed":0,"gold_gain":30,"player_choice":"Searched \u00273\u0027 times","damage_taken":0,"max_hp_gain":0,"max_hp_loss":0,"event_name":"Dead Adventurer","floor":8,"gold_loss":0},{"damage_healed":0,"gold_gain":0,"player_choice":"Ignored","damage_taken":0,"max_hp_gain":0,"max_hp_loss":0,"event_name":"NoteForYourself","floor":19,"gold_loss":0},{"cards_removed":["Replay:AtTheReady"],"damage_healed":5,"gold_gain":0,"player_choice":"Offered Common","damage_taken":0,"max_hp_gain":0,"max_hp_loss":0,"event_name":"Bonfire Elementals","floor":29,"gold_loss":0},{"cards_removed":["Replay:AtTheReady"],"damage_healed":5,"gold_gain":0,"player_choice":"Offered Special","damage_taken":0,"max_hp_gain":0,"max_hp_loss":0,"event_name":"Bonfire Elementals","floor":29,"gold_loss":0},{"damage_healed":0,"gold_gain":0,"player_choice":"Ignored","damage_taken":0,"max_hp_gain":0,"max_hp_loss":0,"event_name":"OrinTheCat","floor":37,"gold_loss":0},{"damage_healed":0,"gold_gain":0,"player_choice":"Ignored","damage_taken":0,"max_hp_gain":0,"max_hp_loss":0,"event_name":"Mysterious Sphere","floor":48,"gold_loss":0}],"is_beta":false,"boss_relics":[{"not_picked":["Sozu","Ectoplasm"],"picked":"Fusion Hammer"},{"not_picked":["Tiny House","Painkiller Herb"],"picked":"SlaversCollar"}],"items_purged_floors":[38],"is_endless":false,"potions_floor_spawned":[1,2,10,13,24,27,35,36,45],"killed_by":"Awakened One","ascension_level":0}}