{"host":"o5tjqk3pv43rrbqu","time":1613437572,"event":{"mods":["Aspiration","BaseMod","Hubris","Infinite Spire","Minty Spire (QoL Compilation)","Quick Restart","Relic Stats","Replay The Spire","Shop Mod","StSLib"],"gold_per_floor":[118,133,133,148,69,101,101,126,150,150,150,181,181,192,192,296,296,312,323,323,323,323,323,355,555,608,608,608],"floor_reached":27,"language":"ENG","playtime":1772,"items_purged":["Strike_R"],"score":259,"play_id":"85301d67-beab-4df8-a52d-4fd49dbd73fb","local_time":"20210215190612","daily_mods":["DeadlyEvents","Elite Swarm"],"is_ascension_mode":true,"campfire_choices":[{"floor":7.0,"key":"REST"},{"floor":10.0,"key":"REST"},{"data":"Hemokinesis","floor":13.0,"key":"SMITH"},{"data":"Offering","floor":15.0,"key":"SMITH"},{"floor":23.0,"key":"REST"}],"circlet_count":0,"master_deck":["Strike_R","Strike_R+1","Strike_R","Strike_R+1","Defend_R","Defend_R","Defend_R+1","Defend_R","Bash","Hemokinesis+1","Flex","ReplayTheSpireMod:Muscle Training","Immolate","Feed","Immolate","ReplayTheSpireMod:Muscle Training","Hemogenesis","hubris:DuctTapeCard"],"relics":["Burning Blood","Gremlin Food","infinitespire:EmpoweringShard","aspiration:HiddenCompartment","Happy Flower","Replay:Bottled Flurry","hubris:ScarierMask","hubris:DuctTape","hubris:SlimyHat","Potion Belt"],"acts_visited":["Exordium","TheCity"],"potions_floor_usage":[],"damage_taken":[{"damage":1.0,"enemies":"Cultist","floor":1.0,"turns":3.0},{"damage":5.0,"enemies":"Small Slimes","floor":2.0,"turns":3.0},{"damage":2.0,"enemies":"2 Louse","floor":4.0,"turns":2.0},{"damage":36.0,"enemies":"Lagavulin","floor":6.0,"turns":4.0},{"damage":20.0,"enemies":"Replay:BlueRogue","floor":8.0,"turns":5.0},{"damage":16.0,"enemies":"3 Sentries","floor":12.0,"turns":3.0},{"damage":3.0,"enemies":"2 Fungi Beasts","floor":14.0,"turns":2.0},{"damage":55.0,"enemies":"The Guardian","floor":16.0,"turns":6.0},{"damage":9.0,"enemies":"Chosen","floor":18.0,"turns":3.0},{"damage":23.0,"enemies":"Shell Parasite","floor":19.0,"turns":3.0},{"damage":65.0,"enemies":"Book of Stabbing","floor":24.0,"turns":5.0},{"damage":0,"enemies":"Replay:Snechameleon","floor":27,"turns":1}],"seed_played":"7142948701269218736","potions_obtained":[{"floor":1.0,"key":"Strength Potion"},{"floor":2.0,"key":"Strength Potion"},{"floor":6.0,"key":"Swift Potion"},{"floor":14.0,"key":"ColorlessPotion"},{"floor":24.0,"key":"Regen Potion"}],"is_trial":true,"path_per_floor":["M","M","?","M","$","E","R","E","T","R","?","E","R","M","R","B",null,"M","M","AVR","?","?","R","E","?","T","E"],"character_chosen":"IRONCLAD","items_purchased":["Immolate"],"campfire_rested":3,"item_purchase_floors":[5],"current_hp_per_floor":[80,80,80,80,80,50,74,60,60,80,80,73,73,76,76,27,83,86,83,83,83,66,94,40,40,40,40,40],"gold":608,"neow_bonus":"","is_daily":false,"chose_seed":false,"campfire_upgraded":2,"win_rate":0.0,"timestamp":1613437572,"path_taken":["M","?","?","M","$","E","R","E","T","R","?","E","R","M","R","BOSS","M","M","AVR","?","?","R","E","?","T","?"],"items_purchased_type":["Card"],"build_version":"2020-12-22","purchased_purges":1,"victory":false,"max_hp_per_floor":[80,80,80,80,80,80,80,80,80,80,80,83,83,83,83,83,83,86,89,89,89,94,94,94,94,94,94,94],"relic_stats":{"Happy Flower":[7],"counters":[12,39],"obtain_stats":[{"Gremlin Food":6,"Potion Belt":26,"Happy Flower":11,"hubris:DuctTape":20,"hubris:ScarierMask":17,"infinitespire:EmpoweringShard":8,"Replay:Bottled Flurry":12,"hubris:SlimyHat":24,"aspiration:HiddenCompartment":9,"Burning Blood":0},{"Gremlin Food":4,"Potion Belt":11,"Happy Flower":5,"hubris:DuctTape":10,"hubris:ScarierMask":8,"infinitespire:EmpoweringShard":5,"Replay:Bottled Flurry":6,"hubris:SlimyHat":11,"aspiration:HiddenCompartment":5,"Burning Blood":0},{"Gremlin Food":12,"Potion Belt":39,"Happy Flower":17,"hubris:DuctTape":34,"hubris:ScarierMask":28,"infinitespire:EmpoweringShard":17,"Replay:Bottled Flurry":20,"hubris:SlimyHat":39,"aspiration:HiddenCompartment":17,"Burning Blood":0}],"Burning Blood":52},"card_choices":[{"not_picked":["Warcry","True Grit"],"picked":"Hemokinesis","floor":1.0},{"not_picked":["Armaments","Iron Wave"],"picked":"Flex","floor":2.0},{"not_picked":["Iron Wave","Seeing Red"],"picked":"ReplayTheSpireMod:Muscle Training","floor":4.0},{"not_picked":["Bludgeon","Double Tap"],"picked":"Feed","floor":6.0},{"not_picked":["Double Tap","Immolate"],"picked":"Offering","floor":8.0},{"not_picked":["Barricade","Juggernaut"],"picked":"Immolate","floor":12.0},{"not_picked":["Flame Barrier","Headbutt","Evolve"],"picked":"SKIP","floor":14.0},{"not_picked":["Bludgeon","Demonic Infusion"],"picked":"Hemogenesis","floor":16.0},{"not_picked":["Headbutt","Defy Death+1","Heavy Blade"],"picked":"SKIP","floor":18.0},{"not_picked":["Warcry","Pommel Strike","Clothesline+1"],"picked":"SKIP","floor":19.0},{"not_picked":["Demon Form","hubris:StunningStrike"],"picked":"Hemogenesis","floor":24.0}],"player_experience":386747,"relics_obtained":[{"floor":6.0,"key":"Gremlin Food"},{"floor":8.0,"key":"infinitespire:EmpoweringShard"},{"floor":9.0,"key":"aspiration:HiddenCompartment"},{"floor":11.0,"key":"Happy Flower"},{"floor":12.0,"key":"Replay:Bottled Flurry"},{"floor":24.0,"key":"hubris:SlimyHat"},{"floor":26.0,"key":"Potion Belt"}],"event_choices":[{"damage_healed":0.0,"max_hp_gain":0.0,"max_hp_loss":0.0,"gold_gain":0.0,"event_name":"The Library","player_choice":"Read","floor":21.0,"gold_loss":0.0,"damage_taken":0.0,"cards_obtained":["ReplayTheSpireMod:Muscle Training"]},{"damage_healed":0.0,"max_hp_gain":5.0,"max_hp_loss":0.0,"gold_gain":0.0,"event_name":"Forgotten Altar","player_choice":"Shed Blood","floor":22.0,"gold_loss":0.0,"damage_taken":22.0},{"damage_healed":0.0,"max_hp_gain":0.0,"max_hp_loss":0.0,"gold_gain":250.0,"event_name":"The Joust","player_choice":"Bet on Owner","floor":25.0,"gold_loss":50.0,"damage_taken":0.0}],"is_beta":false,"boss_relics":[{"not_picked":["Ring of Chaos","aspiration:RunicSpoon"],"picked":"hubris:ScarierMask"}],"items_purged_floors":[20],"is_endless":false,"potions_floor_spawned":[1,2,6,14,24],"killed_by":"Replay:Snechameleon","ascension_level":1}}