{"host":"gfxjwtol062e9znw","time":1613479906,"event":{"mods":["BaseMod","Colored Map","Minty Spire (QoL Compilation)","Rare Cards Sparkle","StSLib"],"gold_per_floor":[13,25,25,39,58,58,86,86,86,86,99,131,147,164,164,263,263,276,191,202,253,271,271,291,291,318,4,18,18,18,28,28,28,28],"floor_reached":33,"language":"ENG","playtime":2125,"items_purged":["Defend_G"],"score":422,"play_id":"950ae790-dad2-4d87-857d-69988e0af448","local_time":"20210216235146","is_ascension_mode":true,"campfire_choices":[{"data":"Neutralize","floor":6.0,"key":"SMITH"},{"floor":8.0,"key":"REST"},{"floor":15.0,"key":"REST"},{"floor":23.0,"key":"REST"},{"floor":30,"key":"REST"},{"floor":32,"key":"REST"}],"circlet_count":0,"master_deck":["AscendersBane","Strike_G","Strike_G","Strike_G","Strike_G","Strike_G","Defend_G","Defend_G","Defend_G","Survivor","Neutralize+1","Venomology","PiercingWail","Cloak And Dagger","All Out Attack","Dagger Throw","Dash","Unload","Well Laid Plans","Terror","Burst","Crippling Poison","Cloak And Dagger","Accuracy+1","PiercingWail","Quick Slash+1","Expertise+1"],"relics":["Ring of the Snake","Unceasing Top","Ancient Tea Set","Incense Burner","Oddly Smooth Stone","Philosopher\u0027s Stone","Ginger","Omamori","Boot","Gremlin Horn"],"acts_visited":["Exordium","TheCity"],"potions_floor_usage":[31,31,31,33],"damage_taken":[{"damage":0.0,"enemies":"Cultist","floor":1.0,"turns":4.0},{"damage":2.0,"enemies":"Jaw Worm","floor":2.0,"turns":6.0},{"damage":0.0,"enemies":"Small Slimes","floor":4.0,"turns":5.0},{"damage":0.0,"enemies":"Looter","floor":5.0,"turns":3.0},{"damage":20.0,"enemies":"Gremlin Nob","floor":7.0,"turns":5.0},{"damage":1.0,"enemies":"Gremlin Gang","floor":11.0,"turns":3.0},{"damage":15.0,"enemies":"Lagavulin","floor":12.0,"turns":5.0},{"damage":1.0,"enemies":"Blue Slaver","floor":13.0,"turns":4.0},{"damage":12.0,"enemies":"Large Slime","floor":14.0,"turns":3.0},{"damage":8.0,"enemies":"The Guardian","floor":16.0,"turns":10.0},{"damage":15.0,"enemies":"2 Thieves","floor":18.0,"turns":5.0},{"damage":0.0,"enemies":"Chosen","floor":20.0,"turns":4.0},{"damage":1.0,"enemies":"Snecko","floor":22.0,"turns":5.0},{"damage":18.0,"enemies":"Snake Plant","floor":24.0,"turns":4.0},{"damage":0.0,"enemies":"Gremlin Leader","floor":25.0,"turns":4.0},{"damage":11,"enemies":"Chosen and Byrds","floor":28,"turns":6},{"damage":6,"enemies":"Centurion and Healer","floor":31,"turns":4},{"damage":98,"enemies":"Collector","floor":33,"turns":7}],"seed_played":"-2678015762382164993","potions_obtained":[{"floor":5.0,"key":"Explosive Potion"},{"floor":11.0,"key":"ColorlessPotion"},{"floor":12.0,"key":"SpeedPotion"},{"floor":18.0,"key":"BlessingOfTheForge"},{"floor":22.0,"key":"CunningPotion"}],"is_trial":false,"path_per_floor":["M","M","T","M","M","R","E","R","T","?","M","E","M","M","R","B",null,"M","?","M","T","M","R","M","E","T","$","M","$","R","M","R","B"],"character_chosen":"THE_SILENT","items_purchased":["Gremlin Horn"],"campfire_rested":5,"item_purchase_floors":[27],"current_hp_per_floor":[63,61,61,61,61,61,41,62,62,62,61,46,45,33,54,46,64,49,49,49,49,48,69,51,51,51,51,40,40,61,55,70,0,0],"gold":28,"neow_bonus":"THREE_RARE_CARDS","is_daily":false,"chose_seed":false,"campfire_upgraded":1,"win_rate":0.0,"timestamp":1613479906,"path_taken":["M","M","?","M","M","R","E","R","T","?","M","E","?","M","R","BOSS","M","?","M","?","M","R","M","E","T","$","M","?","R","M","R","BOSS"],"items_purchased_type":["Relic"],"build_version":"2020-12-22","purchased_purges":1,"victory":false,"max_hp_per_floor":[70,70,70,70,70,70,70,70,70,70,70,70,70,70,70,70,70,70,70,70,70,70,70,70,70,70,70,70,70,70,70,70,70,70],"card_choices":[{"not_picked":["Doppelganger","A Thousand Cuts"],"picked":"Venomology","floor":0.0},{"not_picked":["Deflect","Quick Slash"],"picked":"PiercingWail","floor":1.0},{"not_picked":["Underhanded Strike","Dodge and Roll"],"picked":"Cloak And Dagger","floor":2.0},{"not_picked":["Riddle With Holes","Deadly Poison"],"picked":"All Out Attack","floor":4.0},{"not_picked":["Crippling Poison","PiercingWail"],"picked":"Dagger Throw","floor":5.0},{"not_picked":["Acrobatics","Deadly Poison"],"picked":"Dash","floor":7.0},{"not_picked":["Poisoned Stab","Deflect"],"picked":"Unload","floor":11.0},{"not_picked":["Backflip","Expertise"],"picked":"Well Laid Plans","floor":12.0},{"not_picked":["Setup","Riddle With Holes"],"picked":"Terror","floor":13.0},{"not_picked":["Slice","Heel Hook","Acrobatics"],"picked":"SKIP","floor":14.0},{"not_picked":["After Image","Venomology"],"picked":"Burst","floor":16.0},{"not_picked":["Sucker Punch","Tactician"],"picked":"Crippling Poison","floor":18.0},{"not_picked":["Backflip","Flechettes+1"],"picked":"Cloak And Dagger","floor":20.0},{"not_picked":["Flechettes","PiercingWail"],"picked":"Accuracy+1","floor":22.0},{"not_picked":["Distraction","Setup"],"picked":"PiercingWail","floor":24.0},{"not_picked":["Poisoned Stab+1","Tactician"],"picked":"Quick Slash+1","floor":28},{"not_picked":["Acrobatics","Bane"],"picked":"Expertise+1","floor":31}],"player_experience":194260,"relics_obtained":[{"floor":3.0,"key":"Unceasing Top"},{"floor":7.0,"key":"Ancient Tea Set"},{"floor":9.0,"key":"Incense Burner"},{"floor":12.0,"key":"Oddly Smooth Stone"},{"floor":21.0,"key":"Omamori"},{"floor":26.0,"key":"Boot"}],"event_choices":[{"cards_removed":["Defend_G"],"damage_healed":0.0,"max_hp_gain":0.0,"max_hp_loss":0.0,"gold_gain":0.0,"event_name":"Purifier","player_choice":"Purged","floor":10.0,"gold_loss":0.0,"damage_taken":0.0},{"damage_healed":0.0,"max_hp_gain":0.0,"max_hp_loss":0.0,"gold_gain":0.0,"event_name":"Addict","player_choice":"Obtained Relic","floor":19.0,"gold_loss":85.0,"damage_taken":0.0,"relics_obtained":["Ginger"]}],"is_beta":false,"boss_relics":[{"not_picked":["Pandora\u0027s Box","Busted Crown"],"picked":"Philosopher\u0027s Stone"}],"items_purged_floors":[27],"is_endless":false,"potions_floor_spawned":[5,11,12,13,14,16,18,20,22],"killed_by":"Collector","ascension_level":10}}