{"host":"e4udrxcgdvpx3wcj","time":1613513619,"event":{"mods":["Act Like it!","Aspiration","Astrologer","BaseMod","Gensokyo","Highlight Path","Infinite Spire","Koishi","Marisa????????","Minty Spire (QoL Compilation)","Replay The Spire","StSLib","SuperFastMode","The Bug Knight","The Construct","The Jungle","The Runesmith","The Servant 0.9.4","TheBandit"],"gold_per_floor":[118,213,213,115,128,156,156,168,222,254,301,301,313,313,313,313,313],"floor_reached":16,"language":"ENG","playtime":596,"items_purged":[],"score":266,"play_id":"7b3c636f-6543-42e0-a30a-bb4d23b172d7","local_time":"20210216171339","is_ascension_mode":true,"campfire_choices":[{"data":"Hightail","floor":7.0,"key":"SMITH"},{"floor":12.0,"key":"REST"},{"data":"Barrier","floor":15,"key":"SMITH"}],"circlet_count":0,"master_deck":["AscendersBane","Strike_S","Strike_S","Strike_S","Strike_S","Defend_S+1","Defend_S","Defend_S","Defend_S","KidneyShot","Exchange","Solidify+1","Manipulate+1","Deadline","Hightail+1","BottledTime","Potential","BottledTime","Desolation","Barrier+1","Manipulate"],"relics":["Uniform","PaperSwan","aspiration:TrustyKnives","War Paint","Oddly Smooth Stone"],"acts_visited":["Exordium"],"potions_floor_usage":[13,13,16],"damage_taken":[{"damage":4.0,"enemies":"Small Slimes","floor":1.0,"turns":4.0},{"damage":0.0,"enemies":"Jaw Worm","floor":5.0,"turns":5.0},{"damage":0.0,"enemies":"Lagavulin","floor":6.0,"turns":7.0},{"damage":0.0,"enemies":"Cultist","floor":8.0,"turns":3.0},{"damage":19.0,"enemies":"Gremlin Nob","floor":10.0,"turns":3.0},{"damage":1,"enemies":"Exordium Thugs","floor":13,"turns":5},{"damage":39,"enemies":"Fading Forest","floor":16,"turns":8}],"seed_played":"-5147479483118780944","potions_obtained":[{"floor":5.0,"key":"Explosive Potion"},{"floor":6.0,"key":"Energy Potion"},{"floor":8.0,"key":"ColorlessPotion"},{"floor":10.0,"key":"Cursed Concoction"},{"floor":13,"key":"FearPotion"}],"is_trial":false,"path_per_floor":["M","?","?","?","M","E","R","M","T","E","T","R","M","?","R","B"],"character_chosen":"THE_SERVANT","items_purchased":[],"campfire_rested":1,"item_purchase_floors":[],"current_hp_per_floor":[50,31,31,31,31,31,31,31,31,12,12,30,29,29,29,0,0],"gold":313,"neow_bonus":"ONE_RANDOM_RARE_CARD","is_daily":false,"chose_seed":false,"campfire_upgraded":2,"win_rate":0.0,"timestamp":1613513619,"path_taken":["M","?","?","?","?","E","R","M","T","E","?","R","M","?","R","BOSS"],"items_purchased_type":[],"build_version":"2020-12-22","purchased_purges":0,"victory":false,"max_hp_per_floor":[60,60,60,60,60,60,60,60,60,60,60,60,60,60,60,60,60],"card_choices":[{"not_picked":["Spin","RealityMarble"],"picked":"Manipulate","floor":1.0},{"not_picked":["Unruled","DoubleEdge"],"picked":"Deadline","floor":2.0},{"not_picked":["FastForward","Spin"],"picked":"Hightail","floor":2.0},{"not_picked":["ShatteredReality","FastForward"],"picked":"BottledTime","floor":2.0},{"not_picked":["Unruled","Starlight"],"picked":"Potential","floor":5.0},{"not_picked":["Duplication","FastForward"],"picked":"BottledTime","floor":6.0},{"not_picked":["Revamp","WasteNot"],"picked":"Desolation","floor":8.0},{"not_picked":["Rearm","MoonPhase"],"picked":"Barrier","floor":10.0},{"not_picked":["BottledTime","Reset"],"picked":"Manipulate","floor":13}],"player_experience":2412588,"relics_obtained":[{"floor":6.0,"key":"aspiration:TrustyKnives"},{"floor":10.0,"key":"War Paint"},{"floor":11.0,"key":"Oddly Smooth Stone"}],"event_choices":[{"damage_healed":0.0,"max_hp_gain":0.0,"max_hp_loss":0.0,"gold_gain":0.0,"event_name":"WeMeetAgain","player_choice":"Paid Gold","floor":4.0,"gold_loss":98.0,"damage_taken":0.0,"relics_obtained":["PaperSwan"]},{"damage_healed":0,"gold_gain":0,"player_choice":"Forge","damage_taken":0,"max_hp_gain":0,"max_hp_loss":0,"event_name":"Accursed Blacksmith","floor":14,"gold_loss":0,"cards_upgraded":["Solidify"]}],"is_beta":false,"boss_relics":[],"items_purged_floors":[],"is_endless":false,"potions_floor_spawned":[5,6,8,10,13],"killed_by":"Fading Forest","ascension_level":20}}