{"host":"Jitters","time":1613471674,"event":{"mods":["BaseMod","Curses Come First","Downfall","Minty Spire (QoL Compilation)","Quick Restart","Relic Stats","Reliquary","Shop Mod","Spicy Shops","Spire Arcade","StSLib"],"gold_per_floor":[99,118,118,118,138,138,161,178,191,201,217,231,248,283,295,394,394,394,405,416,434,452,481,481,497,497,509,527,553,16,31,48,147,147,47,64,82,232,24,24,78,128,1,19,37,55,68,101,112,112,112,112],"floor_reached":50,"language":"ENG","playtime":4321,"items_purged":[],"score":658,"play_id":"d52f9491-eddc-4bae-b3c7-7dfd27b59ff8","local_time":"20210216053434","is_ascension_mode":true,"campfire_choices":[{"data":"Slimebound:Tackle","floor":1.0,"key":"SMITH"},{"data":"Slimebound:Equalize","floor":6.0,"key":"SMITH"},{"data":"Slimebound:CheckThePlaybook","floor":18.0,"key":"SMITH"},{"floor":35.0,"key":"RECALL"}],"circlet_count":0,"master_deck":["Slimebound:Strike_Slimebound","Slimebound:Strike_Slimebound+1","Slimebound:Tackle+1","Slimebound:Defend_Slimebound","Slimebound:Defend_Slimebound","Slimebound:Defend_Slimebound","Slimebound:Defend_Slimebound","Slimebound:Split","Slimebound:CorrosiveSpit","CurseOfTheBell","Slimebound:Equalize+1","Slimebound:ItLooksTasty","Slimebound:PressTheAttack+1","Slimebound:RollThrough","Slimebound:DouseInSlime","Slimebound:RainOfGoop","Slimebound:Equalize","Slimebound:CheckThePlaybook+1","Slimebound:HauntingLick+1","Slimebound:SlimeSpikes","Slimebound:Recollect+1","Slimebound:Dissolve","Slimebound:LivingWall+1","Slimebound:SlimeSpikes","Slimebound:RainOfGoop+1","Slimebound:Equalize","Slimebound:FormOfPuddle","Slimebound:RollThrough+1","Slimebound:Repurpose+1","Slimebound:SamplingLick","Slimebound:SamplingLick","Slimebound:MegaLick+1","Slimebound:HauntingLick","Slimebound:FinishingTackle","Slimebound:HauntingLick+1","Parasite","Slimebound:Replication+1","Slimebound:RainOfGoop","Slimebound:HauntingLick","Slimebound:MegaLick+1","Slimebound:Recollect"],"relics":["reliquary:PrincelyHelmet","downfall:ShatteredFragment","Oddly Smooth Stone","Black Star","CaptainsWheel","reliquary:NewFriend","reliquary:Knoch","Dead Branch","Medical Kit","reliquary:KinkedSpring","downfall:HeartBlessingGreen","MerchantsRug","Prayer Wheel","Regal Pillow","TungstenRod","Nunchaku","Whetstone","Question Card","White Beast Statue"],"acts_visited":["Exordium","TheCity","TheBeyond"],"potions_floor_usage":[39,45,47,48,48,48,49,50],"damage_taken":[{"damage":0.0,"enemies":"2 Louse","floor":2.0,"turns":3.0},{"damage":0.0,"enemies":"Jaw Worm","floor":5.0,"turns":3.0},{"damage":0.0,"enemies":"Cultist","floor":8.0,"turns":2.0},{"damage":11.0,"enemies":"Exordium Thugs","floor":9.0,"turns":4.0},{"damage":2.0,"enemies":"Red Slaver","floor":10.0,"turns":3.0},{"damage":0.0,"enemies":"Large Slime","floor":11.0,"turns":4.0},{"damage":0.0,"enemies":"Exordium Wildlife","floor":12.0,"turns":3.0},{"damage":9.0,"enemies":"2 Fungi Beasts","floor":13.0,"turns":3.0},{"damage":32.0,"enemies":"Gremlin Nob","floor":14.0,"turns":4.0},{"damage":12.0,"enemies":"Exordium Wildlife","floor":15.0,"turns":3.0},{"damage":23.0,"enemies":"SI_SHIV_ARCHETYPE","floor":16.0,"turns":6.0},{"damage":14.0,"enemies":"Shell Parasite","floor":19.0,"turns":4.0},{"damage":24.0,"enemies":"Snake Plant","floor":20.0,"turns":4.0},{"damage":24.0,"enemies":"Chosen and Byrds","floor":21.0,"turns":5.0},{"damage":12.0,"enemies":"Centurion and Healer","floor":22.0,"turns":4.0},{"damage":19.0,"enemies":"Book of Stabbing","floor":23.0,"turns":4.0},{"damage":18.0,"enemies":"Snecko","floor":25.0,"turns":3.0},{"damage":16.0,"enemies":"Cultist and Chosen","floor":27.0,"turns":5.0},{"damage":16.0,"enemies":"Snake Plant","floor":28.0,"turns":4.0},{"damage":21.0,"enemies":"Slavers","floor":29.0,"turns":6.0},{"damage":0.0,"enemies":"downfall:FleeingMerchant","floor":30.0,"turns":4.0},{"damage":14.0,"enemies":"Centurion and Healer","floor":31.0,"turns":4.0},{"damage":8.0,"enemies":"Sentry and Sphere","floor":32.0,"turns":5.0},{"damage":39.0,"enemies":"IC_MUSHROOM_ARCHETYPE","floor":33.0,"turns":6.0},{"damage":0.0,"enemies":"Orb Walker","floor":36.0,"turns":1.0},{"damage":9.0,"enemies":"3 Darklings","floor":37.0,"turns":2.0},{"damage":3,"enemies":"downfall:FleeingMerchant","floor":39,"turns":4},{"damage":0,"enemies":"downfall:FleeingMerchant","floor":42,"turns":3},{"damage":0,"enemies":"downfall:FleeingMerchant","floor":43,"turns":1},{"damage":0,"enemies":"Sphere and 2 Shapes","floor":44,"turns":3},{"damage":0,"enemies":"4 Shapes","floor":45,"turns":3},{"damage":0,"enemies":"3 Darklings","floor":46,"turns":3},{"damage":4,"enemies":"Writhing Mass","floor":47,"turns":3},{"damage":8,"enemies":"Reptomancer","floor":48,"turns":5},{"damage":12,"enemies":"Maw","floor":49,"turns":7},{"damage":108,"enemies":"DF_ARCHETYPE_ORBS","floor":50,"turns":10}],"seed_played":"-6141706921449359959","potions_obtained":[{"floor":2.0,"key":"AttackPotion"},{"floor":5.0,"key":"FairyPotion"},{"floor":8.0,"key":"Slimebound:SlimedPotion"},{"floor":15.0,"key":"FearPotion"},{"floor":20.0,"key":"CultistPotion"},{"floor":22.0,"key":"LiquidMemories"},{"floor":25.0,"key":"SteroidPotion"},{"floor":28.0,"key":"SmokeBomb"},{"floor":31.0,"key":"LiquidMemories"},{"floor":32.0,"key":"Swift Potion"},{"floor":33.0,"key":"Fire Potion"},{"floor":36.0,"key":"Strength Potion"},{"floor":37.0,"key":"SkillPotion"},{"floor":42,"key":"Explosive Potion"},{"floor":46,"key":"Fire Potion"},{"floor":47,"key":"Weak Potion"},{"floor":48,"key":"GamblersBrew"},{"floor":49,"key":"sneckomod:MuddlingPotion"}],"is_trial":false,"path_per_floor":["R","M","?","?","M","R","T","M","M","M","M","M","M","E","M","B",null,"R","M","M","M","M","E","T","M","T","M","M","E","$","M","M","B",null,"R","M","M","?","?","?","T","?","$","M","M","M","M","E","M","B"],"character_chosen":"SLIMEBOUND","items_purchased":["Dead Branch","Medical Kit","DistilledChaos","MerchantsRug","Prayer Wheel","Nunchaku","DuplicationPotion","Whetstone"],"campfire_rested":0,"item_purchase_floors":[30,30,30,39,39,43,43,43],"current_hp_per_floor":[65,65,47,47,47,47,47,59,62,60,65,65,56,32,20,19,65,65,51,37,23,25,22,22,22,22,16,20,28,34,28,50,11,72,72,72,67,67,64,64,64,64,64,64,64,64,60,60,60,0,0,0],"gold":112,"neow_bonus":"BOSS_RELIC","is_daily":false,"chose_seed":false,"campfire_upgraded":3,"win_rate":0.0,"timestamp":1613471674,"path_taken":["R","M","?","?","M","R","T","M","M","M","?","M","M","E","M","BOSS","R","M","M","M","M","E","T","?","?","M","?","E","$","M","M","BOSS","R","M","M","?","?","?","T","?","?","M","M","M","?","E","M","BOSS"],"items_purchased_type":["Relic","Relic","Potion","Relic","Relic","Relic","Potion","Relic"],"build_version":"2020-11-17","purchased_purges":0,"victory":false,"max_hp_per_floor":[65,65,65,65,65,65,65,65,65,65,65,65,65,65,65,65,65,65,65,65,65,65,65,65,65,65,65,65,72,72,72,72,72,72,72,72,72,72,72,72,72,72,72,72,72,72,72,72,72,72,72,72],"relic_stats":{"Regal Pillow":0,"Nunchaku":[8],"counters":[36,139],"Dead Branch":[270],"Prayer Wheel":5,"Black Star":3,"Whetstone":["Slimebound:Strike_Slimebound","Slimebound:PressTheAttack"],"Medical Kit":[2],"Question Card":2,"obtain_stats":[{"reliquary:FeatherDuster":23,"Lantern":14,"Regal Pillow":41,"reliquary:PrincelyHelmet":0,"downfall:HeartBlessingGreen":35,"Whetstone":43,"Nunchaku":43,"Strawberry":29,"reliquary:NewFriend":26,"Prayer Wheel":39,"Potion Belt":0,"MerchantsRug":39,"downfall:ShatteredFragment":3,"Dead Branch":30,"Oddly Smooth Stone":7,"Medical Kit":30,"Question Card":48,"White Beast Statue":48,"Calling Bell":0,"reliquary:KinkedSpring":34,"CaptainsWheel":23,"Bird Faced Urn":0,"Slimebound:AbsorbEndCombat":0,"Black Star":17,"reliquary:Knoch":29,"TungstenRod":42},{"reliquary:FeatherDuster":16,"Lantern":9,"Regal Pillow":27,"reliquary:PrincelyHelmet":0,"downfall:HeartBlessingGreen":24,"Whetstone":29,"Nunchaku":29,"Strawberry":20,"reliquary:NewFriend":17,"Prayer Wheel":27,"Potion Belt":0,"MerchantsRug":27,"downfall:ShatteredFragment":1,"Dead Branch":21,"Oddly Smooth Stone":2,"Medical Kit":21,"Question Card":34,"White Beast Statue":34,"Calling Bell":0,"reliquary:KinkedSpring":24,"CaptainsWheel":16,"Bird Faced Urn":0,"Slimebound:AbsorbEndCombat":0,"Black Star":11,"reliquary:Knoch":20,"TungstenRod":28},{"reliquary:FeatherDuster":57,"Lantern":27,"Regal Pillow":101,"reliquary:PrincelyHelmet":0,"downfall:HeartBlessingGreen":94,"Whetstone":105,"Nunchaku":105,"Strawberry":75,"reliquary:NewFriend":60,"Prayer Wheel":101,"Potion Belt":0,"MerchantsRug":101,"downfall:ShatteredFragment":3,"Dead Branch":79,"Oddly Smooth Stone":6,"Medical Kit":79,"Question Card":122,"White Beast Statue":122,"Calling Bell":0,"reliquary:KinkedSpring":94,"CaptainsWheel":57,"Bird Faced Urn":0,"Slimebound:AbsorbEndCombat":0,"Black Star":36,"reliquary:Knoch":75,"TungstenRod":104}],"TungstenRod":20},"card_choices":[{"not_picked":["Slimebound:ComboTackle","Slimebound:SplitBruiser"],"picked":"Slimebound:Equalize","floor":2.0},{"not_picked":["Slimebound:LeechEnergy","Slimebound:GoopTackle"],"picked":"Slimebound:ItLooksTasty","floor":5.0},{"not_picked":["Slimebound:AcidTongue","Slimebound:RollThrough"],"picked":"Slimebound:Grow","floor":8.0},{"not_picked":["Slimebound:SpikyOuterGoop","Slimebound:AcidTongue"],"picked":"Slimebound:PressTheAttack","floor":9.0},{"not_picked":["Slimebound:SplitMire","Slimebound:SpikyOuterGoop"],"picked":"Slimebound:RollThrough","floor":10.0},{"not_picked":["Slimebound:GoopSpray","Slimebound:SlimeSpikes"],"picked":"Slimebound:GoopTackle","floor":11.0},{"not_picked":["Slimebound:SplitLeeching","Slimebound:SplitMire"],"picked":"Slimebound:DouseInSlime","floor":12.0},{"not_picked":["Slimebound:RollThrough","Slimebound:LeechEnergy"],"picked":"Slimebound:RainOfGoop","floor":13.0},{"not_picked":["Slimebound:BestDefense","Slimebound:SamplingLick"],"picked":"Slimebound:Equalize","floor":14.0},{"not_picked":["Slimebound:SlimeBarrage","Slimebound:RollThrough"],"picked":"Slimebound:FinishingTackle","floor":15.0},{"not_picked":["Slimebound:DuplicatedForm","Slimebound:MassRepurpose"],"picked":"Slimebound:CheckThePlaybook","floor":16.0},{"not_picked":["Slimebound:ItLooksTasty","Slimebound:TongueLash"],"picked":"Slimebound:HauntingLick+1","floor":19.0},{"not_picked":["Slimebound:Prepare","Slimebound:ItLooksTasty+1"],"picked":"Slimebound:SlimeSpikes","floor":20.0},{"not_picked":["Slimebound:Prepare","Slimebound:SplitLeeching+1"],"picked":"Slimebound:ProtectTheBoss","floor":21.0},{"not_picked":["Slimebound:LevelUp+1","Slimebound:ServeAndProtect"],"picked":"Slimebound:DivideAndConquer","floor":22.0},{"not_picked":["Slimebound:LevelUp","Slimebound:SplitMire"],"picked":"Slimebound:Recollect+1","floor":23.0},{"not_picked":["Slimebound:AcidTongue+1","Slimebound:FlameTackle","Slimebound:FinishingTackle"],"picked":"SKIP","floor":25.0},{"not_picked":["Slimebound:MinionMaster","Slimebound:FinishingTackle"],"picked":"Slimebound:Dissolve","floor":27.0},{"not_picked":["Slimebound:GoopSpray","Slimebound:Prepare"],"picked":"Slimebound:LivingWall+1","floor":28.0},{"not_picked":["Slimebound:PressTheAttack+1","Slimebound:OneTwoCombo"],"picked":"Slimebound:SlimeSpikes","floor":29.0},{"not_picked":["Slimebound:ServeAndProtect","Slimebound:Grow"],"picked":"Slimebound:RainOfGoop+1","floor":30.0},{"not_picked":["Slimebound:ComboTackle","Slimebound:PressTheAttack+1"],"picked":"Slimebound:Equalize","floor":31.0},{"not_picked":["Slimebound:SlimeSpikes","Slimebound:GoopSpray+1"],"picked":"Slimebound:FormOfPuddle","floor":32.0},{"not_picked":["Slimebound:Recollect+1","Slimebound:LivingWall+1"],"picked":"Slimebound:RollThrough+1","floor":36.0},{"not_picked":["Slimebound:SplitSpecialist+1","Slimebound:HauntingLick"],"picked":"Slimebound:Repurpose+1","floor":37.0},{"not_picked":["Slimebound:DisruptingSlam","Slimebound:DivideAndConquer+1"],"picked":"Slimebound:SamplingLick","floor":39},{"not_picked":["Slimebound:SlimeSpikes+1","Slimebound:GrowthPunch+1"],"picked":"Slimebound:SamplingLick","floor":42},{"not_picked":["Slimebound:SlimeSpikes","Slimebound:SlimeBrawl+1"],"picked":"Slimebound:MegaLick+1","floor":43},{"not_picked":["Slimebound:PressTheAttack","Slimebound:SplitMire"],"picked":"Slimebound:HauntingLick","floor":44},{"not_picked":["Slimebound:PressTheAttack","Slimebound:LeechingTouch+1","Slimebound:SlimeSpikes"],"picked":"SKIP","floor":44},{"not_picked":["Slimebound:LeechEnergy","Slimebound:SplitLeeching","Slimebound:Repurpose+1"],"picked":"SKIP","floor":45},{"not_picked":["Slimebound:SplitMire","Slimebound:ForwardTackle","Slimebound:SplitLeeching"],"picked":"SKIP","floor":45},{"not_picked":["Slimebound:SplitLeeching+1","Slimebound:LivingWall+1"],"picked":"Slimebound:FinishingTackle","floor":46},{"not_picked":["Slimebound:SlimeBrawl+1","Slimebound:FlameTackle+1"],"picked":"Slimebound:HauntingLick+1","floor":46},{"not_picked":["Slimebound:LeadByExample+1","Slimebound:SplitMire"],"picked":"Slimebound:Replication+1","floor":47},{"not_picked":["Slimebound:OneTwoCombo","Slimebound:SlimeSpikes"],"picked":"Slimebound:RainOfGoop","floor":47},{"not_picked":["Slimebound:SplitMire","Slimebound:FlameTackle+1"],"picked":"Slimebound:HauntingLick","floor":48},{"not_picked":["Slimebound:SlimeSpikes","Slimebound:SlimeBarrage+1","Slimebound:RainOfGoop"],"picked":"Slimebound:MegaLick+1","floor":49},{"not_picked":["Slimebound:ComboTackle+1","Slimebound:Prepare","Slimebound:Darklings"],"picked":"Slimebound:Recollect","floor":49}],"player_experience":213519,"relics_obtained":[{"floor":0.0,"key":"Potion Belt"},{"floor":0.0,"key":"reliquary:PrincelyHelmet"},{"floor":0.0,"key":"Bird Faced Urn"},{"floor":7.0,"key":"Oddly Smooth Stone"},{"floor":14.0,"key":"Lantern"},{"floor":23.0,"key":"CaptainsWheel"},{"floor":23.0,"key":"reliquary:FeatherDuster"},{"floor":26.0,"key":"reliquary:NewFriend"},{"floor":29.0,"key":"reliquary:Knoch"},{"floor":29.0,"key":"Strawberry"},{"floor":41,"key":"Regal Pillow"},{"floor":42,"key":"TungstenRod"},{"floor":48,"key":"Question Card"},{"floor":48,"key":"White Beast Statue"}],"event_choices":[{"cards_removed":["Slimebound:Grow"],"damage_healed":0,"gold_gain":0,"player_choice":"Removed Power","damage_taken":0,"max_hp_gain":0,"max_hp_loss":0,"event_name":"Falling","floor":40,"gold_loss":0}],"is_beta":true,"boss_relics":[{"not_picked":["Coffee Dripper","reliquary:WritOfMandamus"],"picked":"Black Star"},{"not_picked":["Sozu","Runic Dome"],"picked":"reliquary:KinkedSpring"}],"items_purged_floors":[],"is_endless":false,"potions_floor_spawned":[2,5,8,15,20,22,25,28,31,32,33,36,37,42,46,47,48,49],"killed_by":"DF_ARCHETYPE_ORBS","ascension_level":2}}