{"host":"iy58fyt9wsbv4cf1","time":1613440476,"event":{"mods":["BaseMod","Better Altar","Better Match","Better Skull","Better Third Choice","BetterRewards","Conspire","Custom Start","Defuse TimeMaze Blight","Hubris","Infinite Spire","Minty Spire (QoL Compilation)","Permanent Neow","Quick Restart","Spicy Shops","StSLib"],"gold_per_floor":[113,113,68,82,82,82,101,1,25,36,68,68,98,104,104,205,205,222,237,337,274,290,303,303,402,402,402,177,177,27,44,44,149,149,162,212,223,223,223,248,260,287,299,334,360,385,428,450,462,474,486,498,100,135,135],"floor_reached":56,"language":"ENG","playtime":1868,"items_purged":["Strike_R","Strike_R","Strike_R","Strike_R","Strike_R","Defend_R","Defend_R","Bash","Defend_R+1","Defend_R+1"],"score":1590,"play_id":"9ed01a31-8609-4060-9d64-0e4598a8ccfd","local_time":"20210215205436","is_ascension_mode":false,"campfire_choices":[{"data":"Body Slam","floor":6.0,"key":"SMITH"},{"data":"Shrug It Off","floor":12.0,"key":"SMITH"},{"data":"Flame Barrier","floor":15.0,"key":"SMITH"},{"data":"Defend_R","floor":24,"key":"SMITH"},{"data":"Defend_R","floor":29,"key":"SMITH"},{"data":"Thunderclap","floor":32,"key":"SMITH"},{"data":"Offering","floor":41,"key":"SMITH"},{"floor":49,"key":"RECALL"},{"data":"Barricade","floor":52,"key":"SMITH"}],"circlet_count":0,"master_deck":["Shrug It Off+1","Body Slam+1","Flame Barrier+1","Body Slam+1","Shrug It Off+1","Thunderclap+1","Shrug It Off+1","Offering+1","Barricade+1","Shrug It Off+1"],"relics":["Burning Blood","Oddly Smooth Stone","Lee\u0027s Waffle","Bag of Preparation","Anchor","PreservedInsect","infinitespire:Midas Blood","infinitespire:PuzzleCube","Membership Card","SlaversCollar","infinitespire:ShieldingShard","Calipers","Tiny Chest","TheAbacus","conspire:TreasureMap","hubris:MedicalManual","MawBank","Boot","conspire:GiftBox","hubris:CrystalStatue","DollysMirror","Centennial Puzzle"],"acts_visited":["Exordium","TheCity","TheBeyond","TheEnding"],"potions_floor_usage":[],"damage_taken":[{"damage":0.0,"enemies":"conspire:RoseBush","floor":1.0,"turns":2.0},{"damage":0.0,"enemies":"Small Slimes","floor":4.0,"turns":2.0},{"damage":0.0,"enemies":"infinitespire:Voidling","floor":7.0,"turns":1.0},{"damage":0.0,"enemies":"Exordium Thugs","floor":10.0,"turns":3.0},{"damage":3.0,"enemies":"3 Sentries","floor":11.0,"turns":6.0},{"damage":0.0,"enemies":"Lagavulin","floor":13.0,"turns":2.0},{"damage":30,"enemies":"Slime Boss","floor":16,"turns":9},{"damage":0,"enemies":"Spheric Guardian","floor":18,"turns":1},{"damage":0,"enemies":"Shell Parasite","floor":19,"turns":1},{"damage":0,"enemies":"Sentry and Sphere","floor":22,"turns":2},{"damage":13,"enemies":"conspire:HollyBat","floor":23,"turns":5},{"damage":0,"enemies":"Chosen and Byrds","floor":31,"turns":1},{"damage":0,"enemies":"Automaton","floor":33,"turns":4},{"damage":0,"enemies":"3 Shapes","floor":35,"turns":1},{"damage":0,"enemies":"Mind Bloom Boss Battle","floor":36,"turns":1},{"damage":0,"enemies":"Orb Walker","floor":37,"turns":1},{"damage":0,"enemies":"Nightmare","floor":40,"turns":1},{"damage":0,"enemies":"Sphere and 2 Shapes","floor":42,"turns":1},{"damage":0,"enemies":"4 Shapes","floor":45,"turns":1},{"damage":0,"enemies":"Maw","floor":46,"turns":1},{"damage":0,"enemies":"Nemesis","floor":47,"turns":1},{"damage":0,"enemies":"Sphere and 2 Shapes","floor":48,"turns":2},{"damage":0,"enemies":"Donu and Deca","floor":50,"turns":3},{"damage":0,"enemies":"Shield and Spear","floor":54,"turns":1},{"damage":0,"enemies":"The Heart","floor":55,"turns":3}],"seed_played":"-1208927724006135727","potions_obtained":[{"floor":1.0,"key":"Regen Potion"},{"floor":4.0,"key":"Explosive Potion"},{"floor":13.0,"key":"conspire:TimeTravelPotion"}],"is_trial":false,"path_per_floor":["M","?","$","M","?","R","M","$","T","M","E","R","E","$","R","B",null,"M","M","?","$","M","M","R","?","T","?","$","R","$","M","R","B",null,"M","?","M","?","?","NM","R","M","T","T","M","M","E","M","R","B",null,"R","$","E","B",null],"character_chosen":"IRONCLAD","items_purchased":["Shrug It Off","Body Slam","Oddly Smooth Stone","Flame Barrier","Lee\u0027s Waffle","Bag of Preparation","Anchor","Body Slam","Membership Card","Tiny Chest","TheAbacus","conspire:TreasureMap","Thunderclap","hubris:CrystalStatue","DollysMirror"],"campfire_rested":0,"item_purchase_floors":[0,0,0,0,0,0,0,3,14,28,28,30,30,53,53],"current_hp_per_floor":[87,87,87,87,79,79,85,85,85,87,87,87,87,56,56,32,87,87,87,87,87,87,80,80,80,80,80,80,80,80,86,86,87,87,87,87,87,87,83,83,83,83,83,83,83,83,83,83,83,83,83,83,83,83,83],"gold":135,"neow_bonus":"","is_daily":false,"chose_seed":false,"campfire_upgraded":8,"win_rate":0.0,"timestamp":1613440476,"path_taken":["M","?","$","M","?","R","?","?","T","M","E","R","E","?","R","BOSS","M","M","?","$","M","?","R","?","T","?","?","R","$","M","R","BOSS","M","?","M","?","?","NM","R","M","T","?","M","M","E","M","R","BOSS","R","$","E","BOSS"],"items_purchased_type":["Card","Card","Relic","Card","Relic","Relic","Relic","Card","Relic","Relic","Relic","Relic","Card","Relic","Relic"],"build_version":"2020-12-22","purchased_purges":10,"victory":true,"max_hp_per_floor":[87,87,87,87,87,87,87,87,87,87,87,87,87,87,87,87,87,87,87,87,87,87,87,87,87,87,87,87,87,87,87,87,87,87,87,87,87,87,83,83,83,83,83,83,83,83,83,83,83,83,83,83,83,83,83],"card_choices":[{"not_picked":["Twin Strike","Flex","Armaments"],"picked":"SKIP","floor":1.0},{"not_picked":["Intimidate","Heavy Blade","Sword Boomerang"],"picked":"SKIP","floor":4.0},{"not_picked":["Perfected Strike","Thunderclap","Heavy Blade"],"picked":"SKIP","floor":7.0},{"not_picked":["Searing Blow","conspire:Charge","Clash"],"picked":"SKIP","floor":10.0},{"not_picked":["Spot Weakness","Flex","Reckless Charge"],"picked":"SKIP","floor":11.0},{"not_picked":["Heavy Blade","infinitespire:OneForAll","Armaments"],"picked":"SKIP","floor":13.0},{"not_picked":["Wild Strike","Cleave"],"picked":"Shrug It Off+1","floor":18},{"not_picked":["Heavy Blade","Warcry+1","Ghostly Armor"],"picked":"SKIP","floor":19},{"not_picked":["Iron Wave","Cleave","Flame Barrier"],"picked":"SKIP","floor":22},{"not_picked":["hubris:ReadiedAction","Feel No Pain","Bloodletting"],"picked":"SKIP","floor":23},{"not_picked":["Clash","Warcry","Shrug It Off+1"],"picked":"SKIP","floor":31},{"not_picked":["Clash","Warcry"],"picked":"Shrug It Off+1","floor":31},{"not_picked":["Double Tap","Demon Form"],"picked":"Offering","floor":33},{"not_picked":["Fire Breathing","Armaments","Bloodletting"],"picked":"SKIP","floor":35},{"not_picked":["Perfected Strike","Clash","Thunderclap"],"picked":"SKIP","floor":37},{"not_picked":["Shrug It Off","Limit Break","Reckless Charge"],"picked":"SKIP","floor":40},{"not_picked":["Anger","Intimidate+1","Pommel Strike+1"],"picked":"SKIP","floor":42},{"not_picked":["Burning Pact","Carnage+1","Pommel Strike"],"picked":"SKIP","floor":45},{"not_picked":["Havoc","Seeing Red","Rampage"],"picked":"SKIP","floor":46},{"not_picked":["Exhume","Corruption"],"picked":"Barricade","floor":47},{"not_picked":["Perfected Strike+1","Metallicize+1","Body Slam"],"picked":"SKIP","floor":47},{"not_picked":["Pommel Strike","Reaper","Flex"],"picked":"SKIP","floor":48},{"not_picked":["Twin Strike+1","Disarm+1","Body Slam"],"picked":"SKIP","floor":54}],"player_experience":43427,"relics_obtained":[{"floor":9.0,"key":"PreservedInsect"},{"floor":11.0,"key":"infinitespire:Midas Blood"},{"floor":13.0,"key":"infinitespire:PuzzleCube"},{"floor":26,"key":"infinitespire:ShieldingShard"},{"floor":36,"key":"hubris:MedicalManual"},{"floor":40,"key":"MawBank"},{"floor":44,"key":"Boot"},{"floor":47,"key":"conspire:GiftBox"},{"floor":54,"key":"Centennial Puzzle"}],"event_choices":[{"damage_healed":0.0,"max_hp_gain":0.0,"max_hp_loss":0.0,"gold_gain":0.0,"event_name":"Wheel of Change","player_choice":"Damaged","floor":5.0,"gold_loss":0.0,"damage_taken":8.0},{"damage_healed":0,"gold_gain":100,"player_choice":"Pray","damage_taken":0,"max_hp_gain":0,"max_hp_loss":0,"event_name":"Golden Shrine","floor":20,"gold_loss":0},{"damage_healed":0,"gold_gain":99,"player_choice":"Steal","damage_taken":0,"max_hp_gain":0,"max_hp_loss":0,"event_name":"betterThird:BetterNest","floor":25,"gold_loss":0},{"damage_healed":0,"gold_gain":0,"player_choice":"Opened","damage_taken":0,"relics_obtained":["Calipers"],"max_hp_gain":0,"max_hp_loss":0,"event_name":"The Mausoleum","floor":27,"gold_loss":0},{"damage_healed":0,"gold_gain":0,"player_choice":"Fight","damage_taken":0,"max_hp_gain":0,"max_hp_loss":0,"event_name":"MindBloom","floor":36,"gold_loss":0},{"damage_healed":0,"gold_gain":0,"player_choice":"Ignored","damage_taken":0,"max_hp_gain":0,"max_hp_loss":0,"event_name":"Tomb of Lord Red Mask","floor":38,"gold_loss":0},{"damage_healed":0,"gold_gain":0,"player_choice":"Max HP","damage_taken":0,"max_hp_gain":0,"max_hp_loss":4,"event_name":"Winding Halls","floor":39,"gold_loss":0}],"is_beta":false,"boss_relics":[{"not_picked":["Philosopher\u0027s Stone","hubris:HollowSoul"],"picked":"SlaversCollar"},{"not_picked":["Runic Pyramid","SacredBark","Pandora\u0027s Box"]}],"items_purged_floors":[0,8,14,14,14,21,28,30,53,53],"is_endless":false,"potions_floor_spawned":[1,4,13,16,22,31,33,37,42,45,46],"ascension_level":0}}