{"host":"jpqwruqnh1dd5q7l","time":1613514494,"event":{"mods":["AchievementEnabler","Alarm Clock","BaseMod","Better Altar","Better Match","Better Note","Better Sensory Stone","Better Skull","Chat Monstrosity","ChefMod","Colored Powertips","Curses Come First","Hermit","Marisa????????","Minty Spire (QoL Compilation)","Rare Cards Sparkle","Relic Sorter","Shop Mod","Spire Birthday Party","StSLib","The Disciple","The Exalted","slay the spire mod where everything is the same but ironclad has a cowboy hat"],"gold_per_floor":[111,286,300,300,300,300,317,13,40,67,87,100,100,115,115,210,210,221,221,234,141,66,66,66],"floor_reached":23,"language":"ENG","playtime":1917,"items_purged":["Doubt"],"score":191,"play_id":"50ff92a9-39a2-41b5-90ea-b1d7250a4d4c","local_time":"20210216172814","is_ascension_mode":false,"campfire_choices":[{"data":"Crippling Poison","floor":6,"key":"SMITH"},{"floor":13,"key":"REST"},{"data":"Masterful Stab","floor":15,"key":"SMITH"}],"circlet_count":0,"master_deck":["Strike_G","Strike_G","Strike_G","Strike_G","Strike_G","Defend_G","Defend_G","Defend_G","Defend_G","Defend_G","Survivor","Neutralize","Underhanded Strike","Crippling Poison+1","Poisoned Stab","Masterful Stab+1","Deadly Poison","A Thousand Cuts","Dagger Throw+1","Dagger Spray+1","Forethought+1"],"relics":["Ring of the Serpent","Bromod:ArcanePulse","Darkstone Periapt","Membership Card","Pantograph","Dream Catcher","Nunchaku","Bag of Marbles"],"acts_visited":["Exordium","TheCity"],"potions_floor_usage":[3,16,16],"damage_taken":[{"damage":1,"enemies":"Cultist","floor":1,"turns":4},{"damage":5,"enemies":"Jaw Worm","floor":3,"turns":4},{"damage":1,"enemies":"2 Louse","floor":7,"turns":3},{"damage":31,"enemies":"Gremlin Nob","floor":10,"turns":5},{"damage":2,"enemies":"Blue Slaver","floor":11,"turns":3},{"damage":0,"enemies":"Lots of Slimes","floor":12,"turns":4},{"damage":0,"enemies":"3 Louse","floor":14,"turns":2},{"damage":19,"enemies":"The Guardian","floor":16,"turns":11},{"damage":0,"enemies":"3 Byrds","floor":18,"turns":4},{"damage":12,"enemies":"Shell Parasite","floor":20,"turns":5},{"damage":58,"enemies":"Book of Stabbing","floor":23,"turns":7}],"seed_played":"-1748899097612921675","potions_obtained":[{"floor":1,"key":"Energy Potion"},{"floor":12,"key":"CunningPotion"},{"floor":14,"key":"ColorlessPotion"}],"is_trial":false,"path_per_floor":["M","?","M","T","?","R","M","$","T","E","M","M","R","M","R","B",null,"M","?","M","?","?","E"],"character_chosen":"THE_SILENT","items_purchased":["Membership Card","Pantograph"],"campfire_rested":1,"item_purchase_floors":[8,8],"current_hp_per_floor":[48,48,43,43,67,67,66,66,66,35,33,33,55,55,55,51,70,70,70,58,58,58,0,0],"gold":66,"neow_bonus":"ONE_RARE_RELIC","is_daily":false,"chose_seed":false,"campfire_upgraded":2,"win_rate":0.0,"timestamp":1613514494,"path_taken":["M","?","M","?","?","R","M","?","T","E","?","M","R","M","R","BOSS","M","?","M","?","?","E"],"items_purchased_type":["Relic","Relic"],"build_version":"2020-12-22","purchased_purges":1,"victory":false,"max_hp_per_floor":[70,70,70,70,70,70,70,70,70,70,70,70,70,70,70,70,70,70,70,70,70,70,70,70],"card_choices":[{"not_picked":["Escape Plan","Slice"],"picked":"Underhanded Strike","floor":1},{"not_picked":["Sucker Punch","Dodge and Roll"],"picked":"Crippling Poison","floor":3},{"not_picked":["Backflip","Deflect"],"picked":"Poisoned Stab","floor":7},{"not_picked":["Accuracy","Blade Dance"],"picked":"Masterful Stab","floor":10},{"not_picked":["Bane","Quick Slash","Outmaneuver"],"picked":"SKIP","floor":11},{"not_picked":["Burst","Riddle With Holes","Bane"],"picked":"SKIP","floor":12},{"not_picked":["Dagger Throw","Outmaneuver"],"picked":"Deadly Poison","floor":14},{"not_picked":["Tools of the Trade","Grand Finale"],"picked":"A Thousand Cuts","floor":16},{"not_picked":["Deadly Poison","Outmaneuver"],"picked":"Dagger Throw+1","floor":18},{"not_picked":["Flying Knee","Tactician"],"picked":"Dagger Spray+1","floor":20},{"not_picked":["Enlightenment+1","Discovery+1"],"picked":"Forethought+1","floor":22}],"player_experience":191478,"relics_obtained":[{"floor":4,"key":"Darkstone Periapt"},{"floor":9,"key":"Dream Catcher"},{"floor":10,"key":"Nunchaku"}],"event_choices":[{"damage_healed":0,"gold_gain":175,"player_choice":"AGREE","damage_taken":0,"max_hp_gain":0,"max_hp_loss":0,"event_name":"Liars Game","floor":2,"gold_loss":0,"cards_obtained":["Doubt"]},{"damage_healed":23,"gold_gain":0,"player_choice":"Banana","damage_taken":0,"max_hp_gain":0,"max_hp_loss":0,"event_name":"Big Fish","floor":5,"gold_loss":0},{"damage_healed":0,"gold_gain":0,"player_choice":"Ignored","damage_taken":0,"max_hp_gain":0,"max_hp_loss":0,"event_name":"N\u0027loth","floor":19,"gold_loss":0},{"damage_healed":0,"gold_gain":0,"player_choice":"Paid Gold","damage_taken":0,"relics_obtained":["Bag of Marbles"],"max_hp_gain":0,"max_hp_loss":0,"event_name":"WeMeetAgain","floor":21,"gold_loss":93},{"damage_healed":0,"gold_gain":0,"player_choice":"2","damage_taken":0,"max_hp_gain":0,"max_hp_loss":0,"event_name":"betterMatch:BetterMatch","floor":22,"gold_loss":0,"cards_obtained":["betterMatch:ColorlessUncommonCard"]}],"is_beta":false,"boss_relics":[{"not_picked":["Busted Crown","Tiny House"],"picked":"Ring of the Serpent"}],"items_purged_floors":[8],"is_endless":false,"potions_floor_spawned":[1,12,14],"killed_by":"Book of Stabbing","ascension_level":0}}