{"host":"abdxwahegzejqccj","time":1613463438,"event":{"mods":["BaseMod","Better Note","BetterRewards","Colored Powertips","Downfall","Hermit","Minty Spire (QoL Compilation)","StSLib","The Cursed"],"gold_per_floor":[114,133,143,161,175,203,216,216,216,244,244,278,125,125,125,227,227,244,257,52,52,66,94,94,94],"floor_reached":24,"language":"ENG","playtime":1371,"items_purged":["Strike_B","Strike_B"],"score":406,"play_id":"cf7312ea-87b0-4e6b-ab98-addd91713611","local_time":"20210216191718","is_ascension_mode":true,"campfire_choices":[{"data":"Hologram","floor":11,"key":"SMITH"},{"floor":15,"key":"REST"}],"circlet_count":0,"master_deck":["Strike_B","Strike_B","Defend_B","Defend_B","Defend_B","Defend_B","Zap","Dualcast","Cold Snap","Stack","Scrape","Streamline","Hologram+1","Go for the Eyes","Blizzard","Sweeping Beam","Skim","Machine Learning","Melter","Electrodynamics","Ball Lightning","Beam Cell","Leap","Go for the Eyes","Gash"],"relics":["Cracked Core","Shuriken","Bag of Marbles","Bronze Scales","StoneCalendar","Guardian:PocketSentry","Philosopher\u0027s Stone","Bottled Lightning"],"acts_visited":["Exordium","TheCity"],"potions_floor_usage":[6,6,10,18,23],"damage_taken":[{"damage":2,"enemies":"Jaw Worm","floor":1,"turns":3},{"damage":0,"enemies":"Small Slimes","floor":2,"turns":2},{"damage":2,"enemies":"2 Louse","floor":3,"turns":3},{"damage":10,"enemies":"Exordium Wildlife","floor":4,"turns":3},{"damage":9,"enemies":"Blue Slaver","floor":5,"turns":4},{"damage":10,"enemies":"Lagavulin","floor":6,"turns":6},{"damage":7,"enemies":"2 Fungi Beasts","floor":7,"turns":3},{"damage":10,"enemies":"Gremlin Nob","floor":10,"turns":3},{"damage":18,"enemies":"3 Sentries","floor":12,"turns":5},{"damage":19,"enemies":"The Guardian","floor":16,"turns":8},{"damage":0,"enemies":"2 Thieves","floor":18,"turns":2},{"damage":16,"enemies":"Shell Parasite","floor":19,"turns":4},{"damage":7,"enemies":"Centurion and Healer","floor":22,"turns":4},{"damage":31,"enemies":"Slavers","floor":23,"turns":5},{"damage":26,"enemies":"Snake Plant","floor":24,"turns":2}],"seed_played":"6333776983036616887","potions_obtained":[{"floor":3,"key":"SkillPotion"},{"floor":4,"key":"AttackPotion"},{"floor":6,"key":"SteroidPotion"},{"floor":16,"key":"Slimebound:ThreeZeroPotion"},{"floor":19,"key":"FearPotion"}],"is_trial":false,"path_per_floor":["M","M","M","M","M","E","M","?","T","E","R","E","$","?","R","B",null,"M","M","$","?","M","E","M"],"character_chosen":"DEFECT","items_purchased":["Shuriken","Cold Snap","Melter","Leap","Go for the Eyes"],"campfire_rested":1,"item_purchase_floors":[0,0,13,20,20],"current_hp_per_floor":[63,63,61,51,42,32,25,50,50,40,40,22,22,22,44,25,75,75,59,59,59,52,21,0,0],"gold":94,"neow_bonus":"","is_daily":false,"chose_seed":false,"campfire_upgraded":1,"win_rate":0.0,"timestamp":1613463438,"path_taken":["M","M","M","M","M","E","M","?","T","E","R","E","$","?","R","BOSS","M","M","$","?","M","E","M"],"items_purchased_type":["Relic","Card","Card","Card","Card"],"build_version":"2020-12-22","purchased_purges":2,"victory":false,"max_hp_per_floor":[75,75,75,75,75,75,75,75,75,75,75,75,75,75,75,75,75,75,75,75,75,75,75,75,75],"card_choices":[{"not_picked":["Aggregate","Sunder"],"picked":"Stack","floor":1},{"not_picked":["Reprogram","Redo"],"picked":"Scrape","floor":2},{"not_picked":["Reinforced Body","Stack"],"picked":"Streamline","floor":3},{"not_picked":["Lockon","Tempest"],"picked":"Hologram","floor":4},{"not_picked":["Compile Driver","Amplify"],"picked":"Go for the Eyes","floor":5},{"not_picked":["Doom and Gloom","Lockon"],"picked":"Blizzard","floor":6},{"not_picked":["Fusion","Compile Driver"],"picked":"Sweeping Beam","floor":7},{"not_picked":["Streamline","Stack"],"picked":"Skim","floor":10},{"not_picked":["Hologram","BootSequence"],"picked":"Machine Learning","floor":12},{"not_picked":["Thunder Strike","Hyperbeam"],"picked":"Electrodynamics","floor":16},{"not_picked":["Gash","Skim+1"],"picked":"Ball Lightning","floor":18},{"not_picked":["Redo","Rebound"],"picked":"Beam Cell","floor":19},{"not_picked":["Streamline","Turbo","Consume"],"picked":"SKIP","floor":22},{"not_picked":["Sweeping Beam","Compile Driver+1"],"picked":"Gash","floor":23}],"player_experience":406490,"relics_obtained":[{"floor":6,"key":"Bag of Marbles"},{"floor":9,"key":"Bronze Scales"},{"floor":10,"key":"StoneCalendar"},{"floor":12,"key":"Guardian:PocketSentry"},{"floor":23,"key":"Bottled Lightning"}],"event_choices":[{"damage_healed":25,"gold_gain":0,"player_choice":"Banana","damage_taken":0,"max_hp_gain":0,"max_hp_loss":0,"event_name":"Big Fish","floor":8,"gold_loss":0},{"damage_healed":0,"gold_gain":0,"player_choice":"Fled","damage_taken":0,"max_hp_gain":0,"max_hp_loss":0,"event_name":"Scrap Ooze","floor":14,"gold_loss":0}],"is_beta":false,"boss_relics":[{"not_picked":["Fusion Hammer","Empty Cage"],"picked":"Philosopher\u0027s Stone"}],"items_purged_floors":[13,20],"is_endless":false,"potions_floor_spawned":[3,4,6,16,19],"killed_by":"Snake Plant","ascension_level":4}}