{"host":"utqe55yv0jihe4d6","time":1613448826,"event":{"mods":["2.2 Compatiblity","AchievementEnabler","BaseMod","Block Reminder","Colored Map","Colored Powertips","Minty Spire (QoL Compilation)","Quick Restart","Rare Cards Sparkle","Relic Stats","SuperFastMode"],"gold_per_floor":[114,114,39,54,70,98,98,110,136,15,32,32,50,50,50,126,126,140,65,85,85,85],"floor_reached":21,"language":"ENG","playtime":448,"items_purged":["Strike_R"],"score":362,"play_id":"aa4b60e4-35ef-446c-85ce-04df35850bc9","local_time":"20210215231346","is_ascension_mode":true,"campfire_choices":[{"data":"Hemokinesis","floor":7.0,"key":"SMITH"},{"floor":12.0,"key":"REST"},{"floor":15.0,"key":"REST"}],"circlet_count":0,"master_deck":["AscendersBane","Strike_R","Strike_R","Defend_R","Defend_R","Defend_R","Defend_R","Bash","Hemokinesis+1","Spot Weakness","Twin Strike","Barricade","Dual Wield","Inflame+1","Flame Barrier","Pummel","Shrug It Off","Immolate","Feel No Pain"],"relics":["Burning Blood","NeowsBlessing","Oddly Smooth Stone","Ancient Tea Set","Runic Dome"],"acts_visited":["Exordium","TheCity"],"potions_floor_usage":[],"damage_taken":[{"damage":0.0,"enemies":"2 Louse","floor":1.0,"turns":1.0},{"damage":0.0,"enemies":"Small Slimes","floor":4.0,"turns":2.0},{"damage":0.0,"enemies":"Jaw Worm","floor":5.0,"turns":1.0},{"damage":52.0,"enemies":"3 Sentries","floor":6.0,"turns":10.0},{"damage":8.0,"enemies":"Exordium Thugs","floor":8.0,"turns":5.0},{"damage":22.0,"enemies":"3 Louse","floor":11.0,"turns":4.0},{"damage":16.0,"enemies":"Lots of Slimes","floor":13.0,"turns":5.0},{"damage":43.0,"enemies":"Slime Boss","floor":16.0,"turns":12.0},{"damage":21,"enemies":"2 Thieves","floor":18,"turns":4},{"damage":29,"enemies":"Spheric Guardian","floor":20,"turns":6},{"damage":31,"enemies":"Snecko","floor":21,"turns":4}],"seed_played":"-2937064498199999204","potions_obtained":[{"floor":1.0,"key":"Fruit Juice"},{"floor":5.0,"key":"Dexterity Potion"},{"floor":6.0,"key":"SkillPotion"},{"floor":13.0,"key":"Block Potion"},{"floor":16.0,"key":"Swift Potion"}],"is_trial":false,"path_per_floor":["M","?","?","M","M","E","R","M","T","$","M","R","M","?","R","B",null,"M","$","M","M"],"character_chosen":"IRONCLAD","items_purchased":["Inflame","Flame Barrier"],"campfire_rested":2,"item_purchase_floors":[10,10],"current_hp_per_floor":[74,67,67,73,80,34,34,32,32,32,16,40,30,30,54,17,64,49,49,26,0,0],"gold":85,"neow_bonus":"THREE_ENEMY_KILL","is_daily":false,"chose_seed":false,"campfire_upgraded":1,"win_rate":0.0,"timestamp":1613448826,"path_taken":["M","?","?","M","?","E","R","M","T","?","M","R","M","?","R","BOSS","M","?","M","?"],"items_purchased_type":["Card","Card"],"build_version":"2020-12-22","purchased_purges":1,"victory":false,"max_hp_per_floor":[75,75,75,75,80,80,80,80,80,80,80,80,80,80,80,80,80,80,80,80,80,80],"relic_stats":{"counters":[11,54],"obtain_stats":[{"Runic Dome":17,"NeowsBlessing":0,"Oddly Smooth Stone":6,"Ancient Tea Set":9,"Burning Blood":0},{"Runic Dome":8,"NeowsBlessing":0,"Oddly Smooth Stone":4,"Ancient Tea Set":5,"Burning Blood":0},{"Runic Dome":40,"NeowsBlessing":0,"Oddly Smooth Stone":14,"Ancient Tea Set":19,"Burning Blood":0}],"Burning Blood":56},"card_choices":[{"not_picked":["Body Slam","True Grit"],"picked":"Hemokinesis","floor":1.0},{"not_picked":["Thunderclap","Headbutt"],"picked":"Spot Weakness","floor":4.0},{"not_picked":["Pommel Strike","Combust"],"picked":"Twin Strike","floor":5.0},{"not_picked":["Anger","Berserk"],"picked":"Barricade","floor":6.0},{"not_picked":["Heavy Blade","Bloodletting"],"picked":"Dual Wield","floor":8.0},{"not_picked":["Havoc","Warcry"],"picked":"Pummel","floor":11.0},{"not_picked":["Wild Strike","Thunderclap"],"picked":"Shrug It Off","floor":13.0},{"not_picked":["Brutality","Impervious"],"picked":"Immolate","floor":16.0},{"not_picked":["Sword Boomerang","Wild Strike+1","Infernal Blade"],"picked":"SKIP","floor":18},{"not_picked":["Sword Boomerang","Ghostly Armor"],"picked":"Feel No Pain","floor":20}],"player_experience":3073818,"relics_obtained":[{"floor":6.0,"key":"Oddly Smooth Stone"},{"floor":9.0,"key":"Ancient Tea Set"}],"event_choices":[{"cards_removed":["Strike_R"],"damage_healed":0.0,"max_hp_gain":0.0,"max_hp_loss":0.0,"gold_gain":0.0,"event_name":"Golden Wing","player_choice":"Card Removal","floor":2.0,"gold_loss":0.0,"damage_taken":7.0},{"cards_removed":["Strike_R"],"damage_healed":0.0,"max_hp_gain":0.0,"max_hp_loss":0.0,"gold_gain":0.0,"event_name":"The Cleric","player_choice":"Card Removal","floor":3.0,"gold_loss":75.0,"damage_taken":0.0},{"damage_healed":0.0,"max_hp_gain":0.0,"max_hp_loss":0.0,"gold_gain":0.0,"event_name":"Upgrade Shrine","player_choice":"Upgraded","floor":14.0,"gold_loss":0.0,"damage_taken":0.0,"cards_upgraded":["Inflame"]}],"is_beta":false,"boss_relics":[{"not_picked":["Astrolabe","Pandora\u0027s Box"],"picked":"Runic Dome"}],"items_purged_floors":[19],"is_endless":false,"potions_floor_spawned":[1,5,6,13,16],"killed_by":"Snecko","ascension_level":20}}