{"host":"xem0ils3rh1wti7f","time":1613475352,"event":{"mods":["BaseMod","Colored Map","Highlight Path","Minty Spire (QoL Compilation)"],"gold_per_floor":[110,125,125,125,201,240,240,240,308,159,172,172,185,226,226,226,226],"floor_reached":16,"language":"ENG","playtime":974,"items_purged":["Strike_B"],"score":108,"play_id":"a50b749b-19ea-41b2-b84f-312cc613f28e","local_time":"20210216123552","is_ascension_mode":false,"campfire_choices":[{"data":"Zap","floor":7,"key":"SMITH"},{"floor":12,"key":"REST"},{"floor":15,"key":"REST"}],"circlet_count":0,"master_deck":["Strike_B","Strike_B","Defend_B","Defend_B","Defend_B+1","Defend_B","Zap+1","Dualcast","Melter","Conserve Battery+1","Reboot","Rebound","Compile Driver","Static Discharge","Capacitor","Loop"],"relics":["Cracked Core","Smiling Mask","Golden Idol","Centennial Puzzle","InkBottle","Torii"],"acts_visited":["Exordium"],"potions_floor_usage":[14,16],"damage_taken":[{"damage":12,"enemies":"2 Louse","floor":1,"turns":2},{"damage":3,"enemies":"Small Slimes","floor":2,"turns":3},{"damage":15,"enemies":"3 Sentries","floor":6,"turns":9},{"damage":3,"enemies":"Jaw Worm","floor":11,"turns":3},{"damage":20,"enemies":"Gremlin Gang","floor":13,"turns":4},{"damage":1,"enemies":"Lagavulin","floor":14,"turns":7},{"damage":36,"enemies":"Slime Boss","floor":16,"turns":5}],"seed_played":"7930843236339592559","potions_obtained":[{"floor":1,"key":"LiquidBronze"},{"floor":6,"key":"SkillPotion"},{"floor":14,"key":"ColorlessPotion"}],"is_trial":false,"path_per_floor":["M","M","?","?","?","E","R","?","T","$","M","R","M","E","R","B"],"character_chosen":"DEFECT","items_purchased":["Compile Driver","Static Discharge"],"campfire_rested":2,"item_purchase_floors":[10,10],"current_hp_per_floor":[63,60,60,42,42,27,27,12,12,12,9,31,11,10,32,0,0],"gold":226,"neow_bonus":"RANDOM_COMMON_RELIC","is_daily":false,"chose_seed":false,"campfire_upgraded":1,"win_rate":0.0,"timestamp":1613475352,"path_taken":["M","M","?","?","?","E","R","?","T","$","M","R","M","E","R","BOSS"],"items_purchased_type":["Card","Card"],"build_version":"2020-12-22","purchased_purges":1,"victory":false,"max_hp_per_floor":[75,75,75,75,75,75,75,75,75,75,75,75,75,75,75,75,75],"card_choices":[{"not_picked":["Auto Shields","Skim"],"picked":"Melter","floor":1},{"not_picked":["Go for the Eyes","Darkness"],"picked":"Conserve Battery","floor":2},{"not_picked":["Rip and Tear","Force Field"],"picked":"Rebound","floor":6},{"not_picked":["Coolheaded","Gash"],"picked":"Capacitor","floor":11},{"not_picked":["Steam","Redo","Barrage"],"picked":"SKIP","floor":13},{"not_picked":["Beam Cell","Consume"],"picked":"Loop","floor":14}],"player_experience":37749,"relics_obtained":[{"floor":6,"key":"Centennial Puzzle"},{"floor":9,"key":"InkBottle"},{"floor":14,"key":"Torii"}],"event_choices":[{"damage_healed":0,"gold_gain":0,"cards_transformed":["Strike_B"],"player_choice":"Change","damage_taken":0,"max_hp_gain":0,"max_hp_loss":0,"event_name":"Living Wall","floor":3,"gold_loss":0,"cards_obtained":["Reboot"]},{"damage_healed":0,"gold_gain":0,"player_choice":"Take Damage","damage_taken":18,"relics_obtained":["Golden Idol"],"max_hp_gain":0,"max_hp_loss":0,"event_name":"Golden Idol","floor":4,"gold_loss":0},{"damage_healed":0,"gold_gain":76,"player_choice":"Gained Gold","damage_taken":0,"max_hp_gain":0,"max_hp_loss":0,"event_name":"Golden Wing","floor":5,"gold_loss":0},{"damage_healed":0,"gold_gain":0,"player_choice":"Entered Light","damage_taken":15,"max_hp_gain":0,"max_hp_loss":0,"event_name":"Shining Light","floor":8,"gold_loss":0,"cards_upgraded":["Conserve Battery","Defend_B"]}],"is_beta":false,"boss_relics":[],"items_purged_floors":[10],"is_endless":false,"potions_floor_spawned":[1,6,14],"killed_by":"Slime Boss","ascension_level":0}}