{"host":"vyiqbz5w606ur92t","time":1613514471,"event":{"mods":["BaseMod","Downfall","Minty Spire (QoL Compilation)","Relic Stats","StSLib"],"gold_per_floor":[0,19,30,43,118,118,144,144,170,39,67,78,110,122,142,142,142,142],"floor_reached":16,"language":"ENG","playtime":944,"items_purged":["downfall:Icky"],"score":232,"play_id":"03ba79d0-070d-4353-afcb-dfaf6a7a6b34","local_time":"20210216222751","is_ascension_mode":true,"campfire_choices":[{"data":"Slimebound:CorrosiveSpit","floor":1.0,"key":"SMITH"},{"data":"Slimebound:SlimeBrawl","floor":6.0,"key":"SMITH"}],"circlet_count":0,"master_deck":["AscendersBane","Slimebound:Tackle","Slimebound:Defend_Slimebound","Slimebound:Defend_Slimebound","Slimebound:Defend_Slimebound","Slimebound:Defend_Slimebound","Slimebound:Split","Slimebound:CorrosiveSpit+1","Slimebound:GoopSpray","Slimebound:PressTheAttack","Slimebound:SlimeBrawl+1","Slimebound:SplitBruiser","Slimebound:Recycling","Slimebound:SplitMire","Slimebound:SlimeBarrage","Slimebound:OozeBath","Slimebound:Darklings","Slimebound:SlimeBrawl","Slimebound:Darklings","Slimebound:LeadByExample","Slimebound:Darklings","Slimebound:LeadByExample","Slimebound:Repurpose","Slimebound:GoopSpray","Slimebound:MassFeed","Slimebound:SpikyOuterGoop","Slimebound:ProtectTheBoss"],"relics":["Slimebound:AbsorbEndCombat","Prayer Wheel","hexamod:BolsterEngine","Pen Nib","Bottled Lightning","Turnip"],"acts_visited":["Exordium"],"potions_floor_usage":[13,16],"damage_taken":[{"damage":6.0,"enemies":"Small Slimes","floor":2.0,"turns":3.0},{"damage":1.0,"enemies":"Cultist","floor":3.0,"turns":3.0},{"damage":7.0,"enemies":"Jaw Worm","floor":4.0,"turns":2.0},{"damage":20.0,"enemies":"Lagavulin","floor":9.0,"turns":5.0},{"damage":0.0,"enemies":"downfall:FleeingMerchant","floor":10.0,"turns":4.0},{"damage":14.0,"enemies":"Gremlin Nob","floor":11.0,"turns":3.0},{"damage":6.0,"enemies":"downfall:LooterAlt","floor":12.0,"turns":3.0},{"damage":19,"enemies":"3 Sentries","floor":13,"turns":5},{"damage":0,"enemies":"Red Slaver","floor":14,"turns":3},{"damage":0,"enemies":"3 Louse","floor":15,"turns":1},{"damage":32,"enemies":"IC_STATUS_ARCHETYPE","floor":16,"turns":4}],"seed_played":"-3629255584256005316","potions_obtained":[{"floor":4.0,"key":"hexamod:SoulburnPotion"},{"floor":9.0,"key":"ColorlessPotion"},{"floor":12.0,"key":"bronze:BurnAndBuffPotion"},{"floor":15,"key":"Swift Potion"}],"is_trial":false,"path_per_floor":["R","M","M","M","?","R","T","?","E","$","E","M","E","M","M","B"],"character_chosen":"SLIMEBOUND","items_purchased":["Slimebound:LeadByExample"],"campfire_rested":0,"item_purchase_floors":[10],"current_hp_per_floor":[53,51,58,53,53,53,53,53,37,43,35,29,10,12,27,0,0,0],"gold":142,"neow_bonus":"ONE_RARE_RELIC","is_daily":false,"chose_seed":false,"campfire_upgraded":2,"win_rate":0.0,"timestamp":1613514471,"path_taken":["R","M","M","M","?","R","T","?","E","$","E","M","E","M","M","BOSS"],"items_purchased_type":["Card"],"build_version":"2020-12-22","purchased_purges":1,"victory":false,"max_hp_per_floor":[59,59,59,59,59,59,59,59,59,59,59,59,59,59,68,68,68,68],"relic_stats":{"counters":[11,34],"Prayer Wheel":6,"Pen Nib":[1],"Turnip":[0],"obtain_stats":[{"Prayer Wheel":0,"Pen Nib":9,"Turnip":13,"Slimebound:AbsorbEndCombat":0,"Bottled Lightning":11,"hexamod:BolsterEngine":7},{"Prayer Wheel":0,"Pen Nib":4,"Turnip":8,"Slimebound:AbsorbEndCombat":0,"Bottled Lightning":6,"hexamod:BolsterEngine":3},{"Prayer Wheel":0,"Pen Nib":12,"Turnip":26,"Slimebound:AbsorbEndCombat":0,"Bottled Lightning":19,"hexamod:BolsterEngine":8}]},"card_choices":[{"not_picked":["Slimebound:SamplingLick","Slimebound:FlameTackle"],"picked":"Slimebound:GoopSpray","floor":2.0},{"not_picked":["Slimebound:Schlurp","Slimebound:ViciousTackle"],"picked":"Slimebound:PressTheAttack","floor":2.0},{"not_picked":["Slimebound:FinishingTackle","Slimebound:LivingWall"],"picked":"Slimebound:SlimeBrawl","floor":3.0},{"not_picked":["Slimebound:TongueLash","Slimebound:SlimeTap"],"picked":"Slimebound:SplitBruiser","floor":3.0},{"not_picked":["Slimebound:RollThrough","Slimebound:SplitLeeching"],"picked":"Slimebound:Recycling","floor":4.0},{"not_picked":["Slimebound:RejuvenatingLick","Slimebound:Schlurp"],"picked":"Slimebound:SplitMire","floor":4.0},{"not_picked":["Slimebound:GrowthPunch","Slimebound:Schlurp"],"picked":"Slimebound:SlimeBrawl","floor":9.0},{"not_picked":["Slimebound:GrowthPunch","Slimebound:Schlurp"],"picked":"Slimebound:Darklings","floor":10.0},{"not_picked":["Slimebound:Equalize","Slimebound:HauntingLick"],"picked":"Slimebound:Darklings","floor":11.0},{"not_picked":["Slimebound:FlameTackle","Slimebound:LeechingTouch"],"picked":"Slimebound:LeadByExample","floor":12.0},{"not_picked":["Slimebound:RollThrough","Slimebound:ComboTackle","Slimebound:ItLooksTasty"],"picked":"SKIP","floor":12.0},{"not_picked":["Slimebound:Grow","Slimebound:GoopSpray"],"picked":"Slimebound:Repurpose","floor":13},{"not_picked":["Slimebound:RollThrough","Slimebound:FinishingTackle"],"picked":"Slimebound:GoopSpray","floor":14},{"not_picked":["Slimebound:HauntingLick","Slimebound:SamplingLick"],"picked":"Slimebound:MassFeed","floor":14},{"not_picked":["Slimebound:SlimeSpikes","Slimebound:SplitMire"],"picked":"Slimebound:SpikyOuterGoop","floor":15},{"not_picked":["Slimebound:RejuvenatingLick","Slimebound:LeechEnergy"],"picked":"Slimebound:ProtectTheBoss","floor":15}],"player_experience":1810949,"relics_obtained":[{"floor":7.0,"key":"hexamod:BolsterEngine"},{"floor":9.0,"key":"Pen Nib"},{"floor":11.0,"key":"Bottled Lightning"},{"floor":13,"key":"Turnip"}],"event_choices":[],"is_beta":false,"boss_relics":[],"items_purged_floors":[10],"is_endless":false,"potions_floor_spawned":[4,9,12,15],"killed_by":"IC_STATUS_ARCHETYPE","ascension_level":18}}