{"host":"4rvakrj1idbgia3f","time":1613490740,"event":{"mods":["BaseMod","Colored Map","Colored Powertips","DeckTracker","Highlight Path","Minty Spire (QoL Compilation)","Random Character Button","StSLib"],"gold_per_floor":[116,128,146,221,238,238,257,257,257,257,237,571,585,615,615,615,615],"floor_reached":16,"language":"JPN","playtime":499,"items_purged":[],"score":224,"play_id":"ac7d7bea-49ab-4406-9bf7-d12dbf78c825","local_time":"20210217005220","is_ascension_mode":true,"campfire_choices":[{"data":"Poisoned Stab","floor":6.0,"key":"SMITH"},{"data":"Dash","floor":8,"key":"SMITH"},{"data":"Cloak And Dagger","floor":10,"key":"SMITH"},{"data":"Footwork","floor":15,"key":"SMITH"}],"circlet_count":0,"master_deck":["AscendersBane","Strike_G","Strike_G","Strike_G","Strike_G","Strike_G","Defend_G","Defend_G","Defend_G","Defend_G","Defend_G","Survivor","Neutralize","Footwork+1","Poisoned Stab+1","Dash+1","Deflect","Cloak And Dagger+1","Dodge and Roll"],"relics":["Ring of the Snake","NeowsBlessing","Letter Opener","Old Coin","Sundial"],"acts_visited":["Exordium"],"potions_floor_usage":[7,12,14,16,16],"damage_taken":[{"damage":0.0,"enemies":"2 Louse","floor":1.0,"turns":1.0},{"damage":0.0,"enemies":"Jaw Worm","floor":2.0,"turns":1.0},{"damage":0.0,"enemies":"Cultist","floor":3.0,"turns":1.0},{"damage":8.0,"enemies":"Looter","floor":5.0,"turns":4.0},{"damage":16,"enemies":"Gremlin Gang","floor":7,"turns":8},{"damage":13,"enemies":"Gremlin Nob","floor":12,"turns":5},{"damage":0,"enemies":"Blue Slaver","floor":13,"turns":4},{"damage":3,"enemies":"Lagavulin","floor":14,"turns":8},{"damage":10,"enemies":"Slime Boss","floor":16,"turns":7}],"seed_played":"2350561613223533654","potions_obtained":[{"floor":3.0,"key":"Weak Potion"},{"floor":7,"key":"LiquidMemories"},{"floor":11,"key":"Ancient Potion"},{"floor":12,"key":"SkillPotion"},{"floor":14,"key":"Poison Potion"}],"is_trial":false,"path_per_floor":["M","M","M","?","M","R","M","R","T","R","?","E","M","E","R","B"],"character_chosen":"THE_SILENT","items_purchased":[],"campfire_rested":0,"item_purchase_floors":[],"current_hp_per_floor":[59,59,59,48,40,40,24,24,24,24,24,11,11,8,8,0,0],"gold":615,"neow_bonus":"THREE_ENEMY_KILL","is_daily":false,"chose_seed":false,"campfire_upgraded":4,"win_rate":0.0,"timestamp":1613490740,"path_taken":["M","M","M","?","M","R","M","R","T","R","?","E","?","E","R","BOSS"],"items_purchased_type":[],"build_version":"2020-12-22","purchased_purges":0,"victory":false,"max_hp_per_floor":[66,66,66,66,66,66,66,66,66,66,66,66,66,66,66,66,66],"card_choices":[{"not_picked":["Underhanded Strike","Deflect"],"picked":"Footwork","floor":1.0},{"not_picked":["Choke","Well Laid Plans"],"picked":"Poisoned Stab","floor":2.0},{"not_picked":["Skewer","Bouncing Flask"],"picked":"Dash","floor":3.0},{"not_picked":["Endless Agony","Underhanded Strike"],"picked":"Deflect","floor":5.0},{"not_picked":["Bouncing Flask","Quick Slash"],"picked":"Cloak And Dagger","floor":7},{"not_picked":["Outmaneuver","Noxious Fumes","Sucker Punch"],"picked":"SKIP","floor":12},{"not_picked":["Bane","Slice"],"picked":"Dodge and Roll","floor":13},{"not_picked":["Endless Agony","Dash","Flying Knee"],"picked":"SKIP","floor":14}],"player_experience":2404816,"relics_obtained":[{"floor":9,"key":"Letter Opener"},{"floor":12,"key":"Old Coin"},{"floor":14,"key":"Sundial"}],"event_choices":[{"damage_healed":0.0,"max_hp_gain":0.0,"max_hp_loss":0.0,"gold_gain":75.0,"event_name":"World of Goop","player_choice":"Gather Gold","floor":4.0,"gold_loss":0.0,"damage_taken":11.0},{"damage_healed":0,"gold_gain":0,"player_choice":"Bought 1 Potion","damage_taken":0,"max_hp_gain":0,"max_hp_loss":0,"event_name":"The Woman in Blue","floor":11,"gold_loss":0}],"is_beta":false,"boss_relics":[],"items_purged_floors":[],"is_endless":false,"potions_floor_spawned":[3,7,12,14],"killed_by":"Slime Boss","ascension_level":20}}