{"host":"v0xbo920qxoewo3e","time":1613479050,"event":{"mods":["Act Like it!","Aspiration","Astrologer","BaseMod","Conspire","Downfall","Friendly Minions","GifTheSpireLib","Halation","Hermit","Hubris","Infinite Spire","Jedi Mod","Jorbs\u0027s Wanderer Trilogy","Koishi","Marisa????????","Minty Spire (QoL Compilation)","Potionbrewer","Rare Cards Sparkle","Reimu??????","Remilia??????","Replay The Spire","StSLib","Stuff the Spire","The Animator","The Blackbeard","The Bladedancer","The Bug Knight","The Construct","The Cursed","The Disciple","The Gatherer","The Jungle","The Problem Sleuth","The Runesmith","The Servant 0.9.4","TheBandit","Unceasing Turn Reminder"],"gold_per_floor":[99,115,133,152,51,70,70,70,70,70,86,111,111,125,186,291,291,291,291],"floor_reached":17,"language":"ENG","playtime":1630,"items_purged":[],"score":159,"play_id":"0428c215-9770-4a77-ab80-f10d240e7e15","local_time":"20210216143730","is_ascension_mode":false,"campfire_choices":[{"floor":1,"key":"DIG"},{"data":"Guardian:Defend_Guardian","floor":10,"key":"SMITH"},{"data":"Guardian:MultiBeam","floor":13,"key":"SMITH"}],"circlet_count":0,"master_deck":["Guardian:Strike_Guardian","Guardian:Strike_Guardian","Guardian:Strike_Guardian","Guardian:Strike_Guardian","Guardian:Defend_Guardian","Guardian:Defend_Guardian","Guardian:Defend_Guardian","Guardian:Defend_Guardian+1","Guardian:CurlUp","Guardian:TwinSlam","Guardian:Suspension","Guardian:Planning","Guardian:PiercingHide","Guardian:AncientConstruct","Voices","Guardian:MultiBeam+1","Guardian:ChargeCore","Guardian:Reroute","Guardian:ConstructionForm"],"relics":["Guardian:ModeShifter","StuffTheSpire:OldFever","HollowMod:LifeEnderRelic","ReplayTheSpireMod:Ring of Challenge","ReplayTheSpireMod:Ring of Exchange","jedi:gremlinknob","FossilizedHelix","Replay:Grab Bag","hubris:VirtuousBlindfold","Philosopher\u0027s Stone","conspire:RunicOctahedron"],"acts_visited":["Exordium","TheCity"],"potions_floor_usage":[12],"damage_taken":[{"damage":0,"enemies":"conspire:RoseBush","floor":2,"turns":5},{"damage":6,"enemies":"Jaw Worm","floor":3,"turns":3},{"damage":2,"enemies":"Small Slimes","floor":4,"turns":3},{"damage":0,"enemies":"downfall:FleeingMerchant","floor":5,"turns":4},{"damage":1,"enemies":"2 Fungi Beasts","floor":6,"turns":5},{"damage":8,"enemies":"Gremlin Gang","floor":11,"turns":6},{"damage":12,"enemies":"3 Sentries","floor":12,"turns":4},{"damage":0,"enemies":"Lots of Slimes","floor":14,"turns":1},{"damage":10,"enemies":"Blue Slaver","floor":15,"turns":3},{"damage":12,"enemies":"SI_SHIV_ARCHETYPE","floor":16,"turns":10}],"seed_played":"-611179691080500809","potions_obtained":[{"floor":2,"key":"champ:CounterPotion"},{"floor":6,"key":"jedi:mysterypotion"},{"floor":15,"key":"potionbrewer:DiscountPotion"},{"floor":16,"key":"potionbrewer:NoxiousPotion"}],"is_trial":false,"path_per_floor":["R","M","M","M","$","M","T","?","T","R","M","E","R","M","M","B",null],"character_chosen":"GUARDIAN","items_purchased":["Guardian:Gem_Lightblue","Guardian:Gem_Green"],"campfire_rested":0,"item_purchase_floors":[5,5],"current_hp_per_floor":[88,88,82,80,80,79,79,79,79,79,71,59,59,59,49,37,88,88,88],"gold":291,"neow_bonus":"TEN_PERCENT_HP_BONUS","is_daily":false,"chose_seed":false,"campfire_upgraded":2,"win_rate":0.0,"timestamp":1613479050,"path_taken":["R","M","M","M","$","M","T","?","?","R","M","E","R","M","M","BOSS"],"items_purchased_type":["Card","Card"],"build_version":"2020-12-22","purchased_purges":0,"victory":false,"max_hp_per_floor":[88,88,88,88,88,88,88,88,88,88,88,88,88,88,88,88,88,88,88],"card_choices":[{"not_picked":["Guardian:Harden","Guardian:PrismaticBarrier"],"picked":"Guardian:Suspension","floor":2},{"not_picked":["Guardian:Gem_Green","Guardian:ShieldCharger"],"picked":"Guardian:Planning","floor":3},{"not_picked":["Guardian:ShieldCharger","Guardian:VentSteam"],"picked":"Guardian:PiercingHide","floor":4},{"not_picked":["Guardian:SentryBeam","Guardian:PiercingHide"],"picked":"Guardian:Gem_Yellow","floor":5},{"not_picked":["Guardian:ChargeCore","Guardian:Gem_Cyan"],"picked":"Guardian:AncientConstruct","floor":6},{"not_picked":["Guardian:Gem_Red","Guardian:ChargeCore"],"picked":"Guardian:MultiBeam","floor":11},{"not_picked":["Guardian:SentryBeam","Guardian:TemporalStrike"],"picked":"Guardian:Gem_Crimson","floor":12},{"not_picked":["Guardian:TemporalStrike","Guardian:Gem_Crimson"],"picked":"Guardian:ChargeCore","floor":14},{"not_picked":["Guardian:Gem_Blue","Guardian:TemporalShield"],"picked":"Guardian:Reroute","floor":15},{"not_picked":["Guardian:TimeSifter","Guardian:FastForward"],"picked":"Guardian:ConstructionForm","floor":16}],"player_experience":1511330,"relics_obtained":[{"floor":1,"key":"StuffTheSpire:OldFever"},{"floor":7,"key":"HollowMod:LifeEnderRelic"},{"floor":8,"key":"ReplayTheSpireMod:Ring of Challenge"},{"floor":8,"key":"ReplayTheSpireMod:Ring of Exchange"},{"floor":9,"key":"jedi:gremlinknob"},{"floor":12,"key":"FossilizedHelix"}],"event_choices":[],"is_beta":false,"boss_relics":[{"not_picked":["halation:Convergence","Lee\u0027s Waffle"],"picked":"Replay:Grab Bag"},{"not_picked":["Guardian:StasisSlotReductionRelic","ReplayTheSpireMod:Onyx Gauntlets"],"picked":"hubris:VirtuousBlindfold"},{"not_picked":["StuffTheSpire:RunicConfusion","Fusion Hammer"],"picked":"Philosopher\u0027s Stone"},{"not_picked":["aspiration:WatcherSkillbook","Kintsugi"],"picked":"conspire:RunicOctahedron"}],"items_purged_floors":[],"is_endless":false,"potions_floor_spawned":[2,6,15,16],"ascension_level":0}}