{"host":"pke0xxyzw0teju56","time":1613498699,"event":{"mods":["BaseMod","Bestiary","Colored Powertips","Highlight Path","Minty Spire (QoL Compilation)","Relic Stats","Slay the Relics Exporter","StSLib"],"gold_per_floor":[112,131,205,130,4,4,37,37,37,37,57,88,46,65,65,142,142,160,160,160,172,172,172,197,197,197,197,197],"floor_reached":27,"language":"ENG","playtime":1057,"items_purged":["Strike_B"],"score":524,"play_id":"edf107bc-c8e6-4d4f-8d5c-fc3c2b7f3292","local_time":"20210216130459","is_ascension_mode":true,"campfire_choices":[{"data":"Ball Lightning","floor":6,"key":"SMITH"},{"data":"Reinforced Body","floor":8,"key":"SMITH"},{"data":"Lockon","floor":10,"key":"SMITH"},{"floor":15,"key":"REST"},{"data":"Loop","floor":23,"key":"SMITH"},{"floor":25,"key":"REST"}],"circlet_count":0,"master_deck":["AscendersBane","Defend_B","Defend_B","Defend_B","Zap","Dualcast","Lockon+1","Consume","Ball Lightning+1","Reinforced Body+1","Darkness","Static Discharge","Cold Snap","Seek","Creative AI+1","Ball Lightning+1","Streamline+1","Cold Snap","Loop+1","Double Energy"],"relics":["Cracked Core","NeowsBlessing","White Beast Statue","Calipers","Lantern","Blood Vial","Astrolabe","Molten Egg 2","Turnip"],"acts_visited":["Exordium","TheCity"],"potions_floor_usage":[12,12,15,21,24,27,27],"damage_taken":[{"damage":0,"enemies":"Cultist","floor":1,"turns":1},{"damage":0,"enemies":"Jaw Worm","floor":2,"turns":1},{"damage":0,"enemies":"3 Sentries","floor":7,"turns":1},{"damage":0,"enemies":"Small Slimes","floor":11,"turns":3},{"damage":30,"enemies":"Gremlin Nob","floor":12,"turns":4},{"damage":24,"enemies":"Exordium Thugs","floor":14,"turns":4},{"damage":16,"enemies":"The Guardian","floor":16,"turns":8},{"damage":6,"enemies":"3 Byrds","floor":18,"turns":2},{"damage":20,"enemies":"2 Thieves","floor":21,"turns":2},{"damage":30,"enemies":"Book of Stabbing","floor":24,"turns":3},{"damage":47,"enemies":"Gremlin Leader","floor":27,"turns":7}],"seed_played":"8752891710169955446","potions_obtained":[{"floor":1,"key":"BlessingOfTheForge"},{"floor":2,"key":"Ancient Potion"},{"floor":7,"key":"Dexterity Potion"},{"floor":11,"key":"SkillPotion"},{"floor":12,"key":"Fruit Juice"},{"floor":14,"key":"Energy Potion"},{"floor":16,"key":"Fire Potion"},{"floor":21,"key":"GamblersBrew"},{"floor":24,"key":"Dexterity Potion"}],"is_trial":false,"path_per_floor":["M","M","T","?","$","R","E","R","T","R","M","E","$","M","R","B",null,"M","?","?","M","?","R","E","R","T","E"],"character_chosen":"DEFECT","items_purchased":["Ball Lightning","Static Discharge"],"campfire_rested":2,"item_purchase_floors":[5,13],"current_hp_per_floor":[64,64,64,64,64,64,64,64,64,64,64,34,34,12,39,25,63,59,59,76,56,50,50,22,44,44,0,0],"gold":197,"neow_bonus":"THREE_ENEMY_KILL","is_daily":false,"chose_seed":false,"campfire_upgraded":4,"win_rate":0.0,"timestamp":1613498699,"path_taken":["M","M","?","?","?","R","E","R","T","R","?","E","$","M","R","BOSS","M","?","?","?","?","R","E","R","T","E"],"items_purchased_type":["Card","Card"],"build_version":"2020-12-22","purchased_purges":1,"victory":false,"max_hp_per_floor":[71,71,71,71,71,71,71,71,71,71,71,71,71,71,76,76,76,76,76,76,76,76,76,76,76,76,76,76],"relic_stats":{"Blood Vial":10,"counters":[11,36],"Astrolabe":["Creative AI","Ball Lightning","Streamline"],"Turnip":[0],"obtain_stats":[{"Blood Vial":12,"Lantern":9,"Calipers":7,"NeowsBlessing":0,"Astrolabe":17,"Molten Egg 2":24,"Turnip":26,"Cracked Core":0,"White Beast Statue":3},{"Blood Vial":5,"Lantern":3,"Calipers":3,"NeowsBlessing":0,"Astrolabe":7,"Molten Egg 2":10,"Turnip":10,"Cracked Core":0,"White Beast Statue":2},{"Blood Vial":10,"Lantern":3,"Calipers":3,"NeowsBlessing":0,"Astrolabe":22,"Molten Egg 2":29,"Turnip":29,"Cracked Core":0,"White Beast Statue":2}]},"card_choices":[{"not_picked":["Turbo","Barrage"],"picked":"Lockon","floor":1},{"not_picked":["Steam","Coolheaded"],"picked":"Consume","floor":2},{"not_picked":["Gash","FTL"],"picked":"Reinforced Body","floor":7},{"not_picked":["Steam","Stack"],"picked":"Darkness","floor":11},{"not_picked":["Streamline","Conserve Battery","Redo"],"picked":"SKIP","floor":12},{"not_picked":["Aggregate","Redo"],"picked":"Cold Snap","floor":14},{"not_picked":["Fission","Rainbow"],"picked":"Seek","floor":16},{"not_picked":["Hologram+1","Double Energy"],"picked":"Cold Snap","floor":18},{"not_picked":["Tempest+1","Reprogram+1"],"picked":"Double Energy","floor":21},{"not_picked":["Beam Cell+1","Coolheaded","Streamline+1"],"picked":"SKIP","floor":24}],"player_experience":5346211,"relics_obtained":[{"floor":3,"key":"White Beast Statue"},{"floor":7,"key":"Calipers"},{"floor":9,"key":"Lantern"},{"floor":12,"key":"Blood Vial"},{"floor":24,"key":"Molten Egg 2"},{"floor":26,"key":"Turnip"}],"event_choices":[{"cards_removed":["Strike_B"],"damage_healed":0,"gold_gain":0,"player_choice":"Card Removal","damage_taken":0,"max_hp_gain":0,"max_hp_loss":0,"event_name":"The Cleric","floor":4,"gold_loss":75},{"damage_healed":0,"gold_gain":0,"player_choice":"Read","damage_taken":0,"max_hp_gain":0,"max_hp_loss":0,"event_name":"The Library","floor":19,"gold_loss":0,"cards_obtained":["Loop"]},{"damage_healed":17,"gold_gain":0,"player_choice":"Full Heal","damage_taken":0,"max_hp_gain":0,"max_hp_loss":0,"event_name":"Wheel of Change","floor":20,"gold_loss":0},{"damage_healed":0,"gold_gain":0,"player_choice":"","damage_taken":6,"max_hp_gain":0,"max_hp_loss":0,"event_name":"Knowing Skull","floor":22,"potions_obtained":[],"gold_loss":0,"cards_obtained":[]}],"is_beta":false,"boss_relics":[{"not_picked":["Pandora\u0027s Box","Calling Bell"],"picked":"Astrolabe"}],"items_purged_floors":[5],"is_endless":false,"potions_floor_spawned":[1,2,7,11,12,14,16,18,21,24],"killed_by":"Gremlin Leader","ascension_level":20}}