{"host":"kvo7eymyd21g9abd","time":1613493777,"event":{"mods":["AchievementEnabler","BaseMod","Bestiary","Colored Map","Minty Spire (QoL Compilation)","StSLib"],"gold_per_floor":[115,115,290,306,322,349,360,392,392,392,419,419,431,442,442,545,545,564,564,576,595,595,623,623,623,623],"floor_reached":25,"language":"ENG","playtime":925,"items_purged":[],"score":416,"play_id":"be751e60-e265-4a14-992b-bcebabbcf4fb","local_time":"20210216114257","is_ascension_mode":true,"campfire_choices":[{"floor":12,"key":"REST"},{"floor":15,"key":"REST"},{"floor":24,"key":"REST"}],"circlet_count":0,"master_deck":["Survivor","Neutralize","Accuracy","Blade Dance","Backstab","Dagger Spray","Blade Dance","Dash","Caltrops","Setup","Dash","Burst","Dagger Throw","Adrenaline","Grand Finale","Tools of the Trade","Burst","Burst","Dash","Dagger Throw","Accuracy","Distraction","Blade Dance","RitualDagger","Dagger Throw+1","Blade Dance","Ghostly","Ghostly","Ghostly","Ghostly","Ghostly","Glass Knife"],"relics":["Runic Dome","Incense Burner","Oddly Smooth Stone","Blue Candle","Pandora\u0027s Box","Centennial Puzzle"],"acts_visited":["Exordium","TheCity"],"potions_floor_usage":[6,8,16],"damage_taken":[{"damage":1,"enemies":"2 Louse","floor":1,"turns":3},{"damage":10,"enemies":"Small Slimes","floor":4,"turns":5},{"damage":5,"enemies":"Cultist","floor":5,"turns":5},{"damage":10,"enemies":"3 Sentries","floor":6,"turns":6},{"damage":0,"enemies":"3 Louse","floor":7,"turns":3},{"damage":19,"enemies":"Lagavulin","floor":8,"turns":8},{"damage":20,"enemies":"Gremlin Nob","floor":11,"turns":4},{"damage":0,"enemies":"Large Slime","floor":13,"turns":4},{"damage":7,"enemies":"Blue Slaver","floor":14,"turns":2},{"damage":0,"enemies":"Slime Boss","floor":16,"turns":5},{"damage":6,"enemies":"3 Byrds","floor":18,"turns":3},{"damage":0,"enemies":"Spheric Guardian","floor":20,"turns":2},{"damage":30,"enemies":"Snecko","floor":21,"turns":5},{"damage":20,"enemies":"Slavers","floor":23,"turns":5},{"damage":11,"enemies":"Snake Plant","floor":25,"turns":2}],"seed_played":"6688048737084242641","potions_obtained":[{"floor":1,"key":"EssenceOfSteel"},{"floor":5,"key":"CunningPotion"},{"floor":7,"key":"Block Potion"},{"floor":13,"key":"AttackPotion"},{"floor":14,"key":"EssenceOfSteel"},{"floor":18,"key":"LiquidMemories"},{"floor":23,"key":"Regen Potion"}],"is_trial":false,"path_per_floor":["M","?","?","M","M","E","M","E","T","?","E","R","M","M","R","B",null,"M","?","M","M","?","E","R","M"],"character_chosen":"THE_SILENT","items_purchased":[],"campfire_rested":3,"item_purchase_floors":[],"current_hp_per_floor":[69,69,69,59,54,44,44,25,25,25,5,26,26,19,40,40,63,57,51,51,21,21,1,11,0,0],"gold":623,"neow_bonus":"BOSS_RELIC","is_daily":false,"chose_seed":false,"campfire_upgraded":0,"win_rate":0.0,"timestamp":1613493777,"path_taken":["M","?","?","M","M","E","M","E","T","?","E","R","M","?","R","BOSS","M","?","M","M","?","E","R","M"],"items_purchased_type":[],"build_version":"2020-12-22","purchased_purges":0,"victory":false,"max_hp_per_floor":[70,70,70,70,70,70,70,70,70,70,70,70,70,70,70,70,70,70,70,70,70,35,35,35,35,35],"card_choices":[{"not_picked":["PiercingWail","Blur"],"picked":"Accuracy","floor":1},{"not_picked":["Leg Sweep","Slice"],"picked":"Blade Dance","floor":4},{"not_picked":["Acrobatics","Slice"],"picked":"Backstab","floor":5},{"not_picked":["Setup","Endless Agony"],"picked":"Dagger Spray","floor":6},{"not_picked":["Prepared","Footwork"],"picked":"Blade Dance","floor":7},{"not_picked":["Dodge and Roll","Flying Knee"],"picked":"Dash","floor":8},{"not_picked":["Eviscerate","Flechettes"],"picked":"Caltrops","floor":11},{"not_picked":["Acrobatics","Slice"],"picked":"Setup","floor":13},{"not_picked":["Flying Knee","Deadly Poison"],"picked":"Dash","floor":14},{"not_picked":["Glass Knife","Phantasmal Killer"],"picked":"Burst","floor":16},{"not_picked":["Poisoned Stab","Leg Sweep+1"],"picked":"Blade Dance","floor":18},{"not_picked":["Slice","Quick Slash+1"],"picked":"Dagger Throw+1","floor":20},{"not_picked":["Sucker Punch","Accuracy"],"picked":"Blade Dance","floor":21},{"not_picked":["Escape Plan","Sucker Punch"],"picked":"Glass Knife","floor":23}],"player_experience":463157,"relics_obtained":[{"floor":6,"key":"Incense Burner"},{"floor":8,"key":"Oddly Smooth Stone"},{"floor":11,"key":"Blue Candle"},{"floor":23,"key":"Centennial Puzzle"}],"event_choices":[{"damage_healed":0,"gold_gain":0,"player_choice":"Ignored","damage_taken":0,"max_hp_gain":0,"max_hp_loss":0,"event_name":"Golden Wing","floor":2,"gold_loss":0},{"damage_healed":0,"gold_gain":175,"player_choice":"AGREE","damage_taken":0,"max_hp_gain":0,"max_hp_loss":0,"event_name":"Liars Game","floor":3,"gold_loss":0,"cards_obtained":["Doubt"]},{"cards_removed":["Doubt"],"damage_healed":0,"gold_gain":0,"player_choice":"Removed Curses","damage_taken":0,"max_hp_gain":0,"max_hp_loss":0,"event_name":"Fountain of Cleansing","floor":10,"gold_loss":0},{"damage_healed":0,"gold_gain":0,"player_choice":"Joined the Cult","damage_taken":6,"max_hp_gain":0,"max_hp_loss":0,"event_name":"Nest","floor":19,"gold_loss":0,"cards_obtained":["RitualDagger"]},{"damage_healed":0,"gold_gain":0,"player_choice":"Became a Ghost","damage_taken":0,"max_hp_gain":0,"max_hp_loss":35,"event_name":"Ghosts","floor":22,"gold_loss":0,"cards_obtained":["Ghostly","Ghostly","Ghostly","Ghostly","Ghostly"]}],"is_beta":false,"boss_relics":[{"not_picked":["Coffee Dripper","Runic Pyramid"],"picked":"Pandora\u0027s Box"}],"items_purged_floors":[],"is_endless":false,"potions_floor_spawned":[1,5,7,13,14,18,23],"killed_by":"Snake Plant","ascension_level":5}}