{"host":"121m0oxswv9tg9hk","time":1613499384,"event":{"mods":["AchievementEnabler","BaseMod","Better Third Choice","Downfall","Minty Spire (QoL Compilation)","StSLib"],"gold_per_floor":[99,115,129,151,165,207,234,234,248,283,42,42,150,176,196,297,297,297,319,369,4,66,105,105,132,174,174,224,266,266,316,341,454,454,354,370,420,122,322,362,362,383,423,490,503,303,353,459,478,478,478,512,15,15,15,15,15,15],"floor_reached":56,"language":"ENG","playtime":6534,"items_purged":["hexamod:Strike","Decay","hexamod:ForkedFlame+1"],"score":1277,"play_id":"f46fcc1b-a52b-4b16-a6fe-5b01c8c304c9","local_time":"20210216191624","is_ascension_mode":true,"campfire_choices":[{"data":"hexamod:Float","floor":1,"key":"SMITH"},{"floor":8,"key":"REST"},{"data":"hexamod:SoulSteal","floor":18,"key":"SMITH"},{"floor":27,"key":"REST"},{"floor":30,"key":"RECALL"},{"data":"hexamod:ForkedFlame","floor":35,"key":"SMITH"},{"floor":46,"key":"REST"},{"floor":54,"key":"REST"}],"circlet_count":0,"master_deck":["hexamod:Defend","hexamod:Defend","hexamod:Defend","hexamod:Float+1","hexamod:PhantomFireball+1","hexamod:SecondSeal","hexamod:AdvancingGuard","hexamod:FourthSeal","hexamod:ShieldOfDarkness","hexamod:FlamesFromBeyond+1","hexamod:SwordOfDarkness","Flash of Steel","hexamod:SpectralSpark","hexamod:SoulSteal+1","hexamod:HeatMetal","hexamod:TimeWarp","hexamod:Haunt+1","hexamod:GhostflameBarrier+1","hexamod:Incineration+1","hexamod:SoulSteal","hexamod:FlamesFromBeyond","hexamod:RetreatToShadows","hexamod:ShieldOfDarkness","hexamod:FastForward+1","hexamod:ApocalypticArmor","hexamod:SwordOfDarkness","hexamod:Again+1","hexamod:ThermalTransfer+1","hexamod:TimeWarp","hexamod:AdvancingGuard+1","hexamod:BacktrackSmack+1","hexamod:RadiantFlame+1","hexamod:FastForward+1","expansioncontent:PrepareCrush","Finesse","hexamod:GhostOfSpireFuture","hexamod:AdvancingGuard","hexamod:GhostOfSpireFuture+1","expansioncontent:AwakenDeath","hexamod:RetreatToShadows","hexamod:FastForward"],"relics":["Runic Pyramid","Blood Vial","Lantern","Bag of Preparation","downfall:CloakOfManyFaces","CultistMask","FaceOfCleric","NlothsMask","GremlinMask","SsserpentHead","Astrolabe","Membership Card","Ornamental Fan","Omamori","HornCleat","Bottled Lightning","Bottled Flame","Busted Crown","downfall:HeartBlessingRed","TungstenRod","ClockworkSouvenir","Darkstone Periapt","Sundial","downfall:HeartBlessingBlue","downfall:HeartBlessingGreen","OrangePellets","InkBottle","Centennial Puzzle","hexamod:RecyclingMachine","Nunchaku","Mummified Hand"],"acts_visited":["Exordium","TheCity","TheBeyond","TheEnding"],"potions_floor_usage":[6,9,10,10,11,13,13,14,15,16,16,16,16,19,21,23,26,26,32,33,40,50,50,50,50,52,55,56,56],"damage_taken":[{"damage":0,"enemies":"2 Louse","floor":2,"turns":3},{"damage":7,"enemies":"Jaw Worm","floor":3,"turns":3},{"damage":1,"enemies":"Cultist","floor":4,"turns":3},{"damage":6,"enemies":"Exordium Thugs","floor":5,"turns":5},{"damage":26,"enemies":"Gremlin Nob","floor":6,"turns":4},{"damage":7,"enemies":"Gremlin Gang","floor":9,"turns":7},{"damage":17,"enemies":"3 Sentries","floor":10,"turns":8},{"damage":0,"enemies":"downfall:FleeingMerchant","floor":11,"turns":4},{"damage":0,"enemies":"downfall:FaceTrader","floor":13,"turns":6},{"damage":2,"enemies":"Exordium Wildlife","floor":14,"turns":4},{"damage":0,"enemies":"Large Slime","floor":15,"turns":3},{"damage":39,"enemies":"IC_STATUS_ARCHETYPE","floor":16,"turns":9},{"damage":1,"enemies":"Spheric Guardian","floor":19,"turns":3},{"damage":0,"enemies":"downfall:FleeingMerchant","floor":21,"turns":4},{"damage":19,"enemies":"downfall:LooterAlt2","floor":22,"turns":3},{"damage":20,"enemies":"Slavers","floor":23,"turns":3},{"damage":0,"enemies":"Snecko","floor":25,"turns":3},{"damage":16,"enemies":"Gremlin Leader","floor":26,"turns":6},{"damage":12,"enemies":"Book of Stabbing","floor":29,"turns":6},{"damage":0,"enemies":"3 Cultists","floor":32,"turns":4},{"damage":27,"enemies":"WA_ARCHETYPE_CALM","floor":33,"turns":11},{"damage":2,"enemies":"Orb Walker","floor":36,"turns":3},{"damage":0,"enemies":"downfall:FleeingMerchant","floor":38,"turns":4},{"damage":44,"enemies":"Reptomancer","floor":40,"turns":8},{"damage":0,"enemies":"3 Darklings","floor":42,"turns":3},{"damage":23,"enemies":"Nemesis","floor":43,"turns":5},{"damage":5,"enemies":"Spire Growth","floor":44,"turns":3},{"damage":11,"enemies":"Jaw Worm Horde","floor":45,"turns":3},{"damage":0,"enemies":"downfall:FleeingMerchant","floor":48,"turns":3},{"damage":0,"enemies":"Writhing Mass","floor":49,"turns":6},{"damage":83,"enemies":"DF_ARCHETYPE_ORBS","floor":50,"turns":13},{"damage":30,"enemies":"downfall:CharBossMerchant","floor":52,"turns":7},{"damage":36,"enemies":"downfall:NeowBoss","floor":55,"turns":22},{"damage":88,"enemies":"downfall:NeowBossFinal","floor":56,"turns":9}],"seed_played":"4909635996612521184","potions_obtained":[{"floor":4,"key":"hexamod:EctoCoolerPotion"},{"floor":5,"key":"SkillPotion"},{"floor":6,"key":"SteroidPotion"},{"floor":9,"key":"DuplicationPotion"},{"floor":9,"key":"AttackPotion"},{"floor":10,"key":"Regen Potion"},{"floor":10,"key":"champ:CounterPotion"},{"floor":11,"key":"hexamod:SoulburnPotion"},{"floor":13,"key":"Strength Potion"},{"floor":13,"key":"Weak Potion"},{"floor":15,"key":"Fruit Juice"},{"floor":15,"key":"EntropicBrew"},{"floor":16,"key":"SmokeBomb"},{"floor":16,"key":"Energy Potion"},{"floor":21,"key":"FairyPotion"},{"floor":22,"key":"Energy Potion"},{"floor":23,"key":"AttackPotion"},{"floor":25,"key":"bronze:BurnAndBuffPotion"},{"floor":26,"key":"hexamod:InfernoChargePotion"},{"floor":26,"key":"Fruit Juice"},{"floor":29,"key":"SkillPotion"},{"floor":32,"key":"AttackPotion"},{"floor":33,"key":"LiquidMemories"},{"floor":38,"key":"hexamod:DoubleChargePotion"},{"floor":40,"key":"LiquidBronze"},{"floor":43,"key":"EntropicBrew"},{"floor":52,"key":"Block Potion"}],"is_trial":false,"path_per_floor":["R","M","M","M","M","E","T","R","M","E","$","?","?","M","M","B",null,"R","M","?","$","M","E","T","M","E","R","?","E","R","?","M","B",null,"R","M","?","$","?","E","T","M","E","M","M","R","?","$","M","B",null,"E","$","R","B","B"],"character_chosen":"THE_SPIRIT","items_purchased":["Flash of Steel","hexamod:SpectralSpark","Membership Card","Ornamental Fan","Omamori","hexamod:FlamesFromBeyond","hexamod:TimeWarp","TungstenRod","ClockworkSouvenir","Finesse","OrangePellets","InkBottle","hexamod:GhostOfSpireFuture","hexamod:AdvancingGuard","hexamod:RecyclingMachine","Nunchaku","LiquidBronze","expansioncontent:AwakenDeath","Mummified Hand","ColorlessPotion","hexamod:RetreatToShadows","hexamod:FastForward"],"campfire_rested":4,"item_purchase_floors":[11,11,21,21,21,21,38,38,38,48,48,48,48,48,53,53,53,53,53,53,53,53],"current_hp_per_floor":[63,63,56,55,49,23,23,44,39,24,26,26,43,44,52,16,63,63,65,65,68,52,35,35,38,30,56,56,47,47,47,50,26,76,76,77,81,82,82,39,39,42,22,20,12,51,51,54,57,8,77,50,50,80,47,0,0,0],"gold":15,"neow_bonus":"BOSS_RELIC","is_daily":false,"chose_seed":false,"campfire_upgraded":3,"win_rate":0.0,"timestamp":1613499384,"path_taken":["R","M","M","M","M","E","T","R","M","E","$","?","?","M","M","BOSS","R","M","?","?","?","E","T","M","E","R","?","E","R","?","M","BOSS","R","M","?","$","?","E","T","M","E","?","M","R","?","?","M","BOSS","E","$","R","BOSS","BOSS"],"items_purchased_type":["Card","Card","Relic","Relic","Relic","Card","Card","Relic","Relic","Card","Relic","Relic","Card","Card","Relic","Relic","Potion","Card","Relic","Potion","Card","Card"],"build_version":"2020-12-22","purchased_purges":3,"victory":false,"max_hp_per_floor":[70,70,70,70,70,70,70,70,70,70,70,70,70,71,77,78,78,78,79,79,80,81,82,82,83,89,89,89,90,90,90,91,92,92,92,93,81,82,82,83,83,84,85,86,87,97,97,98,99,100,100,101,101,101,102,102,102,102],"card_choices":[{"not_picked":["hexamod:HeatMetal","hexamod:Firestarter"],"picked":"hexamod:PhantomFireball","floor":2},{"not_picked":["hexamod:NightmareStrike","hexamod:SpectralSpark"],"picked":"hexamod:SecondSeal","floor":3},{"not_picked":["hexamod:ThirdSeal","hexamod:DynamicBlow"],"picked":"hexamod:AdvancingGuard","floor":4},{"not_picked":["hexamod:GhostShield","hexamod:SpectralAdrenaline"],"picked":"hexamod:FourthSeal","floor":5},{"not_picked":["hexamod:NightmareGuise","hexamod:SixthSeal"],"picked":"hexamod:ShieldOfDarkness","floor":6},{"not_picked":["hexamod:FastForward","hexamod:SuperheatedStrike","hexamod:SpectralAdrenaline"],"picked":"SKIP","floor":9},{"not_picked":["hexamod:InspiringFlames","hexamod:GiftsFromTheDead"],"picked":"hexamod:FlamesFromBeyond","floor":10},{"not_picked":["hexamod:GhostShield","hexamod:Hexaguard"],"picked":"hexamod:SwordOfDarkness","floor":11},{"not_picked":["hexamod:FastForward","hexamod:ShieldOfDarkness"],"picked":"hexamod:SoulSteal","floor":13},{"not_picked":["hexamod:GhostflameBarrier","hexamod:SuperheatedStrike","hexamod:BurningTouch"],"picked":"SKIP","floor":14},{"not_picked":["hexamod:Toasty","hexamod:GhostLash"],"picked":"hexamod:HeatMetal","floor":15},{"not_picked":["hexamod:TimeOfNeed","hexamod:FlameSwitch"],"picked":"hexamod:TimeWarp","floor":16},{"not_picked":["hexamod:GhostShield","hexamod:NightmareStrike+1"],"picked":"hexamod:SoulSteal","floor":19},{"not_picked":["hexamod:FastForward","hexamod:GhostflameBarrier","hexamod:GhostShield"],"picked":"SKIP","floor":21},{"not_picked":["hexamod:GhostShield","hexamod:RainOfEmbers","hexamod:HeatShield"],"picked":"SKIP","floor":22},{"not_picked":["hexamod:NightmareGuise","hexamod:SuperheatedStrike+1"],"picked":"hexamod:RetreatToShadows","floor":23},{"not_picked":["hexamod:SuperheatedStrike","hexamod:SpectersWail"],"picked":"hexamod:ShieldOfDarkness","floor":25},{"not_picked":["hexamod:ParanormalForm","hexamod:RadiantFlame+1"],"picked":"hexamod:FastForward+1","floor":26},{"not_picked":["hexamod:NightmareStrike","hexamod:BurningTouch+1"],"picked":"hexamod:ApocalypticArmor","floor":29},{"not_picked":["hexamod:SpectersWail","hexamod:NightmareGuise+1"],"picked":"hexamod:SwordOfDarkness","floor":32},{"not_picked":["hexamod:GiftsFromTheDead","hexamod:SixthSeal"],"picked":"hexamod:ForkedFlame","floor":33},{"not_picked":[],"picked":"hexamod:Again+1","floor":36},{"not_picked":[],"picked":"hexamod:ThermalTransfer+1","floor":38},{"not_picked":[],"picked":"hexamod:AdvancingGuard+1","floor":40},{"not_picked":["hexamod:BurningTouch"],"picked":"SKIP","floor":42},{"not_picked":[],"picked":"hexamod:BacktrackSmack+1","floor":43},{"not_picked":[],"picked":"hexamod:RadiantFlame+1","floor":44},{"not_picked":[],"picked":"hexamod:FastForward+1","floor":45},{"not_picked":["expansioncontent:PolyBeam","expansioncontent:GuardianWhirl"],"picked":"expansioncontent:PrepareCrush","floor":47},{"not_picked":["hexamod:HauntingEcho"],"picked":"SKIP","floor":48},{"not_picked":[],"picked":"hexamod:GhostOfSpireFuture+1","floor":49},{"not_picked":["hexamod:SoulSteal"],"picked":"SKIP","floor":52}],"player_experience":2691034,"relics_obtained":[{"floor":6,"key":"Blood Vial"},{"floor":7,"key":"Lantern"},{"floor":10,"key":"Bag of Preparation"},{"floor":13,"key":"downfall:CloakOfManyFaces"},{"floor":23,"key":"HornCleat"},{"floor":26,"key":"Bottled Lightning"},{"floor":29,"key":"Bottled Flame"},{"floor":40,"key":"Darkstone Periapt"},{"floor":43,"key":"Sundial"},{"floor":52,"key":"Centennial Puzzle"}],"event_choices":[],"is_beta":false,"boss_relics":[{"not_picked":["Coffee Dripper","Sozu"],"picked":"Astrolabe"},{"not_picked":["sneckomod:SneckoTalon","Black Star"],"picked":"Busted Crown"}],"items_purged_floors":[11,21,53],"is_endless":false,"potions_floor_spawned":[4,5,9,13,15,16,22,25,26,40,42,43,49],"killed_by":"downfall:NeowBossFinal","ascension_level":9}}