{"host":"6406jj8da6015sxr","time":1613468803,"event":{"mods":["AchievementEnabler","BaseMod","Colored Map","DeckTracker","Keyboard Shortcuts","Minty Spire (QoL Compilation)","Permanent Neow","Relic Stats","SuperFastMode","everything is the same but u backflip on backflip"],"gold_per_floor":[15,33,53,64,80,80,1,76,103,103,121,141,141,51,51,151,151,170,170,185,198,50,50,50,50],"floor_reached":24,"language":"KOR","playtime":1173,"items_purged":["Strike_B"],"score":215,"play_id":"b7020a4d-89f3-4e9e-8816-4ca049e6041a","local_time":"20210216184643","is_ascension_mode":false,"campfire_choices":[{"data":"Coolheaded","floor":6,"key":"SMITH"},{"data":"Coolheaded","floor":13,"key":"SMITH"},{"data":"Hologram","floor":15,"key":"SMITH"},{"data":"Creative AI","floor":23,"key":"SMITH"}],"circlet_count":0,"master_deck":["Strike_B","Strike_B","Strike_B","Defend_B","Defend_B","Defend_B","Defend_B","Zap","Dualcast","Metamorphosis","Stack","Genetic Algorithm","Stack","Aggregate+1","Coolheaded+1","Defragment","Stack","Coolheaded+1","Hologram+1","Hello World","Creative AI+1","White Noise+1","Stack","Rebound+1","Capacitor"],"relics":["Cracked Core","Oddly Smooth Stone","White Beast Statue","Runic Pyramid"],"acts_visited":["Exordium","TheCity"],"potions_floor_usage":[5,24],"damage_taken":[{"damage":1,"enemies":"Cultist","floor":1,"turns":3},{"damage":3,"enemies":"Small Slimes","floor":2,"turns":3},{"damage":6,"enemies":"Jaw Worm","floor":3,"turns":4},{"damage":7,"enemies":"Blue Slaver","floor":4,"turns":3},{"damage":4,"enemies":"3 Louse","floor":5,"turns":2},{"damage":7,"enemies":"Red Slaver","floor":11,"turns":4},{"damage":0,"enemies":"2 Fungi Beasts","floor":12,"turns":4},{"damage":27,"enemies":"Hexaghost","floor":16,"turns":14},{"damage":6,"enemies":"Shell Parasite","floor":18,"turns":16},{"damage":14,"enemies":"Spheric Guardian","floor":20,"turns":6},{"damage":18,"enemies":"3 Cultists","floor":21,"turns":3},{"damage":37,"enemies":"Cultist and Chosen","floor":24,"turns":6}],"seed_played":"7965920342245329791","potions_obtained":[{"floor":3,"key":"Explosive Potion"},{"floor":4,"key":"SteroidPotion"},{"floor":11,"key":"Fire Potion"},{"floor":12,"key":"SteroidPotion"},{"floor":16,"key":"FocusPotion"}],"is_trial":false,"path_per_floor":["M","M","M","M","M","R","$","?","T","T","M","M","R","$","R","B",null,"M","?","M","M","$","R","M"],"character_chosen":"DEFECT","items_purchased":["Defragment","Hologram","Hello World","Capacitor"],"campfire_rested":0,"item_purchase_floors":[7,14,14,22],"current_hp_per_floor":[74,71,65,58,54,54,54,43,43,43,36,36,36,36,36,9,75,69,69,55,37,37,37,0,0],"gold":50,"neow_bonus":"RANDOM_COLORLESS_2","is_daily":false,"chose_seed":false,"campfire_upgraded":4,"win_rate":0.0,"timestamp":1613468803,"path_taken":["M","M","M","?","M","R","$","?","T","?","M","M","R","?","R","BOSS","M","?","M","M","$","R","M"],"items_purchased_type":["Card","Card","Card","Card"],"build_version":"2020-12-22","purchased_purges":1,"victory":false,"max_hp_per_floor":[75,75,75,75,75,75,75,75,75,75,75,75,75,75,75,75,75,75,75,75,75,75,75,75,75],"relic_stats":{"counters":[12,68],"obtain_stats":[{"Oddly Smooth Stone":9,"Cracked Core":0,"White Beast Statue":10,"Runic Pyramid":17},{"Oddly Smooth Stone":5,"Cracked Core":0,"White Beast Statue":5,"Runic Pyramid":8},{"Oddly Smooth Stone":15,"Cracked Core":0,"White Beast Statue":15,"Runic Pyramid":37}]},"card_choices":[{"not_picked":["Secret Weapon","The Bomb"],"picked":"Metamorphosis","floor":0},{"not_picked":["Glacier","Cold Snap"],"picked":"Stack","floor":1},{"not_picked":["Conserve Battery","Sweeping Beam"],"picked":"Genetic Algorithm","floor":2},{"not_picked":["Conserve Battery","Beam Cell"],"picked":"Stack","floor":3},{"not_picked":["Barrage","Coolheaded"],"picked":"Aggregate","floor":4},{"not_picked":["Rebound","Thunder Strike"],"picked":"Coolheaded","floor":5},{"not_picked":["Barrage","Ball Lightning"],"picked":"Stack","floor":11},{"not_picked":["Cold Snap","Sweeping Beam"],"picked":"Coolheaded","floor":12},{"not_picked":["Biased Cognition","Electrodynamics"],"picked":"Creative AI","floor":16},{"not_picked":["Stack","Reinforced Body+1"],"picked":"White Noise+1","floor":18},{"not_picked":["Go for the Eyes","Rebound"],"picked":"Stack","floor":20},{"not_picked":["Redo","Rip and Tear+1"],"picked":"Rebound+1","floor":21}],"player_experience":17240,"relics_obtained":[{"floor":9,"key":"Oddly Smooth Stone"},{"floor":10,"key":"White Beast Statue"}],"event_choices":[{"damage_healed":0,"gold_gain":75,"player_choice":"Gather Gold","damage_taken":11,"max_hp_gain":0,"max_hp_loss":0,"event_name":"World of Goop","floor":8,"gold_loss":0},{"damage_healed":0,"gold_gain":0,"player_choice":"Upgraded","damage_taken":0,"max_hp_gain":0,"max_hp_loss":0,"event_name":"Upgrade Shrine","floor":19,"gold_loss":0,"cards_upgraded":["Aggregate"]}],"is_beta":false,"boss_relics":[{"not_picked":["Nuclear Battery","Fusion Hammer"],"picked":"Runic Pyramid"}],"items_purged_floors":[22],"is_endless":false,"potions_floor_spawned":[3,4,11,12,16,18,20,21],"killed_by":"Cultist and Chosen","ascension_level":0}}