{"host":"50qwps766cbz6ukm","time":1613470596,"event":{"mods":["BaseMod","Colored Map","Colored Powertips","DeckTracker","Highlight Path","Minty Spire (QoL Compilation)","Quick Restart","Remove Card Discount Mod","StSLib","SuperFastMode","Synergy Search"],"gold_per_floor":[119,119,129,140,140,140,160,192,215,215,230,69,97,97,97,197,197,217,237,237,237,256,290,290,250,276,307,320,320,320,320],"floor_reached":30,"language":"ENG","playtime":656,"items_purged":["Pain","Strike_P","Strike_P","Strike_P","Strike_P","Defend_P","Defend_P","Defend_P+1","Defend_P"],"score":476,"play_id":"8a1b4fb8-e40c-4a5e-9cbe-61724eeec635","local_time":"20210216121636","is_ascension_mode":true,"campfire_choices":[{"data":"Eruption","floor":6,"key":"SMITH"},{"data":"TalkToTheHand","floor":10,"key":"SMITH"},{"floor":15,"key":"REST"},{"data":"TalkToTheHand","floor":24,"key":"SMITH"}],"circlet_count":0,"master_deck":["Eruption+1","Vigilance+1","Consecrate","TalkToTheHand+1","FlurryOfBlows","TalkToTheHand+1","FollowUp","Consecrate","Alpha","MentalFortress+1"],"relics":["PureWater","NeowsBlessing","WarpedTongs","Lantern","War Paint","Happy Flower","Centennial Puzzle","Philosopher\u0027s Stone","Pantograph","Akabeko","Juzu Bracelet","Oddly Smooth Stone"],"acts_visited":["Exordium","TheCity"],"potions_floor_usage":[8],"damage_taken":[{"damage":0,"enemies":"2 Louse","floor":1,"turns":1},{"damage":0,"enemies":"Cultist","floor":3,"turns":1},{"damage":2,"enemies":"Small Slimes","floor":4,"turns":1},{"damage":9,"enemies":"Exordium Wildlife","floor":7,"turns":3},{"damage":18,"enemies":"Lagavulin","floor":8,"turns":6},{"damage":18,"enemies":"Gremlin Gang","floor":11,"turns":5},{"damage":16,"enemies":"3 Sentries","floor":13,"turns":5},{"damage":0,"enemies":"Hexaghost","floor":16,"turns":6},{"damage":2,"enemies":"Chosen","floor":18,"turns":4},{"damage":0,"enemies":"Shell Parasite","floor":19,"turns":4},{"damage":0,"enemies":"3 Cultists","floor":22,"turns":3},{"damage":17,"enemies":"Slavers","floor":23,"turns":4},{"damage":32,"enemies":"Gremlin Leader","floor":27,"turns":4},{"damage":3,"enemies":"Centurion and Healer","floor":28,"turns":3},{"damage":12,"enemies":"Book of Stabbing","floor":30,"turns":2}],"seed_played":"8809457142090605986","potions_obtained":[{"floor":1,"key":"StancePotion"},{"floor":4,"key":"PowerPotion"},{"floor":8,"key":"ColorlessPotion"},{"floor":13,"key":"Swift Potion"},{"floor":27,"key":"Energy Potion"}],"is_trial":false,"path_per_floor":["M","?","M","M","?","R","M","E","T","R","M","$","E","?","R","B",null,"M","M","?","T","M","E","R","?","T","E","M","?","E"],"character_chosen":"WATCHER","items_purchased":["Happy Flower"],"campfire_rested":1,"item_purchase_floors":[12],"current_hp_per_floor":[65,65,65,63,63,63,54,36,36,36,18,18,2,26,47,47,66,64,64,64,64,64,47,47,47,47,15,12,12,0,0],"gold":320,"neow_bonus":"THREE_ENEMY_KILL","is_daily":false,"chose_seed":false,"campfire_upgraded":3,"win_rate":0.0,"timestamp":1613470596,"path_taken":["M","?","M","?","?","R","?","E","T","R","M","$","E","?","R","BOSS","M","M","?","?","?","E","R","?","T","E","M","?","E"],"items_purchased_type":["Relic"],"build_version":"2020-12-22","purchased_purges":9,"victory":false,"max_hp_per_floor":[72,72,72,72,72,72,72,72,72,72,72,72,72,72,72,72,72,72,72,72,72,72,72,72,72,72,72,72,72,72,72],"card_choices":[{"not_picked":["Protect","DeceiveReality","InnerPeace"],"picked":"SKIP","floor":1},{"not_picked":["PathToVictory","Weave"],"picked":"Consecrate","floor":3},{"not_picked":["Wallop","EmptyFist"],"picked":"TalkToTheHand","floor":4},{"not_picked":["ClearTheMind","EmptyFist"],"picked":"FlurryOfBlows","floor":7},{"not_picked":["Vengeance","CutThroughFate"],"picked":"TalkToTheHand","floor":8},{"not_picked":["ClearTheMind","Scrawl"],"picked":"FollowUp","floor":11},{"not_picked":["ThirdEye","Prostrate"],"picked":"Consecrate","floor":13},{"not_picked":["Ragnarok","DevaForm"],"picked":"Alpha","floor":16},{"not_picked":["ClearTheMind","FollowUp","CrushJoints"],"picked":"SKIP","floor":18},{"not_picked":["FollowUp+1","CrushJoints","PathToVictory"],"picked":"SKIP","floor":19},{"not_picked":["Protect","FlyingSleeves","SignatureMove+1"],"picked":"SKIP","floor":22},{"not_picked":["DeceiveReality+1","Scrawl"],"picked":"MentalFortress","floor":23},{"not_picked":["Study+1","Sanctity","ClearTheMind"],"picked":"SKIP","floor":27},{"not_picked":["ClearTheMind","BowlingBash","FollowUp"],"picked":"SKIP","floor":28}],"player_experience":597354,"relics_obtained":[{"floor":8,"key":"Lantern"},{"floor":9,"key":"War Paint"},{"floor":13,"key":"Centennial Puzzle"},{"floor":21,"key":"Pantograph"},{"floor":23,"key":"Akabeko"},{"floor":26,"key":"Juzu Bracelet"},{"floor":27,"key":"Oddly Smooth Stone"}],"event_choices":[{"damage_healed":0,"gold_gain":0,"player_choice":"Rummage","damage_taken":0,"relics_obtained":["WarpedTongs"],"max_hp_gain":0,"max_hp_loss":0,"event_name":"Accursed Blacksmith","floor":2,"gold_loss":0,"cards_obtained":["Pain"]},{"damage_healed":0,"gold_gain":0,"player_choice":"Bought 0 Potions","damage_taken":0,"max_hp_gain":0,"max_hp_loss":0,"event_name":"The Woman in Blue","floor":5,"gold_loss":0},{"damage_healed":24,"gold_gain":0,"player_choice":"Banana","damage_taken":0,"max_hp_gain":0,"max_hp_loss":0,"event_name":"Big Fish","floor":14,"gold_loss":0},{"damage_healed":0,"gold_gain":0,"player_choice":"Ignored","damage_taken":0,"max_hp_gain":0,"max_hp_loss":0,"event_name":"Ghosts","floor":20,"gold_loss":0},{"damage_healed":0,"gold_gain":0,"player_choice":"Upgrade","damage_taken":0,"max_hp_gain":0,"max_hp_loss":0,"event_name":"Designer","floor":25,"gold_loss":40,"cards_upgraded":["MentalFortress"]},{"damage_healed":0,"gold_gain":0,"player_choice":"Ignored","damage_taken":0,"max_hp_gain":0,"max_hp_loss":0,"event_name":"Purifier","floor":29,"gold_loss":0}],"is_beta":false,"boss_relics":[{"not_picked":["Velvet Choker","Pandora\u0027s Box"],"picked":"Philosopher\u0027s Stone"}],"items_purged_floors":[12,12,12,12,12,12,12,12,12],"is_endless":false,"potions_floor_spawned":[1,4,8,13,23,27,28],"killed_by":"Book of Stabbing","ascension_level":9}}