{"host":"h2riq1vifvx9pvqe","time":1613492493,"event":{"mods":["Act Like it!","Bartender","BaseMod","Better Match","Bossed Relics","Chen","FTL Soundtrack","Friendly Minions","Gensokyo","Hallownest","HololiveMod","Hubris","Hyrulean Relics","Infinite Spire","KinomotoSakuraMod(????)","Koishi","Marisa????????","Minty Spire (QoL Compilation)","Nova Terra(??·??)","Prisma Mod","Quick Restart","Railgun Mod","Rare Cards Sparkle","Reimu??????","Relic Sorter","Reliquary","Remilia??????","Replay The Spire","Spikes Relics","StSLib","Synergy Search","The Administrix","The Animator","The Bug Knight","The Construct","The Disciple","The Saiyan","The Senshi","The Servant 0.9.4","TheHero","WarShipGirlsR/????R mod","Yuri Mod","Yuyuko"],"gold_per_floor":[115,308,320,332,346,346,346,346,346,271,303,160,160,173,173,278,278,296,365,365,377,377,377],"floor_reached":22,"language":"FRA","playtime":1347,"items_purged":[],"score":212,"play_id":"13a062f8-268b-412a-b09e-f471b3996b00","local_time":"20210216172133","is_ascension_mode":true,"campfire_choices":[{"data":"theSenshi:MoonPrismPowerMakeUp","floor":6,"key":"SMITH"},{"floor":8,"key":"REST"},{"data":"theSenshi:CrisisMakeUp","floor":15,"key":"SMITH"}],"circlet_count":0,"master_deck":["theSenshi:SailorKick","theSenshi:SailorKick","theSenshi:SailorKick","theSenshi:SailorKick","theSenshi:SailorBlock","theSenshi:SailorBlock","theSenshi:SailorBlock","theSenshi:SailorBlock","theSenshi:RoseThrow","theSenshi:MoonPrismPowerMakeUp+1","theSenshi:MoonPrincessHalation","theSenshi:SailorJupiterAssists","theSenshi:MoonPunch","theSenshi:TallSilhouette","theSenshi:SailorVenusAssists","theSenshi:CrisisMakeUp+1","theSenshi:MoonHealingEscalation","theSenshi:InTheNickOfTime","theSenshi:MoonEternalMakeUp","theSenshi:SailorPlanetAttack","theSenshi:MoonTiaraMagic+1"],"relics":["theSenshi:TransformationBroochRelic","NeowsBlessing","hubris:Towel","reliquary:JackalopeAntler","Lantern","Strange Spoon","Black Star","reliquary:HotPoker","theSenshi:CutieMoonRodRelic"],"acts_visited":["Exordium","TheCity"],"potions_floor_usage":[16,16,18,21,22],"damage_taken":[{"damage":0,"enemies":"Small Slimes","floor":1,"turns":1},{"damage":0,"enemies":"Jaw Worm","floor":3,"turns":1},{"damage":0,"enemies":"Cultist","floor":4,"turns":1},{"damage":3,"enemies":"Red Slaver","floor":5,"turns":3},{"damage":24,"enemies":"Gremlin Nob","floor":11,"turns":5},{"damage":11,"enemies":"Looter","floor":14,"turns":3},{"damage":25,"enemies":"Slime Boss","floor":16,"turns":11},{"damage":28,"enemies":"2 Thieves","floor":18,"turns":4},{"damage":27,"enemies":"Shell Parasite","floor":21,"turns":7},{"damage":38,"enemies":"Snake Plant","floor":22,"turns":4}],"seed_played":"-2580435727444116722","potions_obtained":[{"floor":1,"key":"MagicPotion:ReiMu"},{"floor":4,"key":"Energy Potion"},{"floor":5,"key":"Strength Potion"},{"floor":16,"key":"Fire Potion"},{"floor":21,"key":"SpeedPotion"}],"is_trial":false,"path_per_floor":["M","?","M","M","M","R","?","R","T","$","E","$","$","M","R","B",null,"M","T","?","M","M"],"character_chosen":"THE_SENSHI","items_purchased":["theSenshi:CrisisMakeUp","Strange Spoon"],"campfire_rested":1,"item_purchase_floors":[10,12],"current_hp_per_floor":[75,57,57,57,54,54,54,75,75,75,51,51,51,40,40,20,75,47,47,47,30,0,0],"gold":377,"neow_bonus":"THREE_ENEMY_KILL","is_daily":false,"chose_seed":false,"campfire_upgraded":2,"win_rate":0.0,"timestamp":1613492493,"path_taken":["M","?","M","M","M","R","?","R","T","?","E","?","$","M","R","BOSS","M","?","?","M","M"],"items_purchased_type":["Card","Relic"],"build_version":"2020-12-22","purchased_purges":0,"victory":false,"max_hp_per_floor":[75,75,75,75,75,75,75,75,75,75,75,75,75,75,75,75,75,75,75,75,75,75,75],"card_choices":[{"not_picked":["theSenshi:SailorStarFighterAssists","theSenshi:SailorPlanetAttack"],"picked":"theSenshi:MoonPrincessHalation","floor":1},{"not_picked":["theSenshi:SailorChibiMoonAssists","theSenshi:SupersonicWaves"],"picked":"theSenshi:SailorJupiterAssists","floor":2},{"not_picked":["theSenshi:SailorPlanetAttack","theSenshi:SailorMarsAssists"],"picked":"theSenshi:MoonPunch","floor":3},{"not_picked":["theSenshi:LunasBite","theSenshi:SailorPlanetAttack"],"picked":"theSenshi:TallSilhouette","floor":4},{"not_picked":["theSenshi:SchoolBag","theSenshi:SailorStarMakerAssists"],"picked":"theSenshi:SailorVenusAssists","floor":5},{"not_picked":["theSenshi:TallSilhouette","theSenshi:MoonSpiralHeartAttack"],"picked":"theSenshi:MoonHealingEscalation","floor":11},{"not_picked":["theSenshi:TallSilhouette","theSenshi:SailorPlanetAttack"],"picked":"theSenshi:InTheNickOfTime","floor":14},{"not_picked":["theSenshi:IWillPunishYou","theSenshi:FatedKiss"],"picked":"theSenshi:MoonEternalMakeUp","floor":16},{"not_picked":["theSenshi:KlutzyLuck","theSenshi:LunasBite"],"picked":"theSenshi:SailorPlanetAttack","floor":18},{"not_picked":["theSenshi:GatheringStrength+1","theSenshi:TallSilhouette+1"],"picked":"theSenshi:MoonTiaraMagic+1","floor":21}],"player_experience":331014,"relics_obtained":[{"floor":9,"key":"reliquary:JackalopeAntler"},{"floor":11,"key":"Lantern"},{"floor":19,"key":"reliquary:HotPoker"}],"event_choices":[],"is_beta":false,"boss_relics":[{"not_picked":["ReplayTheSpireMod:DimensionalGlitch","SlaversCollar"],"picked":"Black Star"}],"items_purged_floors":[],"is_endless":false,"potions_floor_spawned":[1,4,5,16,21],"killed_by":"Snake Plant","ascension_level":3}}