{"host":"hlz9nytggqnehs39","time":1613472034,"event":{"mods":["BaseMod","Highlight Path","Minty Spire (QoL Compilation)","Relic Stats"],"gold_per_floor":[214,234,250,265,46,46,46,46,73,148,166,193,193,213,213,213,213],"floor_reached":16,"language":"ENG","playtime":998,"items_purged":[],"score":170,"play_id":"045774b9-126d-428a-b10b-1be26d07d7dc","local_time":"20210216114034","is_ascension_mode":true,"campfire_choices":[{"data":"Neutralize","floor":6,"key":"SMITH"},{"data":"Terror","floor":8,"key":"SMITH"},{"floor":13,"key":"REST"},{"floor":15,"key":"REST"}],"circlet_count":0,"master_deck":["AscendersBane","Strike_G","Strike_G","Strike_G","Strike_G","Strike_G","Defend_G","Defend_G","Defend_G","Defend_G","Defend_G","Survivor","Neutralize+1","Terror+1","Dagger Spray","Deflect","Grand Finale","Finisher"],"relics":["Ring of the Snake","Medical Kit","Lantern","Odd Mushroom"],"acts_visited":["Exordium"],"potions_floor_usage":[4,12,16],"damage_taken":[{"damage":15,"enemies":"Cultist","floor":1,"turns":6},{"damage":0,"enemies":"2 Louse","floor":2,"turns":5},{"damage":8,"enemies":"Small Slimes","floor":3,"turns":4},{"damage":0,"enemies":"3 Louse","floor":4,"turns":2},{"damage":0,"enemies":"2 Fungi Beasts","floor":11,"turns":4},{"damage":18,"enemies":"The Mushroom Lair","floor":12,"turns":6},{"damage":0,"enemies":"Large Slime","floor":14,"turns":3},{"damage":54,"enemies":"Hexaghost","floor":16,"turns":14}],"seed_played":"2916864021699773032","potions_obtained":[{"floor":1,"key":"Explosive Potion"},{"floor":4,"key":"Weak Potion"},{"floor":12,"key":"Fruit Juice"}],"is_trial":false,"path_per_floor":["M","M","M","M","$","R","$","R","T","?","M","?","R","M","R","B"],"character_chosen":"THE_SILENT","items_purchased":["Medical Kit","Dagger Spray"],"campfire_rested":2,"item_purchase_floors":[5,5],"current_hp_per_floor":[44,44,36,36,36,36,36,36,36,25,25,7,26,26,45,0,0],"gold":213,"neow_bonus":"HUNDRED_GOLD","is_daily":false,"chose_seed":false,"campfire_upgraded":2,"win_rate":0.0,"timestamp":1613472034,"path_taken":["M","M","M","M","$","R","?","R","T","?","M","?","R","M","R","BOSS"],"items_purchased_type":["Relic","Card"],"build_version":"2020-12-22","purchased_purges":0,"victory":false,"max_hp_per_floor":[66,66,66,66,66,66,66,66,66,66,66,66,66,66,66,71,71],"relic_stats":{"counters":[8,44],"Medical Kit":[6],"obtain_stats":[{"Lantern":9,"Odd Mushroom":12,"Medical Kit":5,"Ring of the Snake":0},{"Lantern":4,"Odd Mushroom":6,"Medical Kit":4,"Ring of the Snake":0},{"Lantern":17,"Odd Mushroom":27,"Medical Kit":17,"Ring of the Snake":0}],"Ring of the Snake":[16]},"card_choices":[{"not_picked":["Riddle With Holes","Flying Knee"],"picked":"Terror","floor":1},{"not_picked":["Quick Slash","Slice","Acrobatics"],"picked":"SKIP","floor":2},{"not_picked":["Distraction","Eviscerate","Quick Slash"],"picked":"SKIP","floor":3},{"not_picked":["Tactician","Prepared","Dodge and Roll"],"picked":"SKIP","floor":4},{"not_picked":["Expertise","Slice"],"picked":"Deflect","floor":11},{"not_picked":["Leg Sweep","Outmaneuver"],"picked":"Grand Finale","floor":12},{"not_picked":["Underhanded Strike","Slice"],"picked":"Finisher","floor":14}],"player_experience":463758,"relics_obtained":[{"floor":9,"key":"Lantern"},{"floor":12,"key":"Odd Mushroom"}],"event_choices":[{"damage_healed":0,"gold_gain":75,"player_choice":"Gather Gold","damage_taken":11,"max_hp_gain":0,"max_hp_loss":0,"event_name":"World of Goop","floor":10,"gold_loss":0},{"damage_healed":0,"gold_gain":0,"player_choice":"Fought Mushrooms","damage_taken":0,"max_hp_gain":0,"max_hp_loss":0,"event_name":"Mushrooms","floor":12,"gold_loss":0}],"is_beta":false,"boss_relics":[],"items_purged_floors":[],"is_endless":false,"potions_floor_spawned":[1,4,12],"killed_by":"Hexaghost","ascension_level":17}}