{"host":"zlmf7uudqr1sj8t0","time":1613454953,"event":{"mods":["BaseMod","Colored Map","DeckTracker","Highlight Path","Minty Spire (QoL Compilation)"],"gold_per_floor":[112,124,134,147,147,147,181,181,181,197,197,224,240,257,257,257,257],"floor_reached":16,"language":"ENG","playtime":944,"items_purged":[],"score":160,"play_id":"a37c9327-8945-4019-9735-48d20863f655","local_time":"20210215215553","is_ascension_mode":true,"campfire_choices":[{"data":"Consume","floor":6,"key":"SMITH"},{"data":"Dualcast","floor":8,"key":"SMITH"},{"floor":15,"key":"REST"}],"circlet_count":0,"master_deck":["Strike_B","Strike_B","Strike_B","Strike_B","Defend_B","Defend_B","Defend_B","Defend_B","Zap","Dualcast+1","Seek","Ball Lightning","Lockon","Consume+1","Turbo","Beam Cell","Hologram","Conserve Battery"],"relics":["Cracked Core","CaptainsWheel","Shuriken","White Beast Statue","Bottled Flame"],"acts_visited":["Exordium"],"potions_floor_usage":[14,16,16],"damage_taken":[{"damage":5,"enemies":"Small Slimes","floor":1,"turns":3},{"damage":1,"enemies":"Cultist","floor":2,"turns":3},{"damage":0,"enemies":"2 Louse","floor":3,"turns":2},{"damage":35,"enemies":"Gremlin Gang","floor":4,"turns":3},{"damage":0,"enemies":"Gremlin Nob","floor":7,"turns":2},{"damage":7,"enemies":"Looter","floor":10,"turns":3},{"damage":17,"enemies":"Lagavulin","floor":12,"turns":4},{"damage":1,"enemies":"Exordium Wildlife","floor":13,"turns":4},{"damage":2,"enemies":"Red Slaver","floor":14,"turns":3},{"damage":29,"enemies":"The Guardian","floor":16,"turns":6}],"seed_played":"613225211295366341","potions_obtained":[{"floor":2,"key":"GamblersBrew"},{"floor":10,"key":"Block Potion"},{"floor":11,"key":"SkillPotion"},{"floor":11,"key":"Swift Potion"},{"floor":14,"key":"Block Potion"}],"is_trial":false,"path_per_floor":["M","M","M","M","?","R","E","R","T","M","?","E","M","M","R","B"],"character_chosen":"DEFECT","items_purchased":[],"campfire_rested":1,"item_purchase_floors":[],"current_hp_per_floor":[70,69,69,34,34,34,34,34,34,27,27,10,9,7,29,0,0],"gold":257,"neow_bonus":"ONE_RANDOM_RARE_CARD","is_daily":false,"chose_seed":false,"campfire_upgraded":2,"win_rate":0.0,"timestamp":1613454953,"path_taken":["M","M","M","M","?","R","E","R","T","?","?","E","M","M","R","BOSS"],"items_purchased_type":[],"build_version":"2020-12-22","purchased_purges":0,"victory":false,"max_hp_per_floor":[75,75,75,75,75,75,75,75,75,75,75,75,75,75,75,75,75],"card_choices":[{"not_picked":["Cold Snap","Redo"],"picked":"Ball Lightning","floor":1},{"not_picked":["Sunder","Doom and Gloom"],"picked":"Lockon","floor":2},{"not_picked":["Doom and Gloom","Defragment"],"picked":"Consume","floor":3},{"not_picked":["Gash","Coolheaded"],"picked":"Turbo","floor":4},{"not_picked":["Auto Shields","Turbo"],"picked":"Beam Cell","floor":7},{"not_picked":["Blizzard","Beam Cell","Coolheaded"],"picked":"SKIP","floor":10},{"not_picked":["Cold Snap","Reinforced Body"],"picked":"Hologram","floor":12},{"not_picked":["Amplify","Undo","Aggregate"],"picked":"SKIP","floor":13},{"not_picked":["Coolheaded","Leap"],"picked":"Conserve Battery","floor":14}],"player_experience":153339,"relics_obtained":[{"floor":7,"key":"Shuriken"},{"floor":9,"key":"White Beast Statue"},{"floor":12,"key":"Bottled Flame"}],"event_choices":[{"damage_healed":0,"gold_gain":0,"player_choice":"Gave Potion","damage_taken":0,"relics_obtained":["CaptainsWheel"],"max_hp_gain":0,"max_hp_loss":0,"event_name":"WeMeetAgain","floor":5,"gold_loss":0},{"damage_healed":0,"gold_gain":0,"player_choice":"Got Potions","damage_taken":0,"max_hp_gain":0,"max_hp_loss":0,"event_name":"Lab","floor":11,"gold_loss":0}],"is_beta":false,"boss_relics":[],"items_purged_floors":[],"is_endless":false,"potions_floor_spawned":[2,10,12,13,14],"killed_by":"The Guardian","ascension_level":3}}