{"host":"by8i6f8xc0ywpsd5","time":1613501458,"event":{"mods":["BaseMod","Colored Map","Downfall","Minty Spire (QoL Compilation)","Relic Stats","StSLib"],"gold_per_floor":[99,117,130,143,143,143,169,188,188,188,217,237,237,249,268,369,369,269,269,6,6,27,27,50,69,93,93,111,144,44,56,78,78,78,78],"floor_reached":33,"language":"ENG","playtime":8303,"items_purged":[],"score":321,"play_id":"94b7e819-ffc7-4e73-804f-8407e03cad2f","local_time":"20210216205058","is_ascension_mode":false,"campfire_choices":[{"data":"hexamod:Float","floor":1.0,"key":"SMITH"},{"data":"hexamod:Sear","floor":6.0,"key":"SMITH"},{"data":"hexamod:NightmareStrike","floor":9.0,"key":"SMITH"},{"data":"hexamod:TurnItUp","floor":18,"key":"SMITH"},{"data":"hexamod:SearingWound","floor":23,"key":"SMITH"},{"floor":30,"key":"REST"}],"circlet_count":0,"master_deck":["hexamod:Defend","hexamod:Defend","hexamod:Sear+1","hexamod:Float+1","hexamod:FastForward","hexamod:FourthSeal","hexamod:HauntingEcho","hexamod:NightmareStrike+1","hexamod:NightmareGuise","hexamod:FastForward","hexamod:SearingWound+1","hexamod:BurningTouch","hexamod:TurnItUp+1","hexamod:WildfireWeapon+1","hexamod:GhostflameInferno+1","hexamod:HeatShield+1","hexamod:EtherealExpedition","hexamod:HeatShield","hexamod:SkipABeat+1","hexamod:SecondSeal","hexamod:FirstSeal","hexamod:FastForward","hexamod:SoulSteal","hexamod:FastForward","hexamod:FastForward","hexamod:ThirdSeal","hexamod:PhantomCloak","hexamod:HeatCrush"],"relics":["hexamod:SpiritBrand","Oddly Smooth Stone","Du-Vu Doll","Dream Catcher","Astrolabe","downfall:HeartBlessingGreen","Mummified Hand","PreservedInsect","Orichalcum","downfall:HeartBlessingBlue"],"acts_visited":["Exordium","TheCity"],"potions_floor_usage":[15,15,20,31,31,32,32,33],"damage_taken":[{"damage":5.0,"enemies":"Small Slimes","floor":2.0,"turns":4.0},{"damage":1.0,"enemies":"2 Louse","floor":3.0,"turns":2.0},{"damage":1.0,"enemies":"Jaw Worm","floor":4.0,"turns":3.0},{"damage":10.0,"enemies":"2 Fungi Beasts","floor":8.0,"turns":4.0},{"damage":3.0,"enemies":"Gremlin Nob","floor":11.0,"turns":3.0},{"damage":0,"enemies":"Large Slime","floor":12,"turns":3},{"damage":0,"enemies":"Exordium Wildlife","floor":14,"turns":4},{"damage":0,"enemies":"Exordium Thugs","floor":15,"turns":3},{"damage":3,"enemies":"IC_STATUS_ARCHETYPE","floor":16,"turns":7},{"damage":0,"enemies":"downfall:FleeingMerchant","floor":20,"turns":4},{"damage":0,"enemies":"downfall:LooterAlt2","floor":22,"turns":4},{"damage":5,"enemies":"Shell Parasite","floor":25,"turns":4},{"damage":13,"enemies":"3 Cultists","floor":26,"turns":5},{"damage":6,"enemies":"Snecko","floor":28,"turns":6},{"damage":30,"enemies":"Book of Stabbing","floor":29,"turns":6},{"damage":29,"enemies":"Sentry and Sphere","floor":31,"turns":5},{"damage":11,"enemies":"Snake Plant","floor":32,"turns":3},{"damage":48,"enemies":"DF_ARCHETYPE_CLAW","floor":33,"turns":5}],"seed_played":"8635740083970715166","potions_obtained":[{"floor":4.0,"key":"Fire Potion"},{"floor":4.0,"key":"sneckomod:MuddlingPotion"},{"floor":8.0,"key":"Block Potion"},{"floor":8.0,"key":"Fire Potion"},{"floor":11.0,"key":"champ:CounterPotion"},{"floor":11.0,"key":"Strength Potion"},{"floor":15,"key":"FearPotion"},{"floor":22,"key":"hexamod:SoulburnPotion"},{"floor":25,"key":"Fire Potion"},{"floor":26,"key":"DuplicationPotion"},{"floor":31,"key":"DistilledChaos"},{"floor":31,"key":"BlessingOfTheForge"},{"floor":32,"key":"SkillPotion"}],"is_trial":false,"path_per_floor":["R","M","M","M","?","R","T","M","R","?","E","M","?","M","M","B",null,"R","?","$","?","M","R","T","M","M","T","M","E","R","M","M","B"],"character_chosen":"THE_SPIRIT","items_purchased":["Mummified Hand"],"campfire_rested":1,"item_purchase_floors":[20],"current_hp_per_floor":[77,72,71,70,70,70,70,60,60,65,62,62,37,37,37,34,82,82,82,82,82,82,82,82,77,64,64,58,35,72,50,46,0,0,0],"gold":78,"neow_bonus":"TEN_PERCENT_HP_BONUS","is_daily":false,"chose_seed":false,"campfire_upgraded":5,"win_rate":0.0,"timestamp":1613501458,"path_taken":["R","M","M","M","?","R","T","M","R","?","E","M","?","?","M","BOSS","R","?","$","?","?","R","T","M","M","?","M","E","R","M","M","BOSS"],"items_purchased_type":["Relic"],"build_version":"2020-12-22","purchased_purges":0,"victory":false,"max_hp_per_floor":[77,77,77,77,77,77,77,77,77,82,82,82,82,82,82,82,82,82,82,82,82,82,82,82,82,82,82,82,82,92,92,92,92,92,92],"relic_stats":{"Dream Catcher":1,"counters":[18,75],"Mummified Hand":[38],"Astrolabe":["hexamod:WildfireWeapon","hexamod:GhostflameInferno","hexamod:HeatShield"],"PreservedInsect":41,"Orichalcum":[0],"obtain_stats":[{"Du-Vu Doll":11,"Dream Catcher":13,"Mummified Hand":20,"downfall:HeartBlessingBlue":30,"Astrolabe":17,"Oddly Smooth Stone":7,"downfall:HeartBlessingGreen":18,"PreservedInsect":24,"Orichalcum":29,"hexamod:SpiritBrand":0},{"Du-Vu Doll":5,"Dream Catcher":6,"Mummified Hand":10,"downfall:HeartBlessingBlue":15,"Astrolabe":9,"Oddly Smooth Stone":3,"downfall:HeartBlessingGreen":9,"PreservedInsect":11,"Orichalcum":15,"hexamod:SpiritBrand":0},{"Du-Vu Doll":16,"Dream Catcher":19,"Mummified Hand":37,"downfall:HeartBlessingBlue":62,"Astrolabe":33,"Oddly Smooth Stone":9,"downfall:HeartBlessingGreen":33,"PreservedInsect":41,"Orichalcum":62,"hexamod:SpiritBrand":0}]},"card_choices":[{"not_picked":["hexamod:ShieldOfDarkness","hexamod:Hexaguard"],"picked":"hexamod:FastForward","floor":2.0},{"not_picked":["hexamod:NightmareGuise","hexamod:NightmareStrike"],"picked":"hexamod:FourthSeal","floor":3.0},{"not_picked":["hexamod:GhostLash","hexamod:InspiringFlames"],"picked":"hexamod:HauntingEcho","floor":4.0},{"not_picked":["hexamod:Firestarter","hexamod:GhostShield"],"picked":"hexamod:NightmareStrike","floor":8.0},{"not_picked":["hexamod:BacktrackSmack","hexamod:InspiringFlames"],"picked":"hexamod:NightmareGuise","floor":11.0},{"not_picked":["hexamod:ChargedBarrage","hexamod:GhostLash"],"picked":"hexamod:FastForward","floor":12},{"not_picked":["hexamod:NightmareGuise","hexamod:HeatMetal"],"picked":"hexamod:SearingWound","floor":14},{"not_picked":["hexamod:SwordOfDarkness","hexamod:AdvancingGuard"],"picked":"hexamod:BurningTouch","floor":15},{"not_picked":["hexamod:TimeOfNeed","hexamod:ForkedFlame"],"picked":"hexamod:TurnItUp","floor":16},{"not_picked":["hexamod:HeatMetal","hexamod:GhostShield"],"picked":"hexamod:SkipABeat+1","floor":20},{"not_picked":["hexamod:SpectralAdrenaline","hexamod:BacktrackSmack","hexamod:Firestarter"],"picked":"SKIP","floor":22},{"not_picked":["hexamod:HauntingEcho","hexamod:GhostShield"],"picked":"hexamod:FirstSeal","floor":25},{"not_picked":["hexamod:DynamicBlow","hexamod:AdvancingGuard"],"picked":"hexamod:FastForward","floor":26},{"not_picked":["hexamod:GhostOfSpirePast","hexamod:NecessarySacrifice"],"picked":"hexamod:SoulSteal","floor":28},{"not_picked":["hexamod:ShieldOfDarkness","hexamod:NightmareGuise"],"picked":"hexamod:FastForward","floor":29},{"not_picked":["hexamod:Hexaguard","hexamod:NightmareGuise"],"picked":"hexamod:FastForward","floor":30},{"not_picked":["hexamod:GhostLash+1","hexamod:SpectersWail"],"picked":"hexamod:ThirdSeal","floor":31},{"not_picked":["hexamod:UnlimitedPower","hexamod:NightmareGuise"],"picked":"hexamod:PhantomCloak","floor":32},{"not_picked":["hexamod:RadiantFlame","hexamod:ThermalTransfer"],"picked":"hexamod:HeatCrush","floor":32}],"player_experience":1787679,"relics_obtained":[{"floor":7.0,"key":"Oddly Smooth Stone"},{"floor":11.0,"key":"Du-Vu Doll"},{"floor":24,"key":"PreservedInsect"},{"floor":29,"key":"Orichalcum"}],"event_choices":[{"damage_healed":0.0,"max_hp_gain":5.0,"max_hp_loss":0.0,"gold_gain":0.0,"event_name":"Big Fish","player_choice":"Donut","floor":10.0,"gold_loss":0.0,"damage_taken":0.0},{"damage_healed":0,"gold_gain":0,"player_choice":"Success","damage_taken":25,"relics_obtained":["Dream Catcher"],"max_hp_gain":0,"max_hp_loss":0,"event_name":"Scrap Ooze","floor":13,"gold_loss":0},{"damage_healed":0,"gold_gain":0,"cards_transformed":["hexamod:Strike","hexamod:Defend"],"player_choice":"Became Test Subject","damage_taken":0,"max_hp_gain":0,"max_hp_loss":0,"event_name":"Drug Dealer","floor":19,"gold_loss":0,"cards_obtained":["hexamod:EtherealExpedition","hexamod:HeatShield"]},{"damage_healed":0,"gold_gain":0,"player_choice":"Read","damage_taken":0,"max_hp_gain":0,"max_hp_loss":0,"event_name":"The Library","floor":21,"gold_loss":0,"cards_obtained":["hexamod:SecondSeal"]}],"is_beta":false,"boss_relics":[{"not_picked":["Pandora\u0027s Box","Runic Dome"],"picked":"Astrolabe"}],"items_purged_floors":[],"is_endless":false,"potions_floor_spawned":[4,8,11,26,29,31],"killed_by":"DF_ARCHETYPE_CLAW","ascension_level":0}}