{"host":"qp7xs8nuzfsyommi","time":1613435008,"event":{"mods":["2.2 Compatiblity","BaseMod","Colored Powertips","DeckTracker","Highlight Path","Minty Spire (QoL Compilation)","Permanent Neow","Quick Restart","StSLib"],"gold_per_floor":[111,127,44,60,79,108,120,270,297,297,297,297,49,79,79,154,154,170,188,198,198,248,248,248,248],"floor_reached":24,"language":"ENG","playtime":1173,"items_purged":[],"score":412,"play_id":"762eeb2e-045c-43c6-8741-b740e92d9879","local_time":"20210215192328","is_ascension_mode":true,"campfire_choices":[{"data":"Machine Learning","floor":11.0,"key":"SMITH"},{"floor":15.0,"key":"REST"},{"floor":23,"key":"REST"}],"circlet_count":0,"master_deck":["AscendersBane","Dualcast+1","Consume","Multi-Cast","Redo","Self Repair","BootSequence","Hello World","Storm","Cold Snap","Doom and Gloom","Capacitor","Leap+1","Hologram","Storm","Machine Learning+1","White Noise","Go for the Eyes","Biased Cognition","Melter","White Noise","Conserve Battery","Recycle","Coolheaded"],"relics":["Pandora\u0027s Box","Blue Candle","MealTicket","Strawberry","Smiling Mask","Runic Pyramid"],"acts_visited":["Exordium","TheCity"],"potions_floor_usage":[16,24],"damage_taken":[{"damage":7.0,"enemies":"2 Louse","floor":1.0,"turns":3.0},{"damage":18.0,"enemies":"Small Slimes","floor":2.0,"turns":3.0},{"damage":0.0,"enemies":"Jaw Worm","floor":4.0,"turns":4.0},{"damage":7.0,"enemies":"Looter","floor":5.0,"turns":4.0},{"damage":39.0,"enemies":"Gremlin Nob","floor":6.0,"turns":5.0},{"damage":4.0,"enemies":"Blue Slaver","floor":7.0,"turns":3.0},{"damage":17.0,"enemies":"Lagavulin","floor":14.0,"turns":6.0},{"damage":33,"enemies":"Hexaghost","floor":16,"turns":8},{"damage":1,"enemies":"Spheric Guardian","floor":18,"turns":3},{"damage":6,"enemies":"Chosen","floor":19,"turns":5},{"damage":26,"enemies":"Shelled Parasite and Fungi","floor":20,"turns":5},{"damage":75,"enemies":"Slavers","floor":24,"turns":3}],"seed_played":"-2270518134081451042","potions_obtained":[{"floor":1.0,"key":"LiquidMemories"},{"floor":5.0,"key":"Block Potion"},{"floor":14.0,"key":"DistilledChaos"},{"floor":18,"key":"BlessingOfTheForge"},{"floor":19,"key":"GamblersBrew"}],"is_trial":false,"path_per_floor":["M","M","$","M","M","E","M","?","T","?","R","?","$","E","R","B",null,"M","M","M","?","?","R","E"],"character_chosen":"DEFECT","items_purchased":["Capacitor","Strawberry","White Noise"],"campfire_rested":2,"item_purchase_floors":[3,13,13],"current_hp_per_floor":[64,53,53,60,60,28,31,31,31,24,24,3,25,15,38,12,62,61,62,43,43,43,66,0,0],"gold":248,"neow_bonus":"BOSS_RELIC","is_daily":false,"chose_seed":false,"campfire_upgraded":1,"win_rate":0.0,"timestamp":1613435008,"path_taken":["M","M","$","M","M","E","M","?","T","?","R","?","$","E","R","BOSS","M","M","M","?","?","R","E"],"items_purchased_type":["Card","Relic","Card"],"build_version":"2020-12-22","purchased_purges":0,"victory":false,"max_hp_per_floor":[71,71,71,71,71,71,71,71,71,71,71,71,78,78,78,78,78,78,78,78,78,78,78,78,78],"card_choices":[{"not_picked":["Coolheaded","Hologram"],"picked":"Cold Snap","floor":1.0},{"not_picked":["Redo","Ball Lightning"],"picked":"Doom and Gloom","floor":2.0},{"not_picked":["Beam Cell","Go for the Eyes"],"picked":"Leap","floor":4.0},{"not_picked":["Barrage","Cold Snap"],"picked":"Hologram","floor":5.0},{"not_picked":["Stack","Leap"],"picked":"Storm","floor":6.0},{"not_picked":["Coolheaded","Conserve Battery"],"picked":"Machine Learning","floor":7.0},{"not_picked":["Beam Cell","Stack"],"picked":"Go for the Eyes","floor":14.0},{"not_picked":["Rainbow","Multi-Cast"],"picked":"Biased Cognition","floor":16},{"not_picked":["Beam Cell","Rebound"],"picked":"Melter","floor":18},{"not_picked":["Hologram","Loop"],"picked":"White Noise","floor":19},{"not_picked":["Rebound+1","Hologram"],"picked":"Conserve Battery","floor":20}],"player_experience":1927561,"relics_obtained":[{"floor":6.0,"key":"Blue Candle"},{"floor":9.0,"key":"MealTicket"},{"floor":14.0,"key":"Smiling Mask"}],"event_choices":[{"damage_healed":0.0,"max_hp_gain":0.0,"max_hp_loss":0.0,"gold_gain":150.0,"event_name":"Liars Game","player_choice":"AGREE","floor":8.0,"gold_loss":0.0,"damage_taken":0.0,"cards_obtained":["Doubt"]},{"cards_removed":["Doubt"],"damage_healed":0.0,"max_hp_gain":0.0,"max_hp_loss":0.0,"gold_gain":0.0,"event_name":"Golden Wing","player_choice":"Card Removal","floor":10.0,"gold_loss":0.0,"damage_taken":7.0},{"damage_healed":0.0,"max_hp_gain":0.0,"max_hp_loss":0.0,"gold_gain":0.0,"event_name":"Shining Light","player_choice":"Entered Light","floor":12.0,"gold_loss":0.0,"damage_taken":21.0,"cards_upgraded":["Leap","Dualcast"]},{"damage_healed":0,"gold_gain":0,"cards_transformed":["Zap","Meteor Strike"],"player_choice":"Became Test Subject","damage_taken":0,"max_hp_gain":0,"max_hp_loss":0,"event_name":"Drug Dealer","floor":21,"gold_loss":0,"cards_obtained":["Recycle","Coolheaded"]},{"damage_healed":0,"gold_gain":50,"player_choice":"Stole From Cult","damage_taken":0,"max_hp_gain":0,"max_hp_loss":0,"event_name":"Nest","floor":22,"gold_loss":0}],"is_beta":false,"boss_relics":[{"not_picked":["Black Star","Calling Bell"],"picked":"Runic Pyramid"}],"items_purged_floors":[],"is_endless":false,"potions_floor_spawned":[1,5,14,18,19],"killed_by":"Slavers","ascension_level":20}}