{"host":"bx54wbx1b8s5cm4v","time":1613458044,"event":{"mods":["BaseMod","Beaked The Cultist","GifTheSpireLib","Hubris","Marisa????????","Minty Spire (QoL Compilation)","StSLib","The Blackbeard","The Bladedancer","The Cursed","The Disciple","The Druid","The Forsaken","The Necromancer","The Runesmith","The Servant 0.9.4","TheBandit"],"gold_per_floor":[113,123,143,155,155,155,182,197,267,284,284,302,336,350,350,448,448,468,488,183,183,200,200,215,244,270,270,270,270],"floor_reached":28,"language":"ENG","playtime":1303,"items_purged":["Amplify+1"],"score":292,"play_id":"88e756a7-5446-40b1-ab41-80f2d6785bef","local_time":"20210216034724","is_ascension_mode":true,"campfire_choices":[{"data":"Genetic Algorithm","floor":6,"key":"SMITH"},{"data":"Defragment","floor":15,"key":"SMITH"},{"data":"Creative AI","floor":23,"key":"SMITH"}],"circlet_count":0,"master_deck":["Defend_B","Defend_B","Defend_B","Defend_B","Zap+1","Dualcast","Creative AI+1","Static Discharge","Genetic Algorithm+1","Auto Shields","Barrage","Sweeping Beam","Lockon","Hologram+1","Chaos+1","Streamline","Defragment+1","Capacitor","Aggregate+1","Leap+1","Bite","Bite","Bite","Bite","Bite"],"relics":["Cracked Core","Toxic Egg 2","hubris:Zylophone","hubris:SoftwareUpdate","Busted Crown","Toolbox","Toy Ornithopter","Runesmith:AutoHammer"],"acts_visited":["Exordium","TheCity"],"potions_floor_usage":[25,25,28],"damage_taken":[{"damage":0,"enemies":"Cultist","floor":1,"turns":3},{"damage":6,"enemies":"Jaw Worm","floor":2,"turns":3},{"damage":2,"enemies":"Small Slimes","floor":3,"turns":3},{"damage":2,"enemies":"Looter","floor":4,"turns":3},{"damage":13,"enemies":"Lagavulin","floor":7,"turns":6},{"damage":0,"enemies":"2 Fungi Beasts","floor":8,"turns":2},{"damage":2,"enemies":"Red Slaver","floor":10,"turns":4},{"damage":0,"enemies":"Gremlin Gang","floor":12,"turns":4},{"damage":18,"enemies":"3 Sentries","floor":13,"turns":5},{"damage":2,"enemies":"3 Louse","floor":14,"turns":3},{"damage":10,"enemies":"Hexaghost","floor":16,"turns":10},{"damage":21,"enemies":"Shell Parasite","floor":18,"turns":4},{"damage":5,"enemies":"Chosen","floor":19,"turns":4},{"damage":2,"enemies":"Centurion and Healer","floor":22,"turns":6},{"damage":25,"enemies":"Chosen and Byrds","floor":24,"turns":6},{"damage":12,"enemies":"Book of Stabbing","floor":25,"turns":6},{"damage":29,"enemies":"3 Cultists","floor":28,"turns":4}],"seed_played":"-6945022570837294778","potions_obtained":[{"floor":2,"key":"DuplicationPotion"},{"floor":3,"key":"Regen Potion"},{"floor":4,"key":"Weak Potion"},{"floor":13,"key":"SpeedPotion"},{"floor":24,"key":"Block Potion"},{"floor":25,"key":"Fire Potion"}],"is_trial":false,"path_per_floor":["M","M","M","M","?","R","E","M","T","M","?","M","E","M","R","B",null,"M","M","$","?","M","R","M","E","T","?","M"],"character_chosen":"DEFECT","items_purchased":["Toolbox","Capacitor"],"campfire_rested":0,"item_purchase_floors":[20,20],"current_hp_per_floor":[75,69,67,65,65,65,52,52,52,50,50,50,32,30,30,20,75,54,49,49,49,47,47,22,10,10,10,0,0],"gold":270,"neow_bonus":"ONE_RANDOM_RARE_CARD","is_daily":false,"chose_seed":false,"campfire_upgraded":3,"win_rate":0.0,"timestamp":1613458044,"path_taken":["M","M","M","?","?","R","E","M","T","M","?","?","E","M","R","BOSS","M","M","$","?","M","R","M","E","T","?","M"],"items_purchased_type":["Relic","Card"],"build_version":"2020-12-22","purchased_purges":1,"victory":false,"max_hp_per_floor":[75,75,75,75,75,75,75,75,75,75,75,75,75,75,75,75,75,75,75,75,75,75,75,75,75,75,52,52,52],"card_choices":[{"not_picked":["Compile Driver","Rebound"],"picked":"Static Discharge","floor":1},{"not_picked":["Go for the Eyes","Defragment"],"picked":"Genetic Algorithm","floor":2},{"not_picked":["Go for the Eyes","Storm"],"picked":"Auto Shields","floor":3},{"not_picked":["Reprogram","Leap"],"picked":"Barrage","floor":4},{"not_picked":["Beam Cell","Hologram"],"picked":"Sweeping Beam","floor":7},{"not_picked":["Loop","Ball Lightning"],"picked":"Lockon","floor":8},{"not_picked":["Lockon","Force Field+1"],"picked":"Hologram+1","floor":10},{"not_picked":["Aggregate+1","Beam Cell"],"picked":"Chaos+1","floor":12},{"not_picked":["Biased Cognition","Undo+1"],"picked":"Streamline","floor":13},{"not_picked":["Stack+1","Barrage"],"picked":"Defragment","floor":14},{"not_picked":["Machine Learning","hubris:Prefetch+1"],"picked":"Amplify+1","floor":16},{"not_picked":["Cold Snap"],"picked":"SKIP","floor":18},{"not_picked":["Stack+1"],"picked":"SKIP","floor":19},{"not_picked":["Coolheaded+1"],"picked":"SKIP","floor":22},{"not_picked":[],"picked":"Aggregate+1","floor":24},{"not_picked":[],"picked":"Leap+1","floor":25}],"player_experience":49977,"relics_obtained":[{"floor":9,"key":"Toxic Egg 2"},{"floor":13,"key":"hubris:SoftwareUpdate"},{"floor":25,"key":"Toy Ornithopter"},{"floor":26,"key":"Runesmith:AutoHammer"}],"event_choices":[{"damage_healed":0,"gold_gain":0,"player_choice":"Gave Potion","damage_taken":0,"relics_obtained":["hubris:Zylophone"],"max_hp_gain":0,"max_hp_loss":0,"event_name":"WeMeetAgain","floor":11,"gold_loss":0},{"damage_healed":0,"gold_gain":0,"player_choice":"Ignored","damage_taken":0,"max_hp_gain":0,"max_hp_loss":0,"event_name":"Ghosts","floor":21,"gold_loss":0},{"damage_healed":0,"gold_gain":0,"player_choice":"Became a vampire","damage_taken":0,"max_hp_gain":0,"max_hp_loss":23,"event_name":"Vampires","floor":27,"gold_loss":0,"cards_obtained":["Bite","Bite","Bite","Bite","Bite"]}],"is_beta":false,"boss_relics":[{"not_picked":["beaked:SacredDeck","Coffee Dripper"],"picked":"Busted Crown"}],"items_purged_floors":[20],"is_endless":false,"potions_floor_spawned":[2,3,4,13,18,24,25],"killed_by":"3 Cultists","ascension_level":1}}