{"host":"rylkjufw9dlhr07b","time":1613494308,"event":{"mods":["AchievementEnabler","BaseMod","Better Note","BetterRewards","Hubris","Minty Spire (QoL Compilation)","Quick Restart","StSLib","The Servant 0.9.4"],"gold_per_floor":[112,112,41,41,107,107,132,143,189,189,264,264,282,301,301,406,406,421,421,31,31,12,37,55,0,69,86,86,86,103,118,118,216,216,230,230,230,242,202,233,253,253,280,280,409,763,763,792,792,792],"floor_reached":51,"language":"FRA","playtime":2232,"items_purged":[],"score":924,"play_id":"f2925585-37f0-433e-bf3d-bf15202b99b2","local_time":"20210216175148","is_ascension_mode":false,"campfire_choices":[{"data":"Spin","floor":6.0,"key":"SMITH"},{"data":"Luminosity","floor":10.0,"key":"SMITH"},{"floor":12.0,"key":"REST"},{"data":"Stack","floor":15.0,"key":"SMITH"},{"floor":32.0,"key":"REST"},{"floor":44.0,"key":"REST"},{"floor":49,"key":"REST"}],"circlet_count":0,"master_deck":["Strike_S+1","Strike_S+1","Strike_S+1","Defend_S+1","Defend_S+1","Defend_S+1","Defend_S+1","KidneyShot","Exchange","Spin+1","SilverBlades","ShatteredReality","Luminosity+1","MoonPhase","Stack+1","MurderousAura","Ricochet","FlawlessForm","Contraction","Moonlight","DoubleEdge","FlawlessForm+1","Defy","InstantArmor","MoonPhase","TimeWarp+1","KillingDoll","Barrier","Go for the Eyes+1","Glacier","ShatteredReality+1","GearUp","MoonPhase","Rearm","DualDimension+1","FastForward+1"],"relics":["Uniform","NeowsBlessing","hubris:DisguiseKit","Bag of Preparation","Black Star","Membership Card","hubris:CuriousFeather","MutagenicStrength","Lantern","Dream Catcher","Bottled Flame","SlaversCollar","hubris:Icosahedron","Darkstone Periapt","Kunai","Whetstone","Meat on the Bone","Ancient Tea Set","Old Coin","hubris:PeanutButter","hubris:MysteriousPyramids"],"acts_visited":["Exordium","TheCity","TheBeyond"],"potions_floor_usage":[],"damage_taken":[{"damage":0.0,"enemies":"Jaw Worm","floor":1.0,"turns":1.0},{"damage":0.0,"enemies":"Gremlin Nob","floor":7.0,"turns":1.0},{"damage":0.0,"enemies":"Cultist","floor":8.0,"turns":1.0},{"damage":0.0,"enemies":"2 Louse","floor":13.0,"turns":1.0},{"damage":10.0,"enemies":"Exordium Thugs","floor":14.0,"turns":4.0},{"damage":11.0,"enemies":"Hexaghost","floor":16.0,"turns":7.0},{"damage":3.0,"enemies":"Spheric Guardian","floor":18.0,"turns":4.0},{"damage":47.0,"enemies":"Gremlin Leader","floor":23.0,"turns":7.0},{"damage":13.0,"enemies":"Shell Parasite","floor":24.0,"turns":5.0},{"damage":2.0,"enemies":"Centurion and Healer","floor":27.0,"turns":3.0},{"damage":0.0,"enemies":"Colosseum Slavers","floor":29.0,"turns":4.0},{"damage":0.0,"enemies":"Chosen and Byrds","floor":30.0,"turns":6.0},{"damage":10.0,"enemies":"Snake Plant","floor":31.0,"turns":3.0},{"damage":0.0,"enemies":"Collector","floor":33.0,"turns":9.0},{"damage":0.0,"enemies":"Orb Walker","floor":35.0,"turns":1.0},{"damage":6.0,"enemies":"3 Darklings","floor":38.0,"turns":6.0},{"damage":0.0,"enemies":"Nemesis","floor":40.0,"turns":7.0},{"damage":13.0,"enemies":"4 Shapes","floor":41.0,"turns":3.0},{"damage":8.0,"enemies":"Reptomancer","floor":45.0,"turns":4.0},{"damage":56.0,"enemies":"2 Orb Walkers","floor":46.0,"turns":7.0},{"damage":10,"enemies":"Giant Head","floor":48,"turns":8},{"damage":29,"enemies":"Time Eater","floor":50,"turns":16}],"seed_played":"-91781930638610433","potions_obtained":[{"floor":13.0,"key":"CultistPotion"},{"floor":14.0,"key":"CultistPotion"},{"floor":16.0,"key":"Regen Potion"},{"floor":24.0,"key":"Block Potion"},{"floor":31.0,"key":"FearPotion"},{"floor":33.0,"key":"DistilledChaos"},{"floor":35.0,"key":"BlessingOfTheForge"},{"floor":38.0,"key":"FearPotion"},{"floor":41.0,"key":"GamblersBrew"}],"is_trial":false,"path_per_floor":["M","?","$","?","?","R","E","M","T","R","?","R","M","M","R","B",null,"M","?","$","?","$","E","M","?","T","M","?","?","M","M","R","B",null,"M","?","?","M","?","E","M","?","T","R","E","?","?","E","R","B",null],"character_chosen":"THE_SERVANT","items_purchased":["SilverBlades","Membership Card","hubris:CuriousFeather","FlawlessForm","Contraction","Moonlight"],"campfire_rested":4,"item_purchase_floors":[3,20,20,20,20,22],"current_hp_per_floor":[65,65,65,52,52,52,52,52,52,52,41,60,60,50,50,39,65,62,62,62,62,62,15,16,16,16,14,14,14,14,4,23,23,65,65,65,65,59,59,59,46,46,46,65,57,13,16,18,38,21],"gold":792,"neow_bonus":"THREE_ENEMY_KILL","is_daily":false,"chose_seed":false,"campfire_upgraded":3,"win_rate":0.0,"timestamp":1613494308,"path_taken":["M","?","$","?","?","R","E","M","T","R","?","R","M","M","R","BOSS","M","?","$","?","$","E","M","?","T","M","?","?","M","M","R","BOSS","M","?","?","M","?","E","?","?","T","R","E","?","?","E","R","BOSS"],"items_purchased_type":["Card","Relic","Relic","Card","Card","Card"],"build_version":"2020-12-22","purchased_purges":0,"victory":true,"max_hp_per_floor":[65,65,65,65,65,65,65,65,65,65,65,65,65,65,65,65,65,65,65,65,65,65,65,65,65,65,65,65,65,65,65,65,65,65,65,65,65,65,65,65,65,65,65,65,65,65,68,68,68,68],"card_choices":[{"not_picked":["ShatteredReality","Reset"],"picked":"Spin","floor":1.0},{"not_picked":["Misdirection","Alleviate"],"picked":"ShatteredReality","floor":7.0},{"not_picked":["Starlight","Reset","Steam"],"picked":"Luminosity","floor":8.0},{"not_picked":["TimeWarp","Ricochet","Steam"],"picked":"MoonPhase","floor":13.0},{"not_picked":["ShatteredReality","DoubleEdge","Unruled"],"picked":"Stack","floor":14.0},{"not_picked":["FloweringNight","SoulSculpture","Echo Form"],"picked":"MurderousAura","floor":16.0},{"not_picked":["Replace+1","Defy","Leap"],"picked":"Ricochet","floor":18.0},{"not_picked":["Rewind+1","Hightail","Hologram"],"picked":"DoubleEdge","floor":23.0},{"not_picked":["StarChef+1","FastForward","Static Discharge"],"picked":"FlawlessForm","floor":24.0},{"not_picked":["Alleviate","StarChef","Sweeping Beam"],"picked":"Defy","floor":27.0},{"not_picked":["Hightail","Revamp","Leap"],"picked":"InstantArmor","floor":30.0},{"not_picked":["ShiftingGears+1","ShatteredReality","Coolheaded"],"picked":"MoonPhase","floor":31.0},{"not_picked":["Starlight+1","Advance","Consume"],"picked":"TimeWarp","floor":32.0},{"not_picked":["Duplication","Solidify","Machine Learning"],"picked":"KillingDoll","floor":33.0},{"not_picked":["Defy","BottledTime+1","Hello World"],"picked":"Barrier","floor":35.0},{"not_picked":["Sabotage+1","Hightail","BottledTime+1"],"picked":"Go for the Eyes","floor":38.0},{"not_picked":["TimeWarp+1","Alleviate","Potential+1"],"picked":"Glacier","floor":40.0},{"not_picked":["TheWorld","Replace","Streamline"],"picked":"ShatteredReality+1","floor":41.0},{"not_picked":["Starlight","Rewind+1","Skim"],"picked":"GearUp","floor":44.0},{"not_picked":["Sabotage+1","Alleviate","Fusion"],"picked":"MoonPhase","floor":45.0},{"not_picked":["Sunlight","Starlight","Rebound"],"picked":"Rearm","floor":46.0},{"not_picked":["Replace+1","TimeWarp","Turbo"],"picked":"DualDimension+1","floor":48},{"not_picked":["Contraction","Rewind","Compile Driver"],"picked":"FastForward+1","floor":49}],"player_experience":606300,"relics_obtained":[{"floor":7.0,"key":"hubris:DisguiseKit"},{"floor":9.0,"key":"Bag of Preparation"},{"floor":23.0,"key":"Lantern"},{"floor":23.0,"key":"Dream Catcher"},{"floor":26.0,"key":"Bottled Flame"},{"floor":40.0,"key":"Darkstone Periapt"},{"floor":40.0,"key":"Kunai"},{"floor":43.0,"key":"Whetstone"},{"floor":45.0,"key":"Meat on the Bone"},{"floor":45.0,"key":"Ancient Tea Set"},{"floor":46.0,"key":"Old Coin"},{"floor":48,"key":"hubris:PeanutButter"},{"floor":48,"key":"hubris:MysteriousPyramids"}],"event_choices":[{"damage_healed":0.0,"max_hp_gain":0.0,"max_hp_loss":0.0,"gold_gain":0.0,"event_name":"The Woman in Blue","player_choice":"Bought 0 Potions","floor":2.0,"gold_loss":0.0,"damage_taken":0.0},{"damage_healed":0.0,"max_hp_gain":0.0,"max_hp_loss":0.0,"gold_gain":0.0,"event_name":"Shining Light","player_choice":"Entered Light","floor":4.0,"gold_loss":0.0,"damage_taken":13.0,"cards_upgraded":["Defend_S","Strike_S"]},{"damage_healed":0.0,"max_hp_gain":0.0,"max_hp_loss":0.0,"gold_gain":66.0,"event_name":"Golden Wing","player_choice":"Gained Gold","floor":5.0,"gold_loss":0.0,"damage_taken":0.0},{"damage_healed":0.0,"max_hp_gain":0.0,"max_hp_loss":0.0,"gold_gain":75.0,"event_name":"World of Goop","player_choice":"Gather Gold","floor":11.0,"gold_loss":0.0,"damage_taken":11.0},{"cards_removed":["Luminosity"],"damage_healed":0.0,"max_hp_gain":0.0,"max_hp_loss":0.0,"gold_gain":0.0,"event_name":"betterNote:BetterNote","player_choice":"Give","floor":19.0,"gold_loss":0.0,"damage_taken":0.0,"cards_obtained":["None"]},{"damage_healed":0.0,"max_hp_gain":0.0,"max_hp_loss":0.0,"gold_gain":0.0,"event_name":"Drug Dealer","player_choice":"Inject Mutagens","floor":21.0,"gold_loss":0.0,"damage_taken":0.0,"relics_obtained":["MutagenicStrength"]},{"damage_healed":0.0,"max_hp_gain":0.0,"max_hp_loss":0.0,"gold_gain":0.0,"event_name":"Masked Bandits","player_choice":"Paid Fearfully","floor":25.0,"gold_loss":55.0,"damage_taken":0.0},{"damage_healed":0.0,"max_hp_gain":0.0,"max_hp_loss":0.0,"gold_gain":0.0,"event_name":"Back to Basics","player_choice":"Simplicity","floor":28.0,"gold_loss":0.0,"damage_taken":0.0,"cards_upgraded":["Strike_S","Strike_S","Strike_S","Defend_S","Defend_S","Defend_S"]},{"damage_healed":0.0,"max_hp_gain":0.0,"max_hp_loss":0.0,"gold_gain":0.0,"event_name":"Colosseum","player_choice":"Fight","floor":29.0,"gold_loss":0.0,"damage_taken":0.0},{"damage_healed":0.0,"max_hp_gain":0.0,"max_hp_loss":0.0,"gold_gain":0.0,"event_name":"Colosseum","player_choice":"Fled From Nobs","floor":29.0,"gold_loss":0.0,"damage_taken":0.0},{"damage_healed":0.0,"max_hp_gain":0.0,"max_hp_loss":0.0,"gold_gain":0.0,"event_name":"Tomb of Lord Red Mask","player_choice":"Ignored","floor":37.0,"gold_loss":0.0,"damage_taken":0.0},{"damage_healed":0.0,"max_hp_gain":0.0,"max_hp_loss":0.0,"gold_gain":0.0,"event_name":"Designer","player_choice":"Upgrade","floor":39.0,"gold_loss":40.0,"damage_taken":0.0,"cards_upgraded":["FlawlessForm"]},{"cards_removed":["Strike_S"],"damage_healed":0.0,"max_hp_gain":0.0,"max_hp_loss":0.0,"gold_gain":0.0,"event_name":"Falling","player_choice":"Removed Attack","floor":42.0,"gold_loss":0.0,"damage_taken":0.0},{"damage_healed":0.0,"max_hp_gain":0.0,"max_hp_loss":0.0,"gold_gain":0.0,"event_name":"Mysterious Sphere","player_choice":"Fight","floor":46.0,"gold_loss":0.0,"damage_taken":0.0}],"is_beta":false,"boss_relics":[{"not_picked":["Philosopher\u0027s Stone","hubris:Stopwatch"],"picked":"Black Star"},{"not_picked":["Tiny House","Velvet Choker"],"picked":"SlaversCollar"}],"items_purged_floors":[],"is_endless":false,"potions_floor_spawned":[13,14,16,24,31,33,35,38,41],"ascension_level":0}}