{"host":"ynimr9ugvc6f046i","time":1613479835,"event":{"mods":["2.2 Compatiblity","BaseMod","Colored Map","DeckTracker","Highlight Path","Keyboard Shortcuts","Minty Spire (QoL Compilation)","Permanent Neow","Quick Restart","StSLib","SuperFastMode"],"gold_per_floor":[19,32,43,43,61,61,81,111,111,111,111,111,111],"floor_reached":12,"language":"KOR","playtime":163,"items_purged":[],"score":160,"play_id":"a003891a-665c-40cb-9723-2ea503241dba","local_time":"20210216215035","is_ascension_mode":true,"campfire_choices":[{"data":"Zap","floor":6,"key":"SMITH"}],"circlet_count":0,"master_deck":["AscendersBane","Strike_B","Strike_B","Strike_B","Defend_B","Defend_B","Defend_B","Defend_B","Zap+1","Dualcast","Core Surge","Sweeping Beam","Gash","Chaos","Ball Lightning"],"relics":["Cracked Core","Peace Pipe","MealTicket","Mummified Hand"],"acts_visited":["Exordium"],"potions_floor_usage":[12],"damage_taken":[{"damage":7.0,"enemies":"Small Slimes","floor":1.0,"turns":3.0},{"damage":2.0,"enemies":"Jaw Worm","floor":2.0,"turns":3.0},{"damage":1.0,"enemies":"Cultist","floor":3.0,"turns":3.0},{"damage":6,"enemies":"2 Fungi Beasts","floor":5,"turns":3},{"damage":7,"enemies":"Looter","floor":7,"turns":3},{"damage":23,"enemies":"Gremlin Nob","floor":8,"turns":4},{"damage":20,"enemies":"3 Sentries","floor":12,"turns":2}],"seed_played":"4514606921086532783","potions_obtained":[{"floor":2.0,"key":"Energy Potion"},{"floor":7,"key":"Regen Potion"}],"is_trial":false,"path_per_floor":["M","M","M","?","M","R","M","E","T","?","T","E"],"character_chosen":"DEFECT","items_purchased":[],"campfire_rested":0,"item_purchase_floors":[],"current_hp_per_floor":[57,55,54,47,41,41,34,11,11,11,11,0,0],"gold":111,"neow_bonus":"THREE_RARE_CARDS","is_daily":false,"chose_seed":false,"campfire_upgraded":1,"win_rate":0.0,"timestamp":1613479835,"path_taken":["M","M","M","?","M","R","M","E","T","?","?","E"],"items_purchased_type":[],"build_version":"2020-12-22","purchased_purges":0,"victory":false,"max_hp_per_floor":[71,71,71,71,71,71,71,71,71,71,71,71,71],"card_choices":[{"not_picked":["Hyperbeam","Thunder Strike"],"picked":"Core Surge","floor":0.0},{"not_picked":["Blizzard","Barrage"],"picked":"Sweeping Beam","floor":1.0},{"not_picked":["Hologram","White Noise","Melter"],"picked":"SKIP","floor":2.0},{"not_picked":["Beam Cell","Reprogram","Streamline"],"picked":"SKIP","floor":3.0},{"not_picked":["Steam","Go for the Eyes"],"picked":"Gash","floor":5},{"not_picked":["Beam Cell","Meteor Strike"],"picked":"Chaos","floor":7},{"not_picked":["Loop","Gash"],"picked":"Ball Lightning","floor":8}],"player_experience":581243,"relics_obtained":[{"floor":8,"key":"Peace Pipe"},{"floor":9,"key":"MealTicket"},{"floor":11,"key":"Mummified Hand"}],"event_choices":[{"cards_removed":["Strike_B"],"damage_healed":0.0,"max_hp_gain":0.0,"max_hp_loss":0.0,"gold_gain":0.0,"event_name":"Golden Wing","player_choice":"Card Removal","floor":4.0,"gold_loss":0.0,"damage_taken":7.0},{"damage_healed":0,"gold_gain":0,"player_choice":"Ignored","damage_taken":0,"max_hp_gain":0,"max_hp_loss":0,"event_name":"Liars Game","floor":10,"gold_loss":0}],"is_beta":false,"boss_relics":[],"items_purged_floors":[],"is_endless":false,"potions_floor_spawned":[2,7],"killed_by":"3 Sentries","ascension_level":20}}