{"host":"Berg","time":1613500448,"event":{"mods":["AchievementEnabler","BaseMod","Better Third Choice","Colored Map","Downfall","Gremlin Skip","Highlight Path","Minty Spire (QoL Compilation)","Relic Stats","StSLib"],"gold_per_floor":[399,414,589,603,603,36,61,75,91,91,126,126,11,31,46,147,147,147,165,178,198,198,198,225,225,251,273,303,315,327,339,368,380,380,380],"floor_reached":33,"language":"ENG","playtime":2411,"items_purged":["Decay","Doubt"],"score":296,"play_id":"0fd464d6-a539-4fd8-bd2e-259ca0e5ea35","local_time":"20210216133408","is_ascension_mode":true,"campfire_choices":[{"data":"hexamod:Sear","floor":1.0,"key":"SMITH"},{"floor":10.0,"key":"REST"},{"data":"hexamod:HexaLevel","floor":18.0,"key":"SMITH"},{"floor":23.0,"key":"REST"},{"floor":30.0,"key":"REST"}],"circlet_count":0,"master_deck":["hexamod:Defend+1","hexamod:Defend+1","hexamod:Defend+1","hexamod:Defend+1","hexamod:Sear+1","hexamod:Float","hexamod:GhostLash","hexamod:HeatMetal","Corruption+1","hexamod:SwordOfDarkness","hexamod:ThermalTransfer","hexamod:Hexaguard","hexamod:BacktrackSmack","expansioncontent:StudyTheSpire","hexamod:FirstSeal","hexamod:Rewind","hexamod:GhostflameBarrier","hexamod:AdvancingGuard","hexamod:SkipABeat","hexamod:HexaLevel+1","hexamod:SpectersWail","hexamod:NightmareStrike","hexamod:ExtraCrispy","Slimebound:Tackle+1","Slimebound:Tackle+1","Slimebound:Tackle+1","hexamod:NightmareGuise","hexamod:TimeWarp","hexamod:RetreatToShadows+1"],"relics":["hexamod:SpiritBrand","Old Coin","Blood Vial","Orrery","Bag of Preparation","Tiny Chest","Orichalcum","Black Star","MealTicket","Kunai","MawBank","Centennial Puzzle"],"acts_visited":["Exordium","TheCity"],"potions_floor_usage":[33],"damage_taken":[{"damage":2.0,"enemies":"Cultist","floor":2.0,"turns":3.0},{"damage":7.0,"enemies":"Small Slimes","floor":4.0,"turns":3.0},{"damage":0.0,"enemies":"downfall:FleeingMerchant","floor":6.0,"turns":4.0},{"damage":1.0,"enemies":"2 Louse","floor":8.0,"turns":2.0},{"damage":9.0,"enemies":"Red Slaver","floor":9.0,"turns":3.0},{"damage":58.0,"enemies":"Gremlin Nob","floor":11.0,"turns":7.0},{"damage":0.0,"enemies":"downfall:FleeingMerchant","floor":13.0,"turns":4.0},{"damage":0.0,"enemies":"Blue Slaver","floor":14.0,"turns":3.0},{"damage":6.0,"enemies":"Large Slime","floor":15.0,"turns":3.0},{"damage":29.0,"enemies":"IC_STATUS_ARCHETYPE","floor":16.0,"turns":10.0},{"damage":16.0,"enemies":"Spheric Guardian","floor":19.0,"turns":5.0},{"damage":15.0,"enemies":"Shell Parasite","floor":20.0,"turns":8.0},{"damage":28.0,"enemies":"Shelled Parasite and Fungi","floor":21.0,"turns":5.0},{"damage":16.0,"enemies":"Gremlin Leader","floor":26.0,"turns":10.0},{"damage":22.0,"enemies":"Snake Plant","floor":27.0,"turns":5.0},{"damage":10.0,"enemies":"Chosen and Byrds","floor":28.0,"turns":4.0},{"damage":12.0,"enemies":"3 Cultists","floor":32.0,"turns":5.0},{"damage":36,"enemies":"SI_MIRROR_ARCHETYPE","floor":33,"turns":12}],"seed_played":"1864915546873351067","potions_obtained":[{"floor":8.0,"key":"Ancient Potion"},{"floor":9.0,"key":"Dexterity Potion"},{"floor":11.0,"key":"AttackPotion"},{"floor":14.0,"key":"DuplicationPotion"},{"floor":20.0,"key":"Dexterity Potion"},{"floor":21.0,"key":"SteroidPotion"},{"floor":27.0,"key":"DuplicationPotion"},{"floor":31.0,"key":"CultistPotion"}],"is_trial":false,"path_per_floor":["R","M","?","M","?","$","T","M","M","R","E","?","$","M","M","B",null,"R","M","M","M","?","R","T","T","E","M","M","?","R","?","M","B"],"character_chosen":"THE_SPIRIT","items_purchased":["Orrery","Bag of Preparation","expansioncontent:StudyTheSpire"],"campfire_rested":3,"item_purchase_floors":[6,6,6],"current_hp_per_floor":[70,68,68,61,49,51,51,52,45,66,10,10,19,28,31,11,70,70,54,48,29,29,50,50,50,36,23,22,22,43,43,33,0,0,0],"gold":380,"neow_bonus":"ONE_RARE_RELIC","is_daily":false,"chose_seed":false,"campfire_upgraded":2,"win_rate":0.0,"timestamp":1613500448,"path_taken":["R","M","?","M","?","$","T","M","M","R","E","?","$","?","M","BOSS","R","M","M","M","?","R","T","?","E","M","?","?","R","?","M","BOSS"],"items_purchased_type":["Relic","Relic","Card"],"build_version":"2020-12-18","purchased_purges":2,"victory":false,"max_hp_per_floor":[70,70,70,70,70,70,70,70,70,70,70,70,70,70,70,70,70,70,70,70,70,70,70,70,70,70,70,70,70,70,70,70,70,70,70],"relic_stats":{"Blood Vial":30,"Centennial Puzzle":[12],"counters":[18,96],"Tiny Chest":1,"MealTicket":0,"Bag of Preparation":[30],"Black Star":1,"Kunai":[10],"Orichalcum":[60],"MawBank":84,"obtain_stats":[{"Blood Vial":5,"Centennial Puzzle":26,"Orrery":6,"Tiny Chest":7,"MealTicket":24,"Bag of Preparation":6,"Black Star":17,"Kunai":25,"Orichalcum":11,"MawBank":26,"hexamod:SpiritBrand":0,"Old Coin":0},{"Blood Vial":2,"Centennial Puzzle":14,"Orrery":3,"Tiny Chest":3,"MealTicket":13,"Bag of Preparation":3,"Black Star":10,"Kunai":13,"Orichalcum":6,"MawBank":14,"hexamod:SpiritBrand":0,"Old Coin":0},{"Blood Vial":6,"Centennial Puzzle":70,"Orrery":10,"Tiny Chest":10,"MealTicket":60,"Bag of Preparation":10,"Black Star":42,"Kunai":60,"Orichalcum":22,"MawBank":70,"hexamod:SpiritBrand":0,"Old Coin":0}]},"card_choices":[{"not_picked":["hexamod:NightmareStrike","hexamod:HeatMetal"],"picked":"hexamod:GhostLash","floor":2.0},{"not_picked":["hexamod:NightmareGuise","hexamod:FourthSeal"],"picked":"hexamod:HeatMetal","floor":4.0},{"not_picked":["hexamod:GhostflameInferno","hexamod:FifthSeal","hexamod:Firestarter"],"picked":"SKIP","floor":6.0},{"not_picked":["hexamod:ThermalTransfer","hexamod:HeatShield"],"picked":"hexamod:SwordOfDarkness","floor":6.0},{"not_picked":["hexamod:ExtraCrispy","hexamod:ShieldOfDarkness"],"picked":"hexamod:ThermalTransfer","floor":6.0},{"not_picked":["hexamod:HeatCrush","hexamod:ThermalTransfer"],"picked":"hexamod:Hexaguard","floor":6.0},{"not_picked":["hexamod:GhostOfSpirePresent","hexamod:FastForward"],"picked":"hexamod:BacktrackSmack","floor":6.0},{"not_picked":["hexamod:InspiringFlames","hexamod:NightmareStrike"],"picked":"hexamod:FirstSeal","floor":8.0},{"not_picked":["hexamod:HeatMetal","hexamod:GhostShield"],"picked":"hexamod:Rewind","floor":9.0},{"not_picked":["hexamod:TimeWarp","hexamod:ThermalTransfer"],"picked":"hexamod:GhostflameBarrier","floor":11.0},{"not_picked":["hexamod:ShieldOfDarkness","hexamod:GhostLash"],"picked":"hexamod:AdvancingGuard","floor":13.0},{"not_picked":["hexamod:SwordOfDarkness","hexamod:Rewind"],"picked":"hexamod:SkipABeat","floor":14.0},{"not_picked":["hexamod:FastForward","hexamod:AdvancingGuard","hexamod:BacktrackSmack"],"picked":"SKIP","floor":15.0},{"not_picked":["hexamod:UnlimitedPower","hexamod:ParanormalForm"],"picked":"hexamod:HexaLevel","floor":16.0},{"not_picked":["hexamod:SpectralAdrenaline","hexamod:FirstSeal"],"picked":"hexamod:SpectersWail","floor":19.0},{"not_picked":["hexamod:SwordOfDarkness","hexamod:AdvancingGuard"],"picked":"hexamod:NightmareStrike","floor":20.0},{"not_picked":["hexamod:FastForward","hexamod:ShieldOfDarkness"],"picked":"hexamod:ExtraCrispy","floor":21.0},{"not_picked":["hexamod:InspiringFlames","hexamod:RainOfEmbers"],"picked":"hexamod:NightmareGuise","floor":26.0},{"not_picked":["hexamod:BurningTouch","hexamod:HauntingEcho","hexamod:ExtraCrispy+1"],"picked":"SKIP","floor":27.0},{"not_picked":["hexamod:SecondSeal","hexamod:BurningTouch"],"picked":"hexamod:TimeWarp","floor":28.0},{"not_picked":["hexamod:HeatMetal","hexamod:HeatCrush"],"picked":"hexamod:RetreatToShadows+1","floor":32.0}],"player_experience":1401487,"relics_obtained":[{"floor":7.0,"key":"Tiny Chest"},{"floor":11.0,"key":"Orichalcum"},{"floor":24.0,"key":"MealTicket"},{"floor":25.0,"key":"Kunai"},{"floor":26.0,"key":"MawBank"},{"floor":26.0,"key":"Centennial Puzzle"}],"event_choices":[],"is_beta":true,"boss_relics":[{"not_picked":["SacredBark","Astrolabe"],"picked":"Black Star"}],"items_purged_floors":[6,13],"is_endless":false,"potions_floor_spawned":[8,9,11,14,15,20,21,27],"killed_by":"SI_MIRROR_ARCHETYPE","ascension_level":2}}