{"host":"hkn2afmzerj1j6xm","time":1613492092,"event":{"mods":["Act Like it!","AlwaysNeverKeys","BaseMod","Better Altar","Better Third Choice","BetterRewards","Challenge The Spire","Marisa£¨Ùöéë¡¡Øª×âÞÞ£©","Minty Spire (QoL Compilation)","Remove Card Discount Mod","Shop Mod","Spicy Shops","StSLib","The Jungle","?ûýò¦Ñõ"],"gold_per_floor":[134,234,52,86,113,113,155,165,219,28,28,28,124,199,6,149,149,149],"floor_reached":17,"language":"KOR","playtime":580,"items_purged":["Injury","Strike_MRS","Defend_MRS","Pride","Strike_MRS","Defend_MRS","Strike_MRS","Defend_MRS"],"score":344,"play_id":"c7176585-4028-4981-b595-bb1155e7a3d5","local_time":"20210217011452","is_ascension_mode":true,"campfire_choices":[{"floor":6,"key":"REST"},{"data":"WitchOfGreed","floor":11,"key":"SMITH"}],"circlet_count":0,"master_deck":["Strike_MRS","Defend_MRS","MasterSpark","UpSweep","PropBag","WitchOfGreed","GalacticHalo","GrandCross","GalacticHalo","AlicesGift","DeepEcoloBomb","PulseMagic","WitchOfGreed+1","AsteroidBelt","ManaRampage+1"],"relics":["MiniHakkero","AmplifyWand","Torii","Dream Catcher","Blood Vial","Mercury Hourglass","Nunchaku","Membership Card","Potion Belt","Art of War","Lee\u0027s Waffle","Toxic Egg 2"],"acts_visited":["Exordium","TheCity"],"potions_floor_usage":[7,13,13,13,13,14,14,16],"damage_taken":[{"damage":2,"enemies":"Jaw Worm","floor":1,"turns":4},{"damage":0,"enemies":"Cultist","floor":4,"turns":3},{"damage":0,"enemies":"2 Louse","floor":5,"turns":3},{"damage":10,"enemies":"Lagavulin","floor":7,"turns":5},{"damage":2,"enemies":"Blue Slaver","floor":8,"turns":3},{"damage":1,"enemies":"Lagavulin Event","floor":13,"turns":3},{"damage":11,"enemies":"3 Sentries","floor":14,"turns":3},{"damage":0,"enemies":"Slime Boss","floor":16,"turns":8}],"seed_played":"8062622649471276034","potions_obtained":[{"floor":1,"key":"Energy Potion"},{"floor":1,"key":"EntropicBrew"},{"floor":4,"key":"Weak Potion"},{"floor":5,"key":"Explosive Potion"},{"floor":7,"key":"ColorlessPotion"},{"floor":13,"key":"ColorlessPotion"},{"floor":14,"key":"LiquidMemories"},{"floor":16,"key":"LiquidMemories"},{"floor":16,"key":"Swift Potion"}],"is_trial":false,"path_per_floor":["M","?","$","M","M","R","E","M","T","$","R","$","?","E","R","B",null],"character_chosen":"MARISA","items_purchased":["AmplifyWand","PropBag","WitchOfGreed","Dream Catcher","Blood Vial","GrandCross","GalacticHalo","Membership Card","WitchOfGreed","AsteroidBelt","Lee\u0027s Waffle","Toxic Egg 2"],"campfire_rested":1,"item_purchase_floors":[0,0,0,0,3,3,3,10,10,10,15,15],"current_hp_per_floor":[36,36,36,38,40,62,54,54,54,54,54,54,55,46,82,82,82,82],"gold":149,"neow_bonus":"","is_daily":false,"chose_seed":false,"campfire_upgraded":1,"win_rate":0.0,"timestamp":1613492092,"path_taken":["M","?","$","M","M","R","E","?","T","?","R","$","?","E","R","BOSS"],"items_purchased_type":["Relic","Card","Card","Relic","Relic","Card","Card","Relic","Card","Card","Relic","Relic"],"build_version":"2020-12-22","purchased_purges":8,"victory":false,"max_hp_per_floor":[75,75,75,75,75,75,75,75,75,75,75,75,75,75,82,82,82,82],"card_choices":[{"not_picked":["WitchLeyline","DoubleSpark"],"picked":"GalacticHalo","floor":1},{"not_picked":["DC","MeteoricShower","NonDirectionalLaser"],"picked":"SKIP","floor":4},{"not_picked":["LuminesStrike","OrrerysSun"],"picked":"AlicesGift","floor":5},{"not_picked":["OrrerysSun","ManaConvection"],"picked":"DeepEcoloBomb","floor":7},{"not_picked":["PowerUp","ShootingEcho"],"picked":"PulseMagic","floor":8},{"not_picked":["BlazeAway","MaximisePower","MilkyWay"],"picked":"SKIP","floor":14},{"not_picked":["AbsoluteMagnitude","EscapeVelocity"],"picked":"ManaRampage+1","floor":16}],"player_experience":195366,"relics_obtained":[{"floor":7,"key":"Mercury Hourglass"},{"floor":9,"key":"Nunchaku"},{"floor":13,"key":"Potion Belt"},{"floor":14,"key":"Art of War"}],"event_choices":[{"damage_healed":0,"gold_gain":100,"player_choice":"Gold","damage_taken":0,"max_hp_gain":0,"max_hp_loss":0,"event_name":"Wheel of Change","floor":2,"gold_loss":0},{"damage_healed":0,"gold_gain":0,"player_choice":"Searched \u00271\u0027 times","damage_taken":0,"max_hp_gain":0,"max_hp_loss":0,"event_name":"Dead Adventurer","floor":13,"gold_loss":0}],"is_beta":false,"boss_relics":[{"not_picked":["Empty Cage","Ectoplasm","Sozu"]}],"items_purged_floors":[0,0,0,3,3,3,10,10],"is_endless":false,"potions_floor_spawned":[1,7,16],"ascension_level":2}}