{"host":"kig4ty9d1aubg29s","time":1613462078,"event":{"mods":["BaseMod","Minty Spire (QoL Compilation)","READ ME - Guardian Mod","READ ME - Snecko Mod","StSLib","The Cursed","The Gatherer","The Hierophant","The Runesmith"],"gold_per_floor":[117,292,302,252,272,272,301,311,311,311,329,340,366,386,386,490,490,507,507,507,507,527,527,557,557,584,601,618,618,618,618],"floor_reached":29,"language":"KOR","playtime":1378,"items_purged":[],"score":411,"play_id":"df0f625b-b92e-4ed3-9b6e-1e0efdc6f0fa","local_time":"20210216165438","is_ascension_mode":true,"metric_token":605,"campfire_choices":[{"data":"Gatherer:RottenStipe","floor":6,"key":"SMITH"},{"floor":15,"key":"REST"},{"floor":23,"key":"REST"},{"floor":25,"key":"REST"}],"circlet_count":0,"master_deck":["AscendersBane","Gatherer:Strike_Gatherer","Gatherer:Strike_Gatherer","Gatherer:Strike_Gatherer","Gatherer:Strike_Gatherer","Gatherer:Strike_Gatherer","Gatherer:Defend_Gatherer","Gatherer:Defend_Gatherer","Gatherer:Defend_Gatherer","Gatherer:Defend_Gatherer","Gatherer:Defend_Gatherer","Gatherer:Centralize","Gatherer:FlowerWhip","Gatherer:WitheringStrike","Gatherer:BambuSword","Gatherer:RottenStipe+1","Gatherer:BambuSword","Gatherer:Snatch","Gatherer:WoolGloves+1","Gatherer:BlackTea+1","Gatherer:FlowerBeam+1","Gatherer:FlowerBeam+1","Gatherer:Bulldoze+1","Gatherer:Liquidism+1","Gatherer:CollectorsShot+1","Gatherer:FragileHammer+1","Gatherer:Snatch+1","Gatherer:DrugPower+1"],"relics":["Gatherer:AlchemyBag","Potion Belt","Letter Opener","Molten Egg 2","Toxic Egg 2","InkBottle","Black Star","Strawberry","Gatherer:MistGenerator","Tiny Chest"],"acts_visited":["Exordium","TheCity"],"potions_floor_usage":[7,11,11,13,14,18,24,24,28,29],"damage_taken":[{"damage":2,"enemies":"Small Slimes","floor":1,"turns":3},{"damage":4,"enemies":"2 Louse","floor":3,"turns":2},{"damage":0,"enemies":"Cultist","floor":5,"turns":2},{"damage":15,"enemies":"Lagavulin","floor":7,"turns":7},{"damage":8,"enemies":"Large Slime","floor":8,"turns":2},{"damage":12,"enemies":"Exordium Wildlife","floor":11,"turns":4},{"damage":6,"enemies":"2 Fungi Beasts","floor":12,"turns":3},{"damage":14,"enemies":"Gremlin Nob","floor":13,"turns":3},{"damage":7,"enemies":"Blue Slaver","floor":14,"turns":2},{"damage":15,"enemies":"Hexaghost","floor":16,"turns":9},{"damage":7,"enemies":"Chosen","floor":18,"turns":3},{"damage":11,"enemies":"Spheric Guardian","floor":22,"turns":3},{"damage":43,"enemies":"Slavers","floor":24,"turns":5},{"damage":0,"enemies":"Snecko","floor":27,"turns":3},{"damage":27,"enemies":"Shelled Parasite and Fungi","floor":28,"turns":4},{"damage":37,"enemies":"Book of Stabbing","floor":29,"turns":3}],"seed_played":"1010939523711285588","potions_obtained":[{"floor":1,"key":"Strength Potion"},{"floor":3,"key":"Explosive Potion"},{"floor":8,"key":"EntropicBrew"},{"floor":13,"key":"Weak Potion"},{"floor":14,"key":"Ancient Potion"},{"floor":24,"key":"Block Potion"},{"floor":28,"key":"PowerPotion"}],"is_trial":false,"path_per_floor":["M","?","M","?","M","R","E","M","T","?","M","M","E","M","R","B",null,"M","?","?","?","M","R","E","R","T","M","M","E"],"character_chosen":"THE_GATHERER","items_purchased":[],"campfire_rested":3,"item_purchase_floors":[],"current_hp_per_floor":[63,63,59,59,59,59,44,36,36,36,24,18,4,11,32,17,58,51,38,63,63,52,75,39,64,64,64,37,0,0,0],"gold":618,"neow_bonus":"RANDOM_COMMON_RELIC","is_daily":false,"chose_seed":false,"campfire_upgraded":1,"win_rate":0.0,"timestamp":1613462078,"path_taken":["M","?","M","?","M","R","E","M","T","?","M","?","E","M","R","BOSS","M","?","?","?","M","R","E","R","T","?","M","E"],"items_purchased_type":[],"build_version":"2020-12-22","purchased_purges":0,"victory":false,"max_hp_per_floor":[72,72,72,72,72,72,72,72,72,72,72,72,72,72,72,72,72,72,77,77,77,77,77,84,84,84,84,84,84,84,84],"card_choices":[{"not_picked":["Gatherer:Transmute","Gatherer:Misfortune"],"picked":"Gatherer:WitheringStrike","floor":1},{"not_picked":["Gatherer:UpgradeBag","Gatherer:Misfortune"],"picked":"Gatherer:BambuSword","floor":3},{"not_picked":["Gatherer:FragileHammer","Gatherer:AcidicSpray"],"picked":"Gatherer:RottenStipe","floor":5},{"not_picked":["Gatherer:SmartManeuver","Gatherer:FlowerShield"],"picked":"Gatherer:BambuSword","floor":7},{"not_picked":["Gatherer:CollectorsShot","Gatherer:BambuSword"],"picked":"Gatherer:Snatch","floor":8},{"not_picked":["Gatherer:GatherMaterial+1","Gatherer:SaveValuables+1"],"picked":"Gatherer:WoolGloves+1","floor":11},{"not_picked":["Gatherer:PotentialSlash+1","Gatherer:FlowerFalling+1"],"picked":"Gatherer:BlackTea+1","floor":12},{"not_picked":["Gatherer:ScrollOfWall+1","Gatherer:GatherMaterial+1"],"picked":"Gatherer:FlowerBeam+1","floor":13},{"not_picked":["Gatherer:Frenzy+1","Gatherer:FlowerShield+1"],"picked":"Gatherer:FlowerBeam+1","floor":14},{"not_picked":["Gatherer:CursedBlade+1","Gatherer:FinishingStrike+1"],"picked":"Gatherer:Bulldoze+1","floor":16},{"not_picked":["Gatherer:DrugPower+1","Gatherer:BambuSword+1"],"picked":"Gatherer:Liquidism+1","floor":18},{"not_picked":["Gatherer:GatherMaterial+1","Gatherer:FragileHammer+1"],"picked":"Gatherer:CollectorsShot+1","floor":22},{"not_picked":["Gatherer:FlowerShield+1","Gatherer:GatherMaterial+1"],"picked":"Gatherer:FragileHammer+1","floor":24},{"not_picked":["Gatherer:AromaProtection+1","Gatherer:Enchant+1"],"picked":"Gatherer:Snatch+1","floor":27},{"not_picked":["Gatherer:Solidify+1","Gatherer:PotentialSlash+1"],"picked":"Gatherer:DrugPower+1","floor":28}],"player_experience":1985296,"relics_obtained":[{"floor":7,"key":"Letter Opener"},{"floor":9,"key":"Molten Egg 2"},{"floor":13,"key":"InkBottle"},{"floor":24,"key":"Strawberry"},{"floor":24,"key":"Gatherer:MistGenerator"},{"floor":26,"key":"Tiny Chest"}],"event_choices":[{"damage_healed":0,"gold_gain":175,"player_choice":"AGREE","damage_taken":0,"max_hp_gain":0,"max_hp_loss":0,"event_name":"Liars Game","floor":2,"gold_loss":0,"cards_obtained":["Doubt"]},{"cards_removed":["Doubt"],"damage_healed":0,"gold_gain":0,"player_choice":"Card Removal","damage_taken":0,"max_hp_gain":0,"max_hp_loss":0,"event_name":"The Cleric","floor":4,"gold_loss":50},{"damage_healed":0,"gold_gain":0,"player_choice":"Gave Potion","damage_taken":0,"relics_obtained":["Toxic Egg 2"],"max_hp_gain":0,"max_hp_loss":0,"event_name":"WeMeetAgain","floor":10,"gold_loss":0},{"damage_healed":0,"gold_gain":0,"player_choice":"Shed Blood","damage_taken":18,"max_hp_gain":5,"max_hp_loss":0,"event_name":"Forgotten Altar","floor":19,"gold_loss":0},{"damage_healed":25,"gold_gain":0,"player_choice":"Heal","damage_taken":0,"max_hp_gain":0,"max_hp_loss":0,"event_name":"The Library","floor":20,"gold_loss":0},{"damage_healed":0,"gold_gain":0,"player_choice":"Ignored","damage_taken":0,"max_hp_gain":0,"max_hp_loss":0,"event_name":"Vampires","floor":21,"gold_loss":0}],"is_beta":false,"boss_relics":[{"not_picked":["Fusion Hammer","Gatherer:MiracleBag"],"picked":"Black Star"}],"items_purged_floors":[],"is_endless":false,"potions_floor_spawned":[1,3,8,13,14,24,28],"killed_by":"Book of Stabbing","ascension_level":12}}