{"host":"aapp7ew3jk5k1bvd","time":1613487963,"event":{"mods":["AchievementEnabler","BaseMod","Colored Map","Custom Start","Keyboard Shortcuts","Minty Spire (QoL Compilation)","Permanent Neow","Quick Restart","StSLib","SuperFastMode"],"gold_per_floor":[112,132,61,61,61,61,61,61,61,79,96,96,124,136,136,235,235,206,131,147,0,0,0],"floor_reached":22,"language":"KOR","playtime":629,"items_purged":[],"score":191,"play_id":"2ccfb4fb-c3e9-4603-9412-43bbe8db14b0","local_time":"20210217000603","is_ascension_mode":true,"campfire_choices":[{"data":"Envenom","floor":6.0,"key":"SMITH"},{"floor":8.0,"key":"REST"},{"floor":15.0,"key":"REST"}],"circlet_count":0,"master_deck":["Strike_G","Strike_G","Strike_G","Defend_G","Defend_G","Defend_G","Defend_G","Defend_G","Survivor","Neutralize","Envenom+1","Footwork","Blur","Choke","Cloak And Dagger","Escape Plan","Envenom","Dodge and Roll"],"relics":["Ring of the Snake","Strawberry","Sundial","Odd Mushroom","Black Star"],"acts_visited":["Exordium","TheCity"],"potions_floor_usage":[20],"damage_taken":[{"damage":5.0,"enemies":"2 Louse","floor":1.0,"turns":4.0},{"damage":2.0,"enemies":"Small Slimes","floor":2.0,"turns":5.0},{"damage":4.0,"enemies":"Jaw Worm","floor":10.0,"turns":5.0},{"damage":6.0,"enemies":"Large Slime","floor":11.0,"turns":10.0},{"damage":18.0,"enemies":"The Mushroom Lair","floor":13.0,"turns":6.0},{"damage":0.0,"enemies":"Exordium Wildlife","floor":14.0,"turns":8.0},{"damage":22.0,"enemies":"The Guardian","floor":16.0,"turns":16.0},{"damage":37.0,"enemies":"2 Thieves","floor":18.0,"turns":5.0},{"damage":0,"enemies":"3 Byrds","floor":20,"turns":3},{"damage":17,"enemies":"Centurion and Healer","floor":22,"turns":4}],"seed_played":"7749566319065582331","potions_obtained":[{"floor":1.0,"key":"CunningPotion"},{"floor":14.0,"key":"Fire Potion"},{"floor":16.0,"key":"Energy Potion"},{"floor":18.0,"key":"LiquidBronze"}],"is_trial":false,"path_per_floor":["M","M","$","?","?","R","$","R","T","M","M","?","?","M","R","B",null,"M","?","M","?","M"],"character_chosen":"THE_SILENT","items_purchased":["Footwork"],"campfire_rested":2,"item_purchase_floors":[3],"current_hp_per_floor":[58,56,56,30,30,30,30,51,51,47,41,41,23,23,44,22,70,33,33,33,33,16,16],"gold":0,"neow_bonus":"THREE_RARE_CARDS","is_daily":false,"chose_seed":false,"campfire_upgraded":1,"win_rate":0.0,"timestamp":1613487963,"path_taken":["M","M","$","?","?","R","$","R","T","M","M","?","?","M","R","BOSS","M","?","M","?","M"],"items_purchased_type":["Card"],"build_version":"2020-12-22","purchased_purges":0,"victory":false,"max_hp_per_floor":[63,63,63,70,70,70,70,70,70,70,70,70,70,70,70,70,70,70,70,70,70,70,70],"card_choices":[{"not_picked":["Malaise","Unload"],"picked":"Envenom","floor":0.0},{"not_picked":["Predator","Slice","Sucker Punch"],"picked":"SKIP","floor":1.0},{"not_picked":["Backflip","Distraction","Heel Hook"],"picked":"SKIP","floor":2.0},{"not_picked":["Dash","Sucker Punch"],"picked":"Blur","floor":10.0},{"not_picked":["Quick Slash","Distraction","Prepared"],"picked":"SKIP","floor":11.0},{"not_picked":["Bane","Finisher"],"picked":"Cloak And Dagger","floor":13.0},{"not_picked":["Underhanded Strike","Dagger Spray"],"picked":"Escape Plan","floor":14.0},{"not_picked":["Die Die Die","Tools of the Trade"],"picked":"Envenom","floor":16.0},{"not_picked":["Flying Knee","Dagger Throw"],"picked":"Dodge and Roll","floor":18.0},{"not_picked":["Terror","Distraction+1","Flechettes"],"picked":"SKIP","floor":20}],"player_experience":1010706,"relics_obtained":[{"floor":9.0,"key":"Sundial"},{"floor":13.0,"key":"Odd Mushroom"}],"event_choices":[{"damage_healed":0.0,"max_hp_gain":0.0,"max_hp_loss":0.0,"gold_gain":0.0,"event_name":"Scrap Ooze","player_choice":"Success","floor":4.0,"gold_loss":0.0,"damage_taken":33.0,"relics_obtained":["Strawberry"]},{"damage_healed":0.0,"max_hp_gain":0.0,"max_hp_loss":0.0,"gold_gain":0.0,"event_name":"Liars Game","player_choice":"Ignored","floor":5.0,"gold_loss":0.0,"damage_taken":0.0},{"damage_healed":0.0,"max_hp_gain":0.0,"max_hp_loss":0.0,"gold_gain":0.0,"cards_transformed":["Strike_G"],"event_name":"Living Wall","player_choice":"Change","floor":12.0,"gold_loss":0.0,"damage_taken":0.0,"cards_obtained":["Choke"]},{"damage_healed":0.0,"max_hp_gain":0.0,"max_hp_loss":0.0,"gold_gain":0.0,"event_name":"Mushrooms","player_choice":"Fought Mushrooms","floor":13.0,"gold_loss":0.0,"damage_taken":0.0},{"cards_removed":["Strike_G"],"damage_healed":0.0,"max_hp_gain":0.0,"max_hp_loss":0.0,"gold_gain":0.0,"event_name":"Beggar","player_choice":"Gave Gold","floor":19.0,"gold_loss":75.0,"damage_taken":0.0},{"damage_healed":0,"gold_gain":0,"player_choice":"Paid Fearfully","damage_taken":0,"max_hp_gain":0,"max_hp_loss":0,"event_name":"Masked Bandits","floor":21,"gold_loss":147}],"is_beta":false,"boss_relics":[{"not_picked":["Coffee Dripper","Snecko Eye"],"picked":"Black Star"}],"items_purged_floors":[],"is_endless":false,"potions_floor_spawned":[1,14,16,18],"killed_by":"Centurion and Healer","ascension_level":2}}