{"host":"raaimkojny05jekw","time":1613457683,"event":{"mods":["AchievementEnabler","BaseMod","Colored Map","Colored Powertips","DeckTracker","Minty Spire (QoL Compilation)","Quick Restart","Rare Cards Sparkle","everything is the same but u backflip on backflip"],"gold_per_floor":[117,129,129,54,54,54,80,80,128,146,166,166,166],"floor_reached":12,"language":"KOR","playtime":297,"items_purged":["Strike_R"],"score":109,"play_id":"3cc7d8b8-3bd5-45c0-9f65-e247af13fcae","local_time":"20210216154123","is_ascension_mode":true,"campfire_choices":[{"data":"Infernal Blade","floor":6,"key":"SMITH"},{"data":"Bash","floor":8,"key":"SMITH"}],"circlet_count":0,"master_deck":["Strike_R","Strike_R","Strike_R","Strike_R","Defend_R","Defend_R","Defend_R","Defend_R","Bash+1","Brutality","Infernal Blade+1","Hemokinesis+1","Armaments","Rage"],"relics":["Burning Blood","Tiny Chest","HornCleat","Ancient Tea Set"],"acts_visited":["Exordium"],"potions_floor_usage":[7,11],"damage_taken":[{"damage":9,"enemies":"Cultist","floor":1,"turns":4},{"damage":6,"enemies":"Small Slimes","floor":2,"turns":4},{"damage":39,"enemies":"Lagavulin","floor":7,"turns":6},{"damage":5,"enemies":"Jaw Worm","floor":10,"turns":3},{"damage":4,"enemies":"Lots of Slimes","floor":11,"turns":2},{"damage":21,"enemies":"3 Sentries","floor":12,"turns":7}],"seed_played":"-8324254500763335132","potions_obtained":[{"floor":2,"key":"Strength Potion"},{"floor":7,"key":"Explosive Potion"}],"is_trial":false,"path_per_floor":["M","M","?","$","?","R","E","R","T","M","M","E"],"character_chosen":"IRONCLAD","items_purchased":[],"campfire_rested":0,"item_purchase_floors":[],"current_hp_per_floor":[69,69,69,69,51,51,18,18,18,19,21,0,0],"gold":166,"neow_bonus":"ONE_RANDOM_RARE_CARD","is_daily":false,"chose_seed":false,"campfire_upgraded":2,"win_rate":0.0,"timestamp":1613457683,"path_taken":["M","M","?","$","?","R","E","R","T","M","M","E"],"items_purchased_type":[],"build_version":"2020-12-22","purchased_purges":1,"victory":false,"max_hp_per_floor":[80,80,80,80,80,80,80,80,80,80,80,80,80],"card_choices":[{"not_picked":["Twin Strike","Havoc"],"picked":"Infernal Blade","floor":1},{"not_picked":["Shrug It Off","Spot Weakness"],"picked":"Hemokinesis","floor":2},{"not_picked":["Carnage","Second Wind","Body Slam"],"picked":"SKIP","floor":7},{"not_picked":["Body Slam","Searing Blow"],"picked":"Armaments","floor":10},{"not_picked":["Perfected Strike","Sword Boomerang"],"picked":"Rage","floor":11}],"player_experience":755681,"relics_obtained":[{"floor":7,"key":"HornCleat"},{"floor":9,"key":"Ancient Tea Set"}],"event_choices":[{"damage_healed":0,"gold_gain":0,"player_choice":"Grow","damage_taken":0,"max_hp_gain":0,"max_hp_loss":0,"event_name":"Living Wall","floor":3,"gold_loss":0,"cards_upgraded":["Hemokinesis"]},{"damage_healed":0,"gold_gain":0,"player_choice":"Success","damage_taken":18,"relics_obtained":["Tiny Chest"],"max_hp_gain":0,"max_hp_loss":0,"event_name":"Scrap Ooze","floor":5,"gold_loss":0}],"is_beta":false,"boss_relics":[],"items_purged_floors":[4],"is_endless":false,"potions_floor_spawned":[2,7],"killed_by":"3 Sentries","ascension_level":8}}