{"host":"d2gh6suihlstufn7","time":1613497307,"event":{"mods":["AchievementEnabler","BaseMod","Colored Map","Colored Powertips","Minty Spire (QoL Compilation)","Permanent Neow","Quick Restart"],"gold_per_floor":[112,112,127,140,154,154,166,166,166,184,184,194,194,119,119,216,216,231,231,231,250,263,263,263],"floor_reached":23,"language":"KOR","playtime":596,"items_purged":["Strike_R"],"score":185,"play_id":"e6373cc5-2cf5-4206-a22b-6b797cf7e4fc","local_time":"20210217024147","is_ascension_mode":false,"campfire_choices":[{"floor":6,"key":"RECALL"},{"data":"Disarm","floor":8,"key":"SMITH"},{"data":"Flex","floor":11,"key":"SMITH"},{"data":"Combust","floor":13,"key":"SMITH"},{"floor":15,"key":"REST"}],"circlet_count":0,"master_deck":["Strike_R","Strike_R","Strike_R","Defend_R","Defend_R","Bash","Heavy Blade+1","Immolate+1","Brutality+1","Flex+1","Disarm+1","Combust+1","Immolate","J.A.X."],"relics":["Astrolabe","Velvet Choker"],"acts_visited":["Exordium","TheCity"],"potions_floor_usage":[18],"damage_taken":[{"damage":1,"enemies":"Cultist","floor":1,"turns":2},{"damage":7,"enemies":"Jaw Worm","floor":3,"turns":2},{"damage":0,"enemies":"2 Louse","floor":4,"turns":1},{"damage":19,"enemies":"Red Slaver","floor":5,"turns":3},{"damage":12,"enemies":"Blue Slaver","floor":7,"turns":3},{"damage":2,"enemies":"Exordium Thugs","floor":10,"turns":3},{"damage":3,"enemies":"Large Slime","floor":12,"turns":4},{"damage":23,"enemies":"Slime Boss","floor":16,"turns":7},{"damage":31,"enemies":"Shell Parasite","floor":18,"turns":3},{"damage":9,"enemies":"3 Byrds","floor":21,"turns":2},{"damage":35,"enemies":"Shelled Parasite and Fungi","floor":22,"turns":3},{"damage":5,"enemies":"Gremlin Leader","floor":23,"turns":3}],"seed_played":"-198837565488587592","potions_obtained":[{"floor":1,"key":"Ancient Potion"},{"floor":5,"key":"GamblersBrew"},{"floor":7,"key":"ColorlessPotion"},{"floor":12,"key":"ColorlessPotion"},{"floor":18,"key":"SteroidPotion"},{"floor":22,"key":"CultistPotion"}],"is_trial":false,"path_per_floor":["M","?","M","M","M","R","M","R","T","M","R","M","R","$","R","B",null,"M","?","?","M","M","E"],"character_chosen":"IRONCLAD","items_purchased":[],"campfire_rested":1,"item_purchase_floors":[],"current_hp_per_floor":[79,80,73,73,54,54,42,42,42,40,40,37,37,37,61,38,80,49,49,49,40,5,0,0],"gold":263,"neow_bonus":"BOSS_RELIC","is_daily":false,"chose_seed":false,"campfire_upgraded":3,"win_rate":0.0,"timestamp":1613497307,"path_taken":["M","?","M","?","?","R","M","R","T","M","R","M","R","$","R","BOSS","M","?","?","?","M","E"],"items_purchased_type":[],"build_version":"2020-12-22","purchased_purges":1,"victory":false,"max_hp_per_floor":[80,80,80,80,80,80,80,80,80,80,80,80,80,80,80,80,80,80,80,80,80,80,80,80],"card_choices":[{"not_picked":["Flex","Infernal Blade"],"picked":"Combust","floor":1},{"not_picked":["Heavy Blade","Flame Barrier"],"picked":"Flex","floor":3},{"not_picked":["Armaments","Sword Boomerang"],"picked":"Disarm","floor":4},{"not_picked":["Perfected Strike","Headbutt","Dual Wield"],"picked":"SKIP","floor":5},{"not_picked":["Pommel Strike","Sword Boomerang","Thunderclap"],"picked":"SKIP","floor":7},{"not_picked":["Twin Strike","Anger","Iron Wave"],"picked":"SKIP","floor":10},{"not_picked":["Thunderclap","Headbutt"],"picked":"Combust","floor":12},{"not_picked":["Reaper","Demon Form"],"picked":"Immolate","floor":16},{"not_picked":["Dark Embrace","Wild Strike","Heavy Blade"],"picked":"SKIP","floor":18},{"not_picked":["Second Wind","Inflame","Clash"],"picked":"SKIP","floor":21},{"not_picked":["Body Slam","Combust","Perfected Strike"],"picked":"SKIP","floor":22}],"player_experience":217320,"relics_obtained":[],"event_choices":[{"cards_removed":["Combust"],"damage_healed":1,"gold_gain":0,"player_choice":"Offered Uncommon","damage_taken":0,"max_hp_gain":0,"max_hp_loss":0,"event_name":"Bonfire Elementals","floor":2,"gold_loss":0},{"damage_healed":0,"gold_gain":0,"player_choice":"Obtain J.A.X.","damage_taken":0,"max_hp_gain":0,"max_hp_loss":0,"event_name":"Drug Dealer","floor":19,"gold_loss":0,"cards_obtained":["J.A.X."]},{"damage_healed":0,"gold_gain":0,"player_choice":"0 cards matched","damage_taken":0,"max_hp_gain":0,"max_hp_loss":0,"event_name":"Match and Keep!","floor":20,"gold_loss":0,"cards_obtained":[]}],"is_beta":false,"boss_relics":[{"not_picked":["SacredBark","Runic Dome"],"picked":"Velvet Choker"}],"items_purged_floors":[14],"is_endless":false,"potions_floor_spawned":[1,5,7,12,18,22],"killed_by":"Gremlin Leader","ascension_level":0}}