{"host":"tw3mxtnj9l5ilrkg","time":1613445074,"event":{"mods":["2.2 Compatiblity","BaseMod","Better Third Choice","Colored Map","Downfall","Hermit","Highlight Path","Jorbs\u0027s Wanderer Trilogy","Minty Spire (QoL Compilation)","Rare Cards Sparkle","StSLib"],"gold_per_floor":[110,110,120,137,137,170,181,201,201,80,57,89,54,71,71,171,171,188,204,304,320,320,320,338,62,85,105,115,132,132,146,146,241,241,251,251,251,261,277,277,277],"floor_reached":40,"language":"ENG","playtime":2754,"items_purged":["Strike_P","Strike_P"],"score":554,"play_id":"4dbb3af1-a2c9-4e35-b424-ab25bc77cf7d","local_time":"20210215211114","is_ascension_mode":false,"campfire_choices":[{"floor":15,"key":"REST"},{"data":"Eruption","floor":23,"key":"SMITH"},{"floor":30,"key":"REST"},{"data":"TalkToTheHand","floor":32,"key":"SMITH"}],"circlet_count":0,"master_deck":["Defend_P","Defend_P","Defend_P","Eruption+1","Vigilance","Evaluate","FlurryOfBlows","Wireheading","FlurryOfBlows","Consecrate","TalkToTheHand+1","FearNoEvil","Weave","Consecrate","Apotheosis","ThirdEye+1","Judgement","TalkToTheHand","Decay","ThirdEye+1"],"relics":["PureWater","Regal Pillow","Matryoshka","sneckomod:BlankCard","sneckomod:SneckoTalon","Guardian:PocketSentry","Bag of Preparation","Empty Cage"],"acts_visited":["Exordium","TheCity","TheBeyond"],"potions_floor_usage":[12,16,33,33,38,40],"damage_taken":[{"damage":0,"enemies":"Cultist","floor":1,"turns":2},{"damage":0,"enemies":"2 Louse","floor":3,"turns":4},{"damage":0,"enemies":"Small Slimes","floor":4,"turns":2},{"damage":22,"enemies":"Lagavulin","floor":6,"turns":10},{"damage":10,"enemies":"Exordium Wildlife","floor":7,"turns":4},{"damage":7,"enemies":"3 Louse","floor":8,"turns":5},{"damage":1,"enemies":"3 Sentries","floor":12,"turns":3},{"damage":1,"enemies":"Gremlin Gang","floor":14,"turns":4},{"damage":42,"enemies":"Hexaghost","floor":16,"turns":8},{"damage":0,"enemies":"Spheric Guardian","floor":18,"turns":3},{"damage":0,"enemies":"Chosen","floor":19,"turns":4},{"damage":23,"enemies":"Snake Plant","floor":21,"turns":3},{"damage":22,"enemies":"Cultist and Chosen","floor":24,"turns":6},{"damage":0,"enemies":"Snecko","floor":27,"turns":2},{"damage":0,"enemies":"Centurion and Healer","floor":28,"turns":5},{"damage":0,"enemies":"Chosen and Byrds","floor":29,"turns":4},{"damage":2,"enemies":"Cultist and Chosen","floor":31,"turns":3},{"damage":25,"enemies":"Collector","floor":33,"turns":7},{"damage":5,"enemies":"3 Shapes","floor":35,"turns":3},{"damage":18,"enemies":"3 Darklings","floor":38,"turns":5},{"damage":12,"enemies":"4 Shapes","floor":39,"turns":5},{"damage":40,"enemies":"Nemesis","floor":40,"turns":8}],"seed_played":"4901118016375682235","potions_obtained":[{"floor":3,"key":"SpeedPotion"},{"floor":6,"key":"DuplicationPotion"},{"floor":14,"key":"AttackPotion"},{"floor":18,"key":"CultistPotion"},{"floor":24,"key":"Weak Potion"},{"floor":39,"key":"EssenceOfSteel"}],"is_trial":true,"path_per_floor":["M","?","M","M","?","E","M","M","T","$","?","E","?","M","R","B",null,"M","M","?","M","?","R","M","$","T","M","M","M","R","M","R","B",null,"M","?","?","M","M","E"],"character_chosen":"WATCHER","items_purchased":["Consecrate","Apotheosis"],"campfire_rested":2,"item_purchase_floors":[10,25],"current_hp_per_floor":[72,72,72,72,72,50,40,33,33,33,33,32,50,49,72,30,72,72,72,72,49,72,72,50,50,50,50,50,50,72,70,70,45,72,67,67,67,49,37,0,0],"gold":277,"neow_bonus":"","is_daily":false,"chose_seed":false,"campfire_upgraded":2,"win_rate":0.0,"timestamp":1613445074,"path_taken":["M","?","?","M","?","E","M","M","T","$","?","E","?","?","R","BOSS","M","M","?","?","?","R","M","$","T","M","M","M","R","M","R","BOSS","M","?","?","?","M","E"],"items_purchased_type":["Card","Card"],"build_version":"2020-12-22","purchased_purges":2,"victory":false,"max_hp_per_floor":[72,72,72,72,72,72,72,72,72,72,72,72,72,72,72,72,72,72,72,72,72,72,72,72,72,72,72,72,72,72,72,72,72,72,72,72,72,72,72,72,72],"card_choices":[{"not_picked":["PathToVictory","Indignation"],"picked":"Evaluate","floor":1},{"not_picked":["CarveReality","WaveOfTheHand"],"picked":"EmptyFist","floor":3},{"not_picked":["WheelKick","SashWhip"],"picked":"FlurryOfBlows","floor":4},{"not_picked":["ReachHeaven","Swivel"],"picked":"Wireheading","floor":6},{"not_picked":["ClearTheMind","BowlingBash","Swivel"],"picked":"SKIP","floor":7},{"not_picked":["Worship","CutThroughFate"],"picked":"FlurryOfBlows","floor":8},{"not_picked":["MentalFortress","BowlingBash"],"picked":"TalkToTheHand","floor":12},{"not_picked":["SashWhip","Crescendo","Evaluate"],"picked":"SKIP","floor":14},{"not_picked":["Halt","Nirvana","EmptyBody"],"picked":"SKIP","floor":18},{"not_picked":["Evaluate","WindmillStrike"],"picked":"FearNoEvil","floor":19},{"not_picked":["BowlingBash","CarveReality"],"picked":"Weave","floor":21},{"not_picked":["DeceiveReality+1","SashWhip+1"],"picked":"Consecrate","floor":24},{"not_picked":["Evaluate","Prostrate","Consecrate"],"picked":"SKIP","floor":27},{"not_picked":["SashWhip","ClearTheMind+1"],"picked":"ThirdEye+1","floor":28},{"not_picked":["Meditate","Sanctity","Halt"],"picked":"SKIP","floor":29},{"not_picked":["Evaluate+1","InnerPeace+1","Prostrate"],"picked":"SKIP","floor":31},{"not_picked":["Vault","SpiritShield"],"picked":"Judgement","floor":33},{"not_picked":["FollowUp+1","FlurryOfBlows"],"picked":"TalkToTheHand","floor":35},{"not_picked":["Tantrum+1","Prostrate","ReachHeaven+1"],"picked":"SKIP","floor":38},{"not_picked":["BowlingBash","PathToVictory+1"],"picked":"ThirdEye+1","floor":39}],"player_experience":316682,"relics_obtained":[{"floor":6,"key":"Regal Pillow"},{"floor":9,"key":"Matryoshka"},{"floor":12,"key":"sneckomod:BlankCard"},{"floor":26,"key":"Guardian:PocketSentry"},{"floor":26,"key":"Bag of Preparation"}],"event_choices":[{"cards_removed":["Strike_P"],"damage_healed":0,"gold_gain":0,"player_choice":"Purged","damage_taken":0,"max_hp_gain":0,"max_hp_loss":0,"event_name":"Purifier","floor":2,"gold_loss":0},{"damage_healed":72,"gold_gain":0,"player_choice":"Leave","damage_taken":0,"max_hp_gain":0,"max_hp_loss":72,"event_name":"betterThird:BetterShining","floor":5,"gold_loss":0},{"damage_healed":0,"gold_gain":0,"player_choice":"Left","damage_taken":0,"max_hp_gain":0,"max_hp_loss":0,"event_name":"betterThird:BetterGoop","floor":11,"gold_loss":23},{"damage_healed":18,"gold_gain":0,"player_choice":"Healed","damage_taken":0,"max_hp_gain":0,"max_hp_loss":0,"event_name":"The Cleric","floor":13,"gold_loss":35},{"damage_healed":0,"gold_gain":100,"player_choice":"Pray","damage_taken":0,"max_hp_gain":0,"max_hp_loss":0,"event_name":"Golden Shrine","floor":20,"gold_loss":0},{"damage_healed":24,"gold_gain":0,"player_choice":"Heal","damage_taken":0,"max_hp_gain":0,"max_hp_loss":0,"event_name":"The Library","floor":22,"gold_loss":0},{"cards_removed":["EmptyFist"],"damage_healed":0,"gold_gain":0,"player_choice":"Removed Attack","damage_taken":0,"max_hp_gain":0,"max_hp_loss":0,"event_name":"Falling","floor":36,"gold_loss":0},{"damage_healed":0,"gold_gain":0,"player_choice":"Cursed","damage_taken":0,"max_hp_gain":0,"max_hp_loss":0,"event_name":"Wheel of Change","floor":37,"gold_loss":0,"cards_obtained":["Decay"]}],"is_beta":false,"boss_relics":[{"not_picked":["Tiny House","Astrolabe"],"picked":"sneckomod:SneckoTalon"},{"not_picked":["Fusion Hammer","Cursed Key"],"picked":"Empty Cage"}],"items_purged_floors":[10,25],"is_endless":true,"potions_floor_spawned":[3,6,14,18,24,27,31,39],"killed_by":"Nemesis","ascension_level":0}}