{"host":"st1kg310ms6sytc5","time":1613487071,"event":{"mods":["ATMod(°¢èªMod)","Act Like it!","BaseMod","CapriCore","Lobotomy","LobotomyExtend","Minty Spire (QoL Compilation)","Reliquary","StSLib","SuperFastMode","Wide Potions","[IsaacMod]ÒÔÈö¼âËþ","¡¾ÒÅÎï¿¨ÅÆ¡¿REMEMod"],"gold_per_floor":[134,145,201,201,201,246,246,265,265,290,290,317,317,329,329,454,454,486,517,549,583,617,617,650,666,734,761,776,776,786,205,205,305,205,221,280,280,41,41,143,143,232,232,232,268,320,320,371,371,401,401,401,276,311,338],"floor_reached":56,"language":"ZHS","playtime":2516,"items_purged":["Strike_G","Defend_G","Corpse Explosion","HandOfGreed"],"score":1870,"play_id":"9dc42189-9e68-420c-9cbd-38c36d88adb6","local_time":"20210216225111","is_ascension_mode":true,"campfire_choices":[{"data":"Blade Dance","floor":7.0,"key":"SMITH"},{"data":"AT_KingSlayer","floor":11.0,"key":"SMITH"},{"data":"Blade Dance","floor":15.0,"key":"SMITH"},{"floor":23.0,"key":"RECALL"},{"floor":32.0,"key":"REST"},{"floor":41.0,"key":"REST"},{"floor":44.0,"key":"REST"},{"floor":49.0,"key":"REST"},{"floor":52.0,"key":"REST"}],"circlet_count":0,"master_deck":["Defend_G+1","Survivor+1","Neutralize","BigBadWolf","Concentrate+1","Blade Dance+1","SpiderBud","AT_KingSlayer+1","Terror","Cloak And Dagger+1","MHz","Acrobatics+1","Tactician","Acrobatics+1","Woodsman","Murderer","LaLuna","Phantasmal Killer","NakedNest","After Image","BodiesMountain","Prepared+1","VoidDream","Acrobatics+1","BigBird","Laetitia","AT_KneejerkReflex+1","Freischutz","AT_WindRun+1"],"relics":["Ring of the Snake","AT_ATBox","REME_ComplimentaryCards","HushsDoor","SatanicBible","CogitoBucket","LetterFromLob","Bag of Marbles","Shuriken","TheBean","Damocles","D6","Theresia","Fusion Hammer","GuppysCollar","GuppysTail","Ice Cream","PillsDrop","reliquary:ExpiredCoupon","BackwardClock","reliquary:TridentHead","reliquary:HotPoker","StrikeDummy","Anchor","reliquary:JackalopeAntler","Meat on the Bone","War Paint","AtMidnight","ResearcherNote","Strawberry","AT_ForceNature","Bottled Lightning","Philosopher\u0027s Stone","GuppysPaw","SatanicBible","Toy Ornithopter","AT_SunfireAegis","REME_ArchaeologicalTools","reliquary:Aerogel","Nunchaku","AT_ImmortalShieldbow","reliquary:FerryPass","Chaos","MyShadow","Prayer Wheel","TwistedFunnel","Regal Pillow","NineVolt","Emotion Chip"],"acts_visited":["Exordium","TheCity","TheBeyond","TheEnding"],"potions_floor_usage":[],"damage_taken":[{"damage":0.0,"enemies":"Cultist","floor":1.0,"turns":5.0},{"damage":1.0,"enemies":"Jaw Worm","floor":2.0,"turns":2.0},{"damage":2.0,"enemies":"Small Slimes","floor":3.0,"turns":5.0},{"damage":0.0,"enemies":"Gremlin Nob","floor":6.0,"turns":2.0},{"damage":0.0,"enemies":"Red Slaver","floor":8.0,"turns":1.0},{"damage":0.0,"enemies":"3 Sentries","floor":10.0,"turns":2.0},{"damage":0.0,"enemies":"Lagavulin","floor":12.0,"turns":3.0},{"damage":0.0,"enemies":"3 Louse","floor":14.0,"turns":4.0},{"damage":0.0,"enemies":"Slime Boss","floor":16.0,"turns":4.0},{"damage":0.0,"enemies":"2 Thieves","floor":18.0,"turns":1.0},{"damage":0.0,"enemies":"Chosen","floor":19.0,"turns":2.0},{"damage":0.0,"enemies":"Centurion and Healer","floor":20.0,"turns":3.0},{"damage":2.0,"enemies":"Snake Plant","floor":21.0,"turns":3.0},{"damage":0.0,"enemies":"Chosen and Byrds","floor":22.0,"turns":2.0},{"damage":0.0,"enemies":"Slavers","floor":24.0,"turns":1.0},{"damage":0.0,"enemies":"Shelled Parasite and Fungi","floor":25.0,"turns":1.0},{"damage":0.0,"enemies":"REME_1_Revenger","floor":27.0,"turns":1.0},{"damage":0.0,"enemies":"Snake Plant","floor":28.0,"turns":2.0},{"damage":0.0,"enemies":"Sentry and Sphere","floor":30.0,"turns":2.0},{"damage":0.0,"enemies":"Automaton","floor":33.0,"turns":1.0},{"damage":0.0,"enemies":"3 Darklings","floor":35.0,"turns":1.0},{"damage":0.0,"enemies":"3 Shapes","floor":36.0,"turns":1.0},{"damage":0.0,"enemies":"Reptomancer","floor":40.0,"turns":1.0},{"damage":0.0,"enemies":"Nemesis","floor":42.0,"turns":1.0},{"damage":0.0,"enemies":"Spire Growth","floor":45.0,"turns":1.0},{"damage":0.0,"enemies":"Giant Head","floor":46.0,"turns":1.0},{"damage":0.0,"enemies":"Writhing Mass","floor":48.0,"turns":2.0},{"damage":0.0,"enemies":"Donu and Deca","floor":50.0,"turns":1.0},{"damage":0.0,"enemies":"Shield and Spear","floor":54.0,"turns":1.0},{"damage":0,"enemies":"LittleHush","floor":55,"turns":3}],"seed_played":"5943217782107881591","potions_obtained":[{"floor":2.0,"key":"SpeedPotion"},{"floor":8.0,"key":"LiquidBronze"},{"floor":10.0,"key":"Regen Potion"},{"floor":16.0,"key":"Strength Potion"},{"floor":28.0,"key":"REME_GoldPotion"},{"floor":33.0,"key":"FearPotion"},{"floor":40.0,"key":"FairyPotion"}],"is_trial":false,"path_per_floor":["M","M","M","?","?","E","R","M","T","E","R","E","?","M","R","B",null,"M","M","M","M","M","R","E","M","T","E","M","?","M","$","R","B",null,"M","M","?","$","?","E","R","E","T","R","M","E","?","M","R","B",null,"R","$","E","B",null],"character_chosen":"THE_SILENT","items_purchased":["GuppysCollar","GuppysTail","Terror","AT_ForceNature","Bottled Lightning","GuppysPaw","SatanicBible","After Image","REME_ArchaeologicalTools"],"campfire_rested":5,"item_purchase_floors":[17,17,17,31,31,34,34,34,38],"current_hp_per_floor":[70,69,67,67,52,52,52,52,52,52,52,52,52,52,52,52,39,39,39,39,37,40,40,40,40,40,42,42,42,49,49,49,49,26,26,29,29,29,29,29,29,29,29,29,29,24,24,24,24,24,24,24,24,24,21],"gold":338,"neow_bonus":"","is_daily":false,"chose_seed":false,"campfire_upgraded":3,"win_rate":0.0,"timestamp":1613487071,"path_taken":["M","M","?","?","?","E","R","M","T","E","R","E","?","M","R","BOSS","M","M","M","M","M","R","E","M","T","E","M","?","?","$","R","BOSS","M","?","?","$","?","E","R","E","T","R","M","E","?","?","R","BOSS","R","$","E","BOSS"],"items_purchased_type":["Relic","Relic","Card","Relic","Relic","Relic","Relic","Card","Relic"],"build_version":"2020-12-22","purchased_purges":4,"victory":true,"max_hp_per_floor":[70,70,70,70,70,70,70,70,70,70,70,70,70,70,70,70,39,39,39,39,39,42,42,42,42,42,42,42,42,49,49,49,49,26,26,29,29,29,29,29,29,29,29,29,29,24,24,24,24,24,24,24,24,24,21],"card_choices":[{"not_picked":[],"picked":"Bomb","floor":0.0},{"not_picked":["NakedNest","VoidDream"],"picked":"BigBadWolf","floor":1.0},{"not_picked":["AT_ArcaneSupremacy","Choke"],"picked":"Concentrate","floor":1.0},{"not_picked":["SingingMachine","BeautyBeast"],"picked":"UniverseFragment","floor":2.0},{"not_picked":["AT_WindRun","Backflip"],"picked":"Bomb","floor":2.0},{"not_picked":["Concentrate","Sucker Punch"],"picked":"Corpse Explosion","floor":3.0},{"not_picked":["Slice","Outmaneuver"],"picked":"Blade Dance","floor":6.0},{"not_picked":["AT_ThistleTea","Flying Knee"],"picked":"Blade Dance","floor":8.0},{"not_picked":["OSAHOGD","Funeral"],"picked":"SpiderBud","floor":8.0},{"not_picked":["Sucker Punch","Caltrops"],"picked":"AT_KingSlayer","floor":10.0},{"not_picked":["Backflip","REME_GrazeFinale","Skewer"],"picked":"SKIP","floor":12.0},{"not_picked":["Bane","Deflect","Riddle With Holes"],"picked":"SKIP","floor":14.0},{"not_picked":["Deadly Poison+1","Catalyst"],"picked":"Cloak And Dagger+1","floor":18.0},{"not_picked":["Dagger Spray","Flechettes","Flying Knee"],"picked":"SKIP","floor":19.0},{"not_picked":["QueenOfHatred","Porccubus"],"picked":"MHz","floor":20.0},{"not_picked":["REME_GrazeFinale","Outmaneuver","Deadly Poison"],"picked":"SKIP","floor":20.0},{"not_picked":["Riddle With Holes+1","AT_WomanClash"],"picked":"Acrobatics+1","floor":21.0},{"not_picked":["Venomology","Skewer","AT_FocusSwordFire"],"picked":"SKIP","floor":22.0},{"not_picked":["Quick Slash+1","Catalyst+1"],"picked":"Tactician","floor":24.0},{"not_picked":["Eviscerate","Poisoned Stab+1"],"picked":"Acrobatics+1","floor":25.0},{"not_picked":["LittleHelper","Bloodbath"],"picked":"Woodsman","floor":25.0},{"not_picked":["Quick Slash","AT_FocusSwordFire","Slice"],"picked":"SKIP","floor":27.0},{"not_picked":["HappyTeddy","FairyFestival"],"picked":"Murderer","floor":28.0},{"not_picked":["Blur","Bouncing Flask+1","Envenom"],"picked":"SKIP","floor":28.0},{"not_picked":["Variant","HeroicMonk"],"picked":"LaLuna","floor":30.0},{"not_picked":["Crippling Poison","Slice","Backflip"],"picked":"SKIP","floor":30.0},{"not_picked":["Corpse Explosion","Doppelganger"],"picked":"Phantasmal Killer","floor":33.0},{"not_picked":["GreedKing","Yin"],"picked":"NakedNest","floor":33.0},{"not_picked":["LittlePrince","BlueStar"],"picked":"BodiesMountain","floor":35.0},{"not_picked":["Poisoned Stab+1","Dodge and Roll+1"],"picked":"Prepared+1","floor":35.0},{"not_picked":["Mercenary","HappyTeddy"],"picked":"VoidDream","floor":36.0},{"not_picked":["AT_WindFlip","REME_ShadowStrike"],"picked":"Acrobatics+1","floor":36.0},{"not_picked":["Jack Of All Trades","Blind"],"picked":"ChaosCard","floor":37.0},{"not_picked":["Porccubus","SingingMachine"],"picked":"BigBird","floor":40.0},{"not_picked":["Slice","Noxious Fumes+1","Dagger Throw"],"picked":"SKIP","floor":40.0},{"not_picked":["Scorched","OSAHOGD"],"picked":"Laetitia","floor":42.0},{"not_picked":["Heel Hook+1","Accuracy"],"picked":"AT_KneejerkReflex+1","floor":42.0},{"not_picked":["SnowQueen","SingingMachine"],"picked":"Freischutz","floor":45.0},{"not_picked":["Dodge and Roll+1","Deflect+1","Footwork"],"picked":"SKIP","floor":45.0},{"not_picked":["SingingMachine","SilentOrchestra"],"picked":"MeltingLove","floor":46.0},{"not_picked":["Backflip","AT_WindRun","Masterful Stab"],"picked":"SKIP","floor":46.0},{"not_picked":["REME_ShadowForm","Underhanded Strike+1"],"picked":"AT_WindRun+1","floor":48.0},{"not_picked":["Terror","Outmaneuver+1","Slice+1"],"picked":"SKIP","floor":48.0},{"not_picked":["AT_FocusSwordFire+1","Dagger Spray+1","Corpse Explosion"],"picked":"SKIP","floor":54.0},{"not_picked":["AT_FocusSwordFire+1","Dagger Spray+1","Corpse Explosion"],"picked":"SKIP","floor":54.0}],"player_experience":1388661,"relics_obtained":[{"floor":1.0,"key":"LetterFromLob"},{"floor":6.0,"key":"Shuriken"},{"floor":10.0,"key":"TheBean"},{"floor":12.0,"key":"Damocles"},{"floor":14.0,"key":"D6"},{"floor":18.0,"key":"Ice Cream"},{"floor":20.0,"key":"PillsDrop"},{"floor":21.0,"key":"reliquary:ExpiredCoupon"},{"floor":22.0,"key":"reliquary:TridentHead"},{"floor":24.0,"key":"reliquary:HotPoker"},{"floor":24.0,"key":"StrikeDummy"},{"floor":25.0,"key":"Anchor"},{"floor":26.0,"key":"reliquary:JackalopeAntler"},{"floor":27.0,"key":"Meat on the Bone"},{"floor":27.0,"key":"War Paint"},{"floor":28.0,"key":"AtMidnight"},{"floor":30.0,"key":"Strawberry"},{"floor":35.0,"key":"Toy Ornithopter"},{"floor":36.0,"key":"AT_SunfireAegis"},{"floor":40.0,"key":"reliquary:Aerogel"},{"floor":40.0,"key":"Nunchaku"},{"floor":42.0,"key":"AT_ImmortalShieldbow"},{"floor":42.0,"key":"reliquary:FerryPass"},{"floor":43.0,"key":"Chaos"},{"floor":45.0,"key":"MyShadow"},{"floor":46.0,"key":"Prayer Wheel"},{"floor":46.0,"key":"TwistedFunnel"},{"floor":48.0,"key":"Regal Pillow"},{"floor":54.0,"key":"NineVolt"},{"floor":54.0,"key":"Emotion Chip"}],"event_choices":[{"damage_healed":0.0,"max_hp_gain":0.0,"max_hp_loss":0.0,"gold_gain":0.0,"event_name":"Accursed Blacksmith","player_choice":"Forge","floor":4.0,"gold_loss":0.0,"damage_taken":0.0,"cards_upgraded":["Concentrate"]},{"cards_removed":["Strike_G"],"damage_healed":0.0,"max_hp_gain":0.0,"max_hp_loss":0.0,"gold_gain":0.0,"event_name":"Purifier","player_choice":"Purged","floor":13.0,"gold_loss":0.0,"damage_taken":0.0},{"damage_healed":0.0,"max_hp_gain":0.0,"max_hp_loss":0.0,"gold_gain":0.0,"event_name":"SensoryStone","player_choice":"Memory 1","floor":37.0,"gold_loss":0.0,"damage_taken":0.0},{"cards_removed":["Defend_G"],"damage_healed":0.0,"max_hp_gain":0.0,"max_hp_loss":0.0,"gold_gain":0.0,"event_name":"Falling","player_choice":"Removed Skill","floor":39.0,"gold_loss":0.0,"damage_taken":0.0}],"is_beta":false,"boss_relics":[{"not_picked":["reliquary:RedCape","reliquary:KinkedSpring"],"picked":"Fusion Hammer"},{"not_picked":[]},{"not_picked":["Cursed Key","ChampionBelt"],"picked":"Philosopher\u0027s Stone"},{"not_picked":[]}],"items_purged_floors":[17,31,34,53],"is_endless":false,"potions_floor_spawned":[2,8,10,16,18,19,28,30,33,40,42,46,48],"ascension_level":1}}