{"host":"5hsgormuu0lj4iiq","time":1613445910,"event":{"mods":["AchievementEnabler","BaseMod","Colored Map","Colored Powertips","Minty Spire (QoL Compilation)","Quick Restart","Relic Stats","SuperFastMode","everything is the same but u backflip on backflip","slay the spire mod where everything is the same but ironclad has a cowboy hat"],"gold_per_floor":[119,69,244,322,338,365,365,393,419,419,448,464,464,516,516,592,592,611,611,257,275,275,275],"floor_reached":22,"language":"ENG","playtime":360,"items_purged":["Doubt"],"score":371,"play_id":"c6c4dfaf-3b89-4cb9-a2ed-09ace4526ec4","local_time":"20210215222510","is_ascension_mode":true,"campfire_choices":[{"data":"Rip and Tear","floor":7,"key":"SMITH"},{"data":"Coolheaded","floor":10,"key":"SMITH"},{"data":"Darkness","floor":15,"key":"SMITH"}],"circlet_count":0,"master_deck":["AscendersBane","Strike_B","Strike_B","Strike_B","Defend_B","Defend_B","Defend_B","Defend_B","Zap","Dualcast","Darkness+1","Rip and Tear+1","Coolheaded+1","White Noise","Self Repair"],"relics":["Cracked Core","NeowsBlessing","Meat on the Bone","StrikeDummy","Happy Flower","Nunchaku","Oddly Smooth Stone","Art of War","Smiling Mask","Snecko Eye","Anchor","Strawberry"],"acts_visited":["Exordium","TheCity"],"potions_floor_usage":[18],"damage_taken":[{"damage":0,"enemies":"2 Louse","floor":1,"turns":1},{"damage":0,"enemies":"Jaw Worm","floor":5,"turns":1},{"damage":0,"enemies":"Gremlin Nob","floor":6,"turns":1},{"damage":30,"enemies":"3 Sentries","floor":8,"turns":6},{"damage":8,"enemies":"Gremlin Nob","floor":11,"turns":3},{"damage":12,"enemies":"Small Slimes","floor":12,"turns":3},{"damage":19,"enemies":"Hexaghost","floor":16,"turns":9},{"damage":32,"enemies":"2 Thieves","floor":18,"turns":4},{"damage":36,"enemies":"Shell Parasite","floor":21,"turns":6},{"damage":29,"enemies":"Cultist and Chosen","floor":22,"turns":4}],"seed_played":"-9039893609908043075","potions_obtained":[{"floor":1,"key":"Regen Potion"},{"floor":11,"key":"Dexterity Potion"}],"is_trial":false,"path_per_floor":["M","?","?","T","M","E","R","E","T","R","E","M","?","T","R","B",null,"M","?","$","M","M"],"character_chosen":"DEFECT","items_purchased":["Anchor","Strawberry"],"campfire_rested":0,"item_purchase_floors":[20,20],"current_hp_per_floor":[68,68,68,68,68,68,68,38,38,38,42,42,42,42,42,35,65,38,38,45,28,0,0],"gold":275,"neow_bonus":"THREE_ENEMY_KILL","is_daily":false,"chose_seed":false,"campfire_upgraded":3,"win_rate":0.0,"timestamp":1613445910,"path_taken":["M","?","?","?","M","E","R","E","T","R","E","M","?","?","R","BOSS","M","?","$","M","M"],"items_purchased_type":["Relic","Relic"],"build_version":"2020-12-22","purchased_purges":1,"victory":false,"max_hp_per_floor":[75,75,75,75,75,75,75,75,75,75,75,75,75,75,75,75,75,75,75,82,82,82,82],"relic_stats":{"Nunchaku":[3],"Happy Flower":[9],"counters":[10,38],"Snecko Eye":[21,13,25,34],"Art of War":[6],"Smiling Mask":25,"obtain_stats":[{"Nunchaku":9,"Anchor":20,"NeowsBlessing":0,"Happy Flower":8,"Strawberry":20,"Oddly Smooth Stone":11,"Snecko Eye":17,"Art of War":13,"Cracked Core":0,"StrikeDummy":6,"Smiling Mask":14,"Meat on the Bone":4},{"Nunchaku":4,"Anchor":8,"NeowsBlessing":0,"Happy Flower":4,"Strawberry":8,"Oddly Smooth Stone":5,"Snecko Eye":7,"Art of War":6,"Cracked Core":0,"StrikeDummy":3,"Smiling Mask":6,"Meat on the Bone":1},{"Nunchaku":9,"Anchor":28,"NeowsBlessing":0,"Happy Flower":9,"Strawberry":28,"Oddly Smooth Stone":12,"Snecko Eye":24,"Art of War":15,"Cracked Core":0,"StrikeDummy":3,"Smiling Mask":15,"Meat on the Bone":1}],"Meat on the Bone":48},"card_choices":[{"not_picked":["Double Energy","Turbo"],"picked":"Darkness","floor":1},{"not_picked":["Hologram","Steam","Double Energy"],"picked":"SKIP","floor":5},{"not_picked":["FTL","Cold Snap"],"picked":"Rip and Tear","floor":6},{"not_picked":["Consume","Gash"],"picked":"Coolheaded","floor":8},{"not_picked":["Barrage","Streamline","Tempest"],"picked":"SKIP","floor":11},{"not_picked":["Turbo","Go for the Eyes","Rebound"],"picked":"SKIP","floor":12},{"not_picked":["Sweeping Beam","Redo"],"picked":"White Noise","floor":18},{"not_picked":["Stack","Rebound","Go for the Eyes"],"picked":"SKIP","floor":21}],"player_experience":737770,"relics_obtained":[{"floor":4,"key":"Meat on the Bone"},{"floor":6,"key":"StrikeDummy"},{"floor":8,"key":"Happy Flower"},{"floor":9,"key":"Nunchaku"},{"floor":11,"key":"Oddly Smooth Stone"},{"floor":14,"key":"Smiling Mask"}],"event_choices":[{"cards_removed":["Strike_B"],"damage_healed":0,"gold_gain":0,"player_choice":"Card Removal","damage_taken":0,"max_hp_gain":0,"max_hp_loss":0,"event_name":"The Cleric","floor":2,"gold_loss":50},{"damage_healed":0,"gold_gain":175,"player_choice":"AGREE","damage_taken":0,"max_hp_gain":0,"max_hp_loss":0,"event_name":"Liars Game","floor":3,"gold_loss":0,"cards_obtained":["Doubt"]},{"damage_healed":0,"gold_gain":0,"player_choice":"Searched \u00272\u0027 times","damage_taken":0,"relics_obtained":["Art of War"],"max_hp_gain":0,"max_hp_loss":0,"event_name":"Dead Adventurer","floor":13,"gold_loss":0},{"damage_healed":0,"gold_gain":0,"player_choice":"Read","damage_taken":0,"max_hp_gain":0,"max_hp_loss":0,"event_name":"The Library","floor":19,"gold_loss":0,"cards_obtained":["Self Repair"]}],"is_beta":false,"boss_relics":[{"not_picked":["Coffee Dripper","FrozenCore"],"picked":"Snecko Eye"}],"items_purged_floors":[20],"is_endless":false,"potions_floor_spawned":[1,11,16],"killed_by":"Cultist and Chosen","ascension_level":13}}