{"host":"s6xp7bbqy5sa00x4","time":1613492467,"event":{"mods":["BaseMod","BetterRewards","Downfall","Hermit","Infinite Spire","Marisa????????","Minty Spire (QoL Compilation)","Remilia??????","Replay The Spire","Shop Mod","StSLib","The Hierophant","The Poker Player","The Runesmith","The Servant 0.9.4"],"gold_per_floor":[117,130,130,0,0,0,19,35,86,103,116,116,142,154,154,249,249,229,229,242,341,357,389,389,400,400,400,400,412,432,447,447,542,542,597,597,656,712,712,712],"floor_reached":39,"language":"ENG","playtime":4489,"items_purged":[],"score":584,"play_id":"c8b8e821-3c03-4b07-bd4e-61fd776acb8b","local_time":"20210216112107","is_ascension_mode":false,"campfire_choices":[{"floor":6,"key":"RECALL"},{"data":"Runesmith:CreatorForm","floor":12,"key":"SMITH"},{"floor":15,"key":"REST"},{"floor":24,"key":"REST"},{"floor":27,"key":"REST"},{"floor":32,"key":"REST"}],"circlet_count":0,"master_deck":["Runesmith:Strike_RS","Runesmith:Strike_RS","Runesmith:Strike_RS","Runesmith:Strike_RS","Runesmith:Defend_RS","Runesmith:Defend_RS","Runesmith:Defend_RS","Runesmith:Defend_RS","Runesmith:CraftFirestone","Runesmith:Fortify","Runesmith:CraftProtectio","Runesmith:EarthShield","Runesmith:CreatorForm+1","Runesmith:FrozenChisel","Runesmith:ElementalConversion","Runesmith:Firestorm","Runesmith:Repurpose","Runesmith:Attraction","Runesmith:HeatExchange","Runesmith:ArcReactor","Runesmith:Accelerate","Writhe","CommonCold","infinitespire:Menacing","Runesmith:ShiftingStrike+1","Runesmith:ChargedHammer","Runesmith:CraftMedicinae","Runesmith:CraftSpiculum","Runesmith:ChiselStab","Runesmith:BackupBattery+1","Runesmith:GenerateForcefield","Runesmith:ReplicatingBarrier","Runesmith:DoubleUp","Replay:Sssssssssshield","Runesmith:FieryHammer+1","Parasite","Runesmith:Superposition+1"],"relics":["Runesmith:BrokenRuby","NeowsBlessing","ReplayFunnel","Replay:Rubber Ducky","ReplayTheSpireMod:Shallot","Painkiller Herb","Tiny Chest","infinitespire:EvilPickle","Runesmith:UraniumAnvil"],"acts_visited":["Exordium","TheCity","TheBeyond"],"potions_floor_usage":[13,13,22,22,23,33,39],"damage_taken":[{"damage":0,"enemies":"2 Louse","floor":1,"turns":1},{"damage":0,"enemies":"Cultist","floor":2,"turns":1},{"damage":0,"enemies":"Small Slimes","floor":7,"turns":1},{"damage":16,"enemies":"3 Louse","floor":8,"turns":4},{"damage":4,"enemies":"Looter","floor":10,"turns":4},{"damage":26,"enemies":"Gremlin Gang","floor":11,"turns":6},{"damage":19,"enemies":"3 Sentries","floor":13,"turns":8},{"damage":0,"enemies":"Exordium Wildlife","floor":14,"turns":6},{"damage":17,"enemies":"Fading Forest","floor":16,"turns":11},{"damage":0,"enemies":"2 Thieves","floor":18,"turns":4},{"damage":1,"enemies":"Spheric Guardian","floor":20,"turns":7},{"damage":8,"enemies":"3 Cultists","floor":22,"turns":8},{"damage":49,"enemies":"Slavers","floor":23,"turns":6},{"damage":16,"enemies":"Shelled Parasite and Fungi","floor":25,"turns":7},{"damage":6,"enemies":"Centurion and Healer","floor":29,"turns":10},{"damage":18,"enemies":"3 Cultists","floor":30,"turns":6},{"damage":9,"enemies":"Chosen and Byrds","floor":31,"turns":7},{"damage":39,"enemies":"Pondfish","floor":33,"turns":11},{"damage":26,"enemies":"3 Darklings","floor":35,"turns":6},{"damage":10,"enemies":"Orb Walker","floor":37,"turns":6},{"damage":0,"enemies":"Writhing Mass","floor":38,"turns":13},{"damage":53,"enemies":"Spire Growth","floor":39,"turns":6}],"seed_played":"5692039861257169274","potions_obtained":[{"floor":7,"key":"Dexterity Potion"},{"floor":11,"key":"Fire Potion"},{"floor":13,"key":"champ:CounterPotion"},{"floor":16,"key":"SkillPotion"},{"floor":18,"key":"LiquidMemories"},{"floor":31,"key":"Dexterity Potion"},{"floor":37,"key":"FearPotion"}],"is_trial":false,"path_per_floor":["M","M","?","$","?","R","M","M","T","M","M","R","E","M","R","B",null,"?","?","?","?","?","E","T","?","T","T","?","?","?","?","T","B",null,"?","?","?","?","?"],"character_chosen":"RUNESMITH_CLASS","items_purchased":["Runesmith:CreatorForm","Runesmith:EarthShield"],"campfire_rested":4,"item_purchase_floors":[4,4],"current_hp_per_floor":[70,70,70,70,70,70,70,54,54,50,24,24,5,5,26,19,70,70,70,69,69,61,12,33,21,21,42,29,30,12,9,31,5,75,49,49,40,48,0,0],"gold":712,"neow_bonus":"THREE_ENEMY_KILL","is_daily":false,"chose_seed":false,"campfire_upgraded":1,"win_rate":0.0,"timestamp":1613492467,"path_taken":["M","M","?","$","?","R","M","M","T","M","?","R","E","M","R","BOSS","?","?","?","?","?","E","T","?","T","T","?","?","?","?","T","BOSS","?","?","?","?","?"],"items_purchased_type":["Card","Card"],"build_version":"2020-12-22","purchased_purges":0,"victory":false,"max_hp_per_floor":[70,70,70,70,70,70,70,70,70,70,70,70,70,70,70,70,70,70,70,70,70,70,70,70,70,70,70,75,75,75,75,75,75,75,75,75,75,75,75,75],"card_choices":[{"not_picked":["Runesmith:HeatedChisel","Runesmith:OneForEveryone"],"picked":"Runesmith:CraftProtectio","floor":1},{"not_picked":["Runesmith:NanitesCloud","Runesmith:NegativeSpace"],"picked":"Runesmith:EarthShield","floor":2},{"not_picked":["Runesmith:HammerThrow","Runesmith:Grindstone"],"picked":"Runesmith:FrozenChisel","floor":7},{"not_picked":["Runesmith:HammerThrow","Runesmith:Attraction"],"picked":"Runesmith:ElementalConversion","floor":8},{"not_picked":["Runesmith:Overpower","Runesmith:CreatorForm"],"picked":"Runesmith:Firestorm","floor":10},{"not_picked":["Runesmith:BackupBattery","Runesmith:CraftProtectio"],"picked":"Runesmith:Repurpose","floor":11},{"not_picked":["Runesmith:EarthShield","Runesmith:CreatorForm"],"picked":"Runesmith:Attraction","floor":13},{"not_picked":["Runesmith:Refine","Runesmith:EnergizedChisel"],"picked":"Runesmith:HeatExchange","floor":14},{"not_picked":["Runesmith:MetallurgicalResearch","Runesmith:LightningRod"],"picked":"Runesmith:ArcReactor","floor":16},{"not_picked":["Runesmith:Repurpose","Runesmith:CraftProtectio"],"picked":"Runesmith:Accelerate","floor":18},{"not_picked":["ReplayTheSpireMod:Black Plague","Replay:Fractal Strike"],"picked":"infinitespire:Menacing","floor":19},{"not_picked":["Runesmith:CraftProtectio","Runesmith:StaticCage"],"picked":"Runesmith:ShiftingStrike+1","floor":20},{"not_picked":["Runesmith:StaticCage","Runesmith:HeatExchange"],"picked":"Runesmith:ChargedHammer","floor":22},{"not_picked":["Runesmith:MakeshiftArmor","Runesmith:HeatExchange"],"picked":"Runesmith:CraftMedicinae","floor":23},{"not_picked":["Runesmith:MakeshiftArmor","Runesmith:StaticCage+1"],"picked":"Runesmith:CraftSpiculum","floor":25},{"not_picked":["Runesmith:StaticCage","Runesmith:EarthShield"],"picked":"Runesmith:ChiselStab","floor":29},{"not_picked":["Runesmith:CraftProtectio","Runesmith:StaticCage"],"picked":"Runesmith:BackupBattery+1","floor":30},{"not_picked":["Runesmith:HeatExchange","Runesmith:RuneHurl"],"picked":"Runesmith:GenerateForcefield","floor":31},{"not_picked":["Runesmith:LastStand","Runesmith:Supernova"],"picked":"Runesmith:ReplicatingBarrier","floor":33},{"not_picked":["Runesmith:Electrocute","Runesmith:RuneHurl+1"],"picked":"Runesmith:DoubleUp","floor":35},{"not_picked":["Panacea","Finesse"],"picked":"Replay:Sssssssssshield","floor":36},{"not_picked":["Runesmith:StaticCage+1","Runesmith:Overpower"],"picked":"Runesmith:FieryHammer+1","floor":37},{"not_picked":["Runesmith:MakeshiftArmor+1","Runesmith:EnergizedChisel"],"picked":"Runesmith:Superposition+1","floor":38}],"player_experience":399422,"relics_obtained":[{"floor":3,"key":"ReplayFunnel"},{"floor":9,"key":"Replay:Rubber Ducky"},{"floor":13,"key":"ReplayTheSpireMod:Shallot"},{"floor":23,"key":"Tiny Chest"}],"event_choices":[{"cards_removed":["Runesmith:EarthShield"],"damage_healed":5,"gold_gain":0,"player_choice":"Offered Common","damage_taken":0,"max_hp_gain":0,"max_hp_loss":0,"event_name":"Bonfire Elementals","floor":5,"gold_loss":0},{"cards_removed":["Runesmith:EarthShield"],"damage_healed":5,"gold_gain":0,"player_choice":"Offered Special","damage_taken":0,"max_hp_gain":0,"max_hp_loss":0,"event_name":"Bonfire Elementals","floor":5,"gold_loss":0},{"damage_healed":0,"gold_gain":99,"player_choice":"Stole From Cult","damage_taken":0,"max_hp_gain":0,"max_hp_loss":0,"event_name":"Nest","floor":21,"gold_loss":0},{"damage_healed":0,"gold_gain":0,"player_choice":"Shed Blood","damage_taken":18,"max_hp_gain":5,"max_hp_loss":0,"event_name":"Forgotten Altar","floor":28,"gold_loss":0},{"damage_healed":0,"gold_gain":0,"player_choice":"Memory 1","damage_taken":0,"max_hp_gain":0,"max_hp_loss":0,"event_name":"SensoryStone","floor":36,"gold_loss":0}],"is_beta":false,"boss_relics":[{"not_picked":["Runic Pyramid","infinitespire:Cupcake"],"picked":"Painkiller Herb"},{"not_picked":["Velvet Choker","Pandora\u0027s Box"],"picked":"Runesmith:UraniumAnvil"}],"items_purged_floors":[],"is_endless":false,"potions_floor_spawned":[7,11,13,16,18,20,31,37],"killed_by":"Spire Growth","ascension_level":0}}