{"host":"5dhwd44u3dydylwe","time":1613444546,"event":{"mods":["AchievementEnabler","BaseMod","BetterRewards","Dota2Spire","Duelist Mod","GifTheSpireLib","Hubris","Minty Spire (QoL Compilation)","Shop Mod","StSLib","Wandering Minibosses"],"gold_per_floor":[143,154,154,172,190,215,215,243,254,254,254,285,296,296,328,347,375,420,420,518,518,518,613,613,630,329,419,469,517,517,517,572,572,636,710,755,782,213,213,243,336,352,394,394,492,542,542,668,668,686,702,156,251,293,328,344,405,405,431,481,497,547,577,577,577,577,577,377,439,469],"floor_reached":71,"language":"ENG","playtime":7007,"items_purged":["theDuelist:Sparks","theDuelist:CastleWalls","theDuelist:CastleWalls","theDuelist:BloodSparks","theDuelist:GishkiBeast","theDuelist:CallAtlanteans"],"score":3713,"play_id":"5335d1f0-7657-4b8e-ae50-ec0e5fb6af6b","local_time":"20210216110226","is_ascension_mode":true,"campfire_choices":[{"data":"theDuelist:MillenniumShield","floor":7,"key":"SMITH"},{"data":"theDuelist:Fissure","floor":14,"key":"SMITH"},{"data":"theDuelist:MillenniumShield","floor":19,"key":"SMITH"},{"data":"theDuelist:NimbleSunfish","floor":22,"key":"SMITH"},{"floor":31,"key":"RECALL"},{"data":"theDuelist:IslandTurtle","floor":39,"key":"SMITH"},{"data":"theDuelist:MorayGreed","floor":44,"key":"SMITH"},{"data":"theDuelist:GishkiShadow","floor":47,"key":"SMITH"},{"data":"Violence","floor":64,"key":"SMITH"},{"data":"theDuelist:RevivalJam","floor":67,"key":"SMITH"}],"circlet_count":0,"master_deck":["theDuelist:SevenColoredFish","theDuelist:SevenColoredFish","theDuelist:AquaSpirit","theDuelist:IslandTurtle+1","theDuelist:IslandTurtle+1","theDuelist:RevivalJam+1","theDuelist:NimbleSunfish+1","theDuelist:MillenniumShield+1","theDuelist:Fissure+1","theDuelist:GilfordLegend+1","theDuelist:GishkiShadow+1","theDuelist:MillenniumShield+1","theDuelist:Umi+1","theDuelist:Umi+1","theDuelist:GamecieltheSeaTurtleKaiju","theDuelist:MorayGreed+1","theDuelist:MorayGreed+1","Violence+1","theDuelist:EvigishkiSoulOgre+1","theDuelist:Monokeros+1"],"relics":["theDuelist:MillenniumPuzzle","theDuelist:CardPoolRelic","theDuelist:CardPoolBasicRelic","theDuelist:BoosterPackPoolRelic","theDuelist:CardPoolAddRelic","theDuelist:CardPoolMinusRelic","theDuelist:CardPoolSaveRelic","theDuelist:CardPoolOptionsRelic","Medical Kit","HornCleat","theDuelist:SolderToken","theDuelist:TributeEggRelic","Thread and Needle","Dota2Spire:DivineRapier","Frozen Egg 2","hubris:SphereOfDissonance","Dota2Spire:PowerTreads","Matryoshka","Akabeko","Anchor","Tough Bandages","TungstenRod","Torii","Black Star","HoveringKite","Dota2Spire:HandOfMidas","Red Mask","Happy Flower","Dota2Spire:CrimsonGuard","SsserpentHead","Kunai","War Paint","hubris:Reverence","wanderingMiniBosses:OtherGremlinHorn","Pear","Bag of Preparation","Dota2Spire:BattleFury","hubris:Metronome","Eternal Feather","Tiny House","hubris:Backtick","Dota2Spire:OctarineCore","OrangePellets","Strawberry","Dota2Spire:Desolator","Incense Burner","Nunchaku","theDuelist:CoralToken","Dota2Spire:EyeOfSkadi","Boot","hubris:GlazedTorus","hubris:TenFootPole","theDuelist:FlowToken","Dota2Spire:OrchidMalevolence","Dota2Spire:ShivaGuard","theDuelist:BoosterPackTrapEgg","FossilizedHelix"],"acts_visited":["Exordium","TheCity","TheBeyond","TheEnding"],"potions_floor_usage":[70,70],"damage_taken":[{"damage":0,"enemies":"Small Slimes","floor":1,"turns":9},{"damage":0,"enemies":"Cultist","floor":2,"turns":4},{"damage":0,"enemies":"2 Louse","floor":4,"turns":27},{"damage":0,"enemies":"Exordium Wildlife","floor":5,"turns":4},{"damage":0,"enemies":"3 Sentries","floor":6,"turns":12},{"damage":15,"enemies":"Gremlin Nob","floor":8,"turns":4},{"damage":0,"enemies":"2 Fungi Beasts","floor":9,"turns":2},{"damage":0,"enemies":"Lagavulin","floor":12,"turns":4},{"damage":11,"enemies":"Lots of Slimes","floor":13,"turns":6},{"damage":0,"enemies":"3 Sentries","floor":15,"turns":5},{"damage":3,"enemies":"3 Louse","floor":16,"turns":6},{"damage":0,"enemies":"Gremlin Nob","floor":17,"turns":2},{"damage":12,"enemies":"Gremlin Nob","floor":18,"turns":5},{"damage":0,"enemies":"The Guardian","floor":20,"turns":5},{"damage":0,"enemies":"The Guardian","floor":23,"turns":5},{"damage":5,"enemies":"Spheric Guardian","floor":25,"turns":8},{"damage":0,"enemies":"Masked Bandits","floor":27,"turns":7},{"damage":0,"enemies":"Shell Parasite","floor":28,"turns":6},{"damage":0,"enemies":"Shelled Parasite and Fungi","floor":29,"turns":5},{"damage":7,"enemies":"theDuelist:KaibaA2","floor":32,"turns":5},{"damage":0,"enemies":"Slavers","floor":34,"turns":12},{"damage":22,"enemies":"3 Cultists","floor":36,"turns":6},{"damage":0,"enemies":"theDuelist:KaibaA2","floor":37,"turns":1},{"damage":0,"enemies":"Gremlin Leader","floor":40,"turns":2},{"damage":0,"enemies":"Centurion and Healer","floor":41,"turns":2},{"damage":0,"enemies":"Snake Plant","floor":42,"turns":1},{"damage":0,"enemies":"Shelled Parasite and Fungi","floor":43,"turns":20},{"damage":0,"enemies":"Champ","floor":45,"turns":3},{"damage":0,"enemies":"Champ","floor":48,"turns":3},{"damage":0,"enemies":"3 Shapes","floor":50,"turns":2},{"damage":0,"enemies":"Orb Walker","floor":51,"turns":1},{"damage":0,"enemies":"2 Orb Walkers","floor":53,"turns":1},{"damage":0,"enemies":"Spire Growth","floor":54,"turns":2},{"damage":0,"enemies":"Nemesis","floor":55,"turns":3},{"damage":0,"enemies":"Maw","floor":56,"turns":1},{"damage":0,"enemies":"Giant Head","floor":57,"turns":1},{"damage":0,"enemies":"Nemesis","floor":59,"turns":1},{"damage":0,"enemies":"4 Shapes","floor":61,"turns":1},{"damage":0,"enemies":"Reptomancer","floor":63,"turns":1},{"damage":0,"enemies":"hubris:GrandSnecko","floor":65,"turns":1},{"damage":0,"enemies":"Shield and Spear","floor":69,"turns":2},{"damage":0,"enemies":"The Heart","floor":70,"turns":5}],"seed_played":"-7964789060237557141","potions_obtained":[{"floor":4,"key":"Fire Potion"},{"floor":18,"key":"Dexterity Potion"},{"floor":25,"key":"theDuelist:BottledKuriboh"},{"floor":41,"key":"DistilledChaos"}],"is_trial":false,"path_per_floor":["M","M","?","M","M","E","R","E","M","T","T","E","M","R","E","M","E","?","R","B",null,"R","B",null,"M","$","?","M","M","?","R","E","?","E","T","M","E","$","R","E","M","M","M","R","B",null,"R","B",null,"M","M","$","?","M","E","M","E","T","E","?","M","?","E","R","B",null,"R","$","E","B",null],"character_chosen":"THE_DUELIST","items_purchased":["Medical Kit","HornCleat","theDuelist:SolderToken","theDuelist:NimbleSunfish","theDuelist:TributeEggRelic","Thread and Needle","theDuelist:MillenniumShield","theDuelist:GishkiBeast","Explosive Potion","theDuelist:VampireVial","Dota2Spire:HandOfMidas","Bag of Preparation","Dota2Spire:BattleFury","OrangePellets","Strawberry","Dota2Spire:Desolator"],"campfire_rested":0,"item_purchase_floors":[0,0,0,0,0,0,0,0,0,0,26,38,38,52,52,52],"current_hp_per_floor":[32,38,38,727,727,733,733,718,722,722,722,722,715,715,720,722,722,710,710,710,710,710,710,783,778,778,778,778,778,778,778,771,771,771,771,749,759,759,759,759,759,759,1290,1299,1299,1304,1313,1313,1343,1343,1343,1350,1350,1350,1350,1350,1355,1355,1355,1355,1355,1355,1355,1365,1365,1365,1365,1365,1365,1365],"gold":469,"neow_bonus":"","is_daily":false,"chose_seed":false,"campfire_upgraded":9,"win_rate":0.0,"timestamp":1613444546,"path_taken":["M","M","?","M","M","E","R","E","M","T","T","E","M","R","E","?","E","?","R","BOSS","R","BOSS","M","$","?","M","M","?","R","E","?","E","T","M","E","$","R","E","?","M","M","R","BOSS","R","BOSS","M","M","$","?","M","E","M","E","T","E","?","M","?","E","R","BOSS","R","$","E","BOSS"],"items_purchased_type":["Relic","Relic","Relic","Card","Relic","Relic","Card","Card","Potion","Potion","Relic","Relic","Relic","Relic","Relic","Relic"],"build_version":"2020-12-22","purchased_purges":6,"victory":true,"max_hp_per_floor":[88,94,94,783,783,789,789,789,793,793,793,793,797,797,802,807,807,807,807,807,807,807,807,807,807,807,807,807,807,807,807,807,807,807,807,807,817,817,817,817,817,817,1348,1348,1348,1353,1353,1353,1353,1353,1353,1360,1360,1360,1360,1360,1365,1365,1365,1365,1365,1365,1365,1365,1365,1365,1365,1365,1365,1365],"card_choices":[{"not_picked":["theDuelist:Fissure","theDuelist:GilfordLegend","theDuelist:Polymerization","theDuelist:GraydleImpact"],"picked":"theDuelist:DestructPotion","floor":1},{"not_picked":["theDuelist:HydraViper","theDuelist:GraydleSlimeJr","theDuelist:GishkiBeast","theDuelist:Dorover","theDuelist:AbyssSoldier"],"picked":"SKIP","floor":2},{"not_picked":["theDuelist:ImperialCustom","theDuelist:GraydleParasite","theDuelist:FishRain","theDuelist:FishDepthCharge","theDuelist:BubbleBringer"],"picked":"SKIP","floor":4},{"not_picked":["theDuelist:GraydleSlimeJr","theDuelist:ImperialCustom","theDuelist:BlizzardThunderbird","theDuelist:CallAtlanteans","theDuelist:FishSwaps"],"picked":"SKIP","floor":5},{"not_picked":["theDuelist:GilfordLegend","theDuelist:Ameba","theDuelist:Polymerization","theDuelist:CraniumFish"],"picked":"theDuelist:Fissure","floor":6},{"not_picked":["theDuelist:LightningVortex","theDuelist:BattleOx","theDuelist:GishkiMarker","theDuelist:HammerShot"],"picked":"theDuelist:GilfordLegend","floor":8},{"not_picked":["theDuelist:SevenColoredFish","theDuelist:GishkiBeast","theDuelist:Dorover","theDuelist:Dewdark"],"picked":"theDuelist:GishkiShadow","floor":9},{"not_picked":["theDuelist:NimbleSunfish","theDuelist:IslandTurtle","theDuelist:GishkiBeast","theDuelist:GishkiShadow"],"picked":"theDuelist:MillenniumShield","floor":12},{"not_picked":["theDuelist:SharkStickers+1","theDuelist:NimbleAngler+1","theDuelist:LegendaryOcean+1","theDuelist:ToadallyAwesome+1"],"picked":"theDuelist:Umi+1","floor":13},{"not_picked":["theDuelist:RageDeepSea","theDuelist:BlizzardThunderbird","theDuelist:Boneheimer","theDuelist:AquaSpirit","theDuelist:EvigishkiGustkraken"],"picked":"SKIP","floor":15},{"not_picked":["theDuelist:Dewdark","theDuelist:GraydleAlligator","theDuelist:GishkiAvance","theDuelist:HydraViper"],"picked":"theDuelist:CallAtlanteans","floor":16},{"not_picked":["theDuelist:WaterHazard+1","theDuelist:SharkStickers+1","theDuelist:LegendaryOcean+1"],"picked":"theDuelist:Umi+1","floor":17},{"not_picked":["theDuelist:SplashCapture","theDuelist:Monokeros","theDuelist:GishkiPsychelone","theDuelist:EvigishkiLevianima"],"picked":"theDuelist:GamecieltheSeaTurtleKaiju","floor":20},{"not_picked":["theDuelist:SeaLordAmulet+1","theDuelist:GamecieltheSeaTurtleKaiju","theDuelist:EvigishkiLevianima","theDuelist:DewlorenTigerKing"],"picked":"theDuelist:MorayGreed","floor":23},{"not_picked":["theDuelist:WaterHazard+1","theDuelist:Umi+1","theDuelist:NimbleAngler+1","theDuelist:CyberShark+1"],"picked":"SKIP","floor":25},{"not_picked":["theDuelist:MermaidKnight","theDuelist:OhFish","theDuelist:GiantTurtle","theDuelist:HydraViper","theDuelist:Submarineroid"],"picked":"SKIP","floor":28},{"not_picked":["theDuelist:TorrentialReborn+1","theDuelist:Monokeros","theDuelist:EvigishkiSoulOgre","theDuelist:EvigishkiLevianima"],"picked":"theDuelist:SeaLordAmulet+1","floor":29},{"not_picked":["theDuelist:GraydleSlimeJr","theDuelist:BlizzardThunderbird","theDuelist:EvigishkiTetrogre","theDuelist:GraydleDragon","theDuelist:CyberShark+1"],"picked":"SKIP","floor":32},{"not_picked":["theDuelist:NimbleSunfish","theDuelist:SevenColoredFish","theDuelist:RevivalJam","theDuelist:AquaSpirit","theDuelist:GishkiShadow"],"picked":"SKIP","floor":34},{"not_picked":["theDuelist:KoakiMeiruIce","theDuelist:IceHand","theDuelist:CorrodingShark+1","theDuelist:AquaSnake+1","theDuelist:SevenColoredFish+1"],"picked":"SKIP","floor":36},{"not_picked":["theDuelist:RageDeepSea+1","theDuelist:Boneheimer+1","theDuelist:SwampFrog","theDuelist:HighTideGyojin","theDuelist:GishkiAvance"],"picked":"SKIP","floor":37},{"not_picked":["theDuelist:TripodFish+1","theDuelist:DewlorenTigerKing"],"picked":"theDuelist:MorayGreed","floor":40},{"not_picked":["theDuelist:HydraViper+1","theDuelist:OhFish","theDuelist:BoulderTortoise","theDuelist:AbyssWarrior","theDuelist:AquaactressTetra"],"picked":"SKIP","floor":41},{"not_picked":["theDuelist:Fissure","theDuelist:GilfordLegend","theDuelist:DupeFrog","theDuelist:DianKeto"],"picked":"theDuelist:DestructPotion","floor":42},{"not_picked":["theDuelist:LightningVortex","theDuelist:BlizzardDefender","theDuelist:FeatherPho","theDuelist:GraydleImpact","theDuelist:ColdFeet"],"picked":"SKIP","floor":43},{"not_picked":["theDuelist:MermailAbyssalacia","theDuelist:FishborgArcher+1","theDuelist:DewlorenTigerKing","theDuelist:AtlanteanAttackSquad+1"],"picked":"theDuelist:SeaLordAmulet+1","floor":48},{"not_picked":["theDuelist:FishKicks","theDuelist:DiamondDust+1","theDuelist:ColdWave+1","theDuelist:BigWaveSmallWave+1","theDuelist:LegendaryOcean+1"],"picked":"SKIP","floor":50},{"not_picked":["theDuelist:HammerShot+1","theDuelist:ReinforcementsArmy+1","theDuelist:BlizzardDefender+1","theDuelist:FeatherPho","theDuelist:ShardGreed+1"],"picked":"SKIP","floor":51},{"not_picked":["theDuelist:BlizzardDefender+1","theDuelist:DestructPotion","theDuelist:CraniumFish+1","theDuelist:PotDichotomy+1","theDuelist:JamBreeding+1"],"picked":"SKIP","floor":54},{"not_picked":["Mayhem+1","Mind Blast+1","Swift Strike"],"picked":"Violence","floor":55},{"not_picked":["theDuelist:DepthShark+1","theDuelist:AquaSpirit+1","theDuelist:IslandTurtle","theDuelist:EvigishkiTetrogre+1","theDuelist:BigWhale+1"],"picked":"SKIP","floor":56},{"not_picked":["theDuelist:AbyssWarrior+1","theDuelist:RevivalJam+1","theDuelist:GraydleAlligator+1","theDuelist:GraydleDragon+1","theDuelist:FishborgDoctor+1"],"picked":"SKIP","floor":57},{"not_picked":["theDuelist:SplashCapture","theDuelist:GamecieltheSeaTurtleKaiju"],"picked":"theDuelist:EvigishkiSoulOgre+1","floor":59},{"not_picked":["theDuelist:KaiserSeaSnake","theDuelist:GishkiReliever+1","theDuelist:DeepSweeper","theDuelist:GishkiEmilia+1","theDuelist:TerrorkingSalmon+1"],"picked":"SKIP","floor":61},{"not_picked":["theDuelist:Boneheimer","theDuelist:AbyssWarrior","theDuelist:KoakiMeiruIce+1","theDuelist:GraydleSlime+1","theDuelist:SwampFrog"],"picked":"SKIP","floor":63},{"not_picked":["theDuelist:HighTideGyojin+1","theDuelist:BoulderTortoise+1","theDuelist:AmphibiousBugroth+1","theDuelist:WaterSpirit+1"],"picked":"theDuelist:Monokeros+1","floor":69}],"player_experience":197901,"relics_obtained":[{"floor":6,"key":"Dota2Spire:DivineRapier"},{"floor":8,"key":"Frozen Egg 2"},{"floor":10,"key":"hubris:SphereOfDissonance"},{"floor":11,"key":"Dota2Spire:PowerTreads"},{"floor":12,"key":"Matryoshka"},{"floor":15,"key":"Akabeko"},{"floor":17,"key":"Anchor"},{"floor":18,"key":"Tough Bandages"},{"floor":18,"key":"TungstenRod"},{"floor":18,"key":"Torii"},{"floor":27,"key":"Red Mask"},{"floor":32,"key":"Happy Flower"},{"floor":32,"key":"Dota2Spire:CrimsonGuard"},{"floor":34,"key":"Kunai"},{"floor":34,"key":"War Paint"},{"floor":35,"key":"hubris:Reverence"},{"floor":36,"key":"wanderingMiniBosses:OtherGremlinHorn"},{"floor":37,"key":"Pear"},{"floor":40,"key":"hubris:Metronome"},{"floor":40,"key":"Eternal Feather"},{"floor":53,"key":"Incense Burner"},{"floor":55,"key":"Nunchaku"},{"floor":57,"key":"theDuelist:CoralToken"},{"floor":57,"key":"Dota2Spire:EyeOfSkadi"},{"floor":58,"key":"Boot"},{"floor":58,"key":"hubris:GlazedTorus"},{"floor":59,"key":"hubris:TenFootPole"},{"floor":59,"key":"theDuelist:FlowToken"},{"floor":63,"key":"Dota2Spire:OrchidMalevolence"},{"floor":63,"key":"Dota2Spire:ShivaGuard"},{"floor":69,"key":"theDuelist:BoosterPackTrapEgg"},{"floor":69,"key":"FossilizedHelix"}],"event_choices":[{"damage_healed":0,"gold_gain":0,"player_choice":"Leave","duelist":true,"damage_taken":0,"max_hp_gain":0,"max_hp_loss":0,"event_name":"Visit from Anubis","floor":3,"gold_loss":0},{"damage_healed":0,"gold_gain":0,"player_choice":"Fight","duelist":true,"damage_taken":0,"max_hp_gain":0,"max_hp_loss":0,"event_name":"Battle City","floor":18,"gold_loss":0},{"damage_healed":0,"gold_gain":0,"player_choice":"Fought Bandits","damage_taken":0,"max_hp_gain":0,"max_hp_loss":0,"event_name":"Masked Bandits","floor":27,"gold_loss":0},{"damage_healed":0,"gold_gain":0,"player_choice":"Simplicity","damage_taken":0,"max_hp_gain":0,"max_hp_loss":0,"event_name":"Back to Basics","floor":30,"gold_loss":0,"cards_upgraded":[]},{"damage_healed":0,"gold_gain":0,"player_choice":"Trade","damage_taken":0,"relics_obtained":["SsserpentHead"],"max_hp_gain":0,"max_hp_loss":0,"event_name":"FaceTrader","floor":33,"gold_loss":0},{"damage_healed":0,"gold_gain":0,"player_choice":"Fight","damage_taken":0,"max_hp_gain":0,"max_hp_loss":0,"event_name":"Mysterious Sphere","floor":53,"gold_loss":0},{"total_magic_score":83,"gold_gain":0,"duelist":true,"damage_taken":0,"relics_obtained":[],"points":2,"max_hp_gain":0,"max_hp_loss":0,"spent_points":{"magic":0,"greed":0,"war":0,"power":0,"hunger":0},"event_name":"Nameless Tomb","floor":60,"gold_loss":0,"cards_obtained":[]},{"damage_healed":0,"gold_gain":0,"player_choice":"Memory 1","damage_taken":0,"max_hp_gain":0,"max_hp_loss":0,"event_name":"SensoryStone","floor":62,"gold_loss":0}],"is_beta":false,"boss_relics":[{"not_picked":["Inserter","Cursed Key"],"picked":"Black Star"},{"not_picked":["hubris:Stopwatch","SacredBark"],"picked":"HoveringKite"},{"not_picked":["theDuelist:HauntedRelic","hubris:GrandSneckoEye"],"picked":"Tiny House"},{"not_picked":["hubris:CrackedHourglass","Runic Dome"],"picked":"hubris:Backtick"}],"items_purged_floors":[0,0,0,26,38,68],"is_endless":false,"potions_floor_spawned":[4,8,9,12,16,18,25,29,32,36,41,43,48,54,55,57,59,63,69],"ascension_level":6}}