{"host":"6vtgmkkqqeew181q","time":1613464782,"event":{"mods":["100% Spire Juice","BaseMod","BetterRewards","Downfall","Faster Ascension Climbing","Highlight Path","Minty Spire (QoL Compilation)","Reliquary","StSLib","The Jungle"],"gold_per_floor":[115,131,206,226,236,236,252,252,252,252,283,88,88,114,114,214,214,226,243,57,75,75,75,101,101,101,111,142,142,152,32,32,130,130,141,141,21,38,38,38,57,87,87,87,120,120,120,139,139,139],"floor_reached":51,"language":"ENG","playtime":3496,"items_purged":["Moonworks:Strike"],"score":1567,"play_id":"e02a38ce-382a-414f-ada2-8c978f748a68","local_time":"20210216003942","is_ascension_mode":true,"campfire_choices":[{"data":"Moonworks:SubspaceTunnel","floor":6,"key":"SMITH"},{"floor":8,"key":"REST"},{"data":"Moonworks:DevilHand","floor":15,"key":"SMITH"},{"data":"Moonworks:MeltingMemories","floor":23,"key":"SMITH"},{"data":"Moonworks:ShieldCounter","floor":29,"key":"SMITH"},{"data":"Moonworks:Heat300Percent","floor":32,"key":"SMITH"},{"data":"Moonworks:Ambush","floor":40,"key":"SMITH"},{"data":"Moonworks:ExtendedPhotonRifle","floor":47,"key":"SMITH"},{"data":"Moonworks:BindingChains","floor":49,"key":"SMITH"}],"circlet_count":0,"master_deck":["AscendersBane","Moonworks:Strike","Moonworks:Strike","Moonworks:Strike","Moonworks:Defend+1","Moonworks:Defend","Moonworks:Defend+1","Moonworks:Defend+1","Moonworks:Ambush+1","Moonworks:LongDistanceShot+1","Moonworks:BigBangBell","Moonworks:EvilSpyWorkPreparation","Moonworks:JonathanRush","Moonworks:DevilHand+1","Moonworks:SubspaceTunnel+1","Moonworks:MiracleRedBeanIceCream","Moonworks:StarBlastingFuse","Moonworks:MeltingMemories+1","Moonworks:AngelHand","Moonworks:TreasureThief+1","Moonworks:NicePresent","Moonworks:RedAndBlue+1","Moonworks:NicePresent+1","Moonworks:ShieldCounter+1","Moonworks:Heat300Percent+1","Moonworks:EvilMastermind+1","Moonworks:MiracleWalker+1","Moonworks:BigMagnum+1","Moonworks:BigMagnum+1","Moonworks:ExtendedPhotonRifle+1","Moonworks:BindingChains+1"],"relics":["Moonworks:BrokenBomb","Moonworks:Homemark","reliquary:SharkskinSheath","Lizard Tail","InkBottle","Blood Vial","champ:DuelingGlove","Coffee Dripper","champ:Barbells","bronze:BronzeIdol","bronze:DecasWashers","FossilizedHelix","sneckomod:SneckoTalon","Centennial Puzzle","hexamod:BolsterEngine","reliquary:Firecrackers","reliquary:WeakTea"],"acts_visited":["Exordium","Exordium","TheBeyond"],"potions_floor_usage":[4,5,11,14,16,16,19,33,45],"damage_taken":[{"damage":1,"enemies":"2 Louse","floor":1,"turns":4},{"damage":6,"enemies":"Cultist","floor":2,"turns":4},{"damage":2,"enemies":"Small Slimes","floor":4,"turns":3},{"damage":13,"enemies":"Exordium Thugs","floor":5,"turns":4},{"damage":9,"enemies":"Red Slaver","floor":7,"turns":3},{"damage":10,"enemies":"3 Sentries","floor":11,"turns":4},{"damage":28,"enemies":"Lagavulin","floor":14,"turns":5},{"damage":9,"enemies":"The Guardian","floor":16,"turns":6},{"damage":12,"enemies":"theJungle:GiantWrat","floor":18,"turns":4},{"damage":19,"enemies":"theJungle:5_Spyders","floor":19,"turns":5},{"damage":34,"enemies":"theJungle:Lyon","floor":21,"turns":4},{"damage":0,"enemies":"theJungle:2_Phrogs","floor":24,"turns":7},{"damage":4,"enemies":"theJungle:Snecko_Cultist_And_Trap","floor":27,"turns":3},{"damage":16,"enemies":"theJungle:Cassacara","floor":28,"turns":3},{"damage":0,"enemies":"Snake Plant","floor":30,"turns":3},{"damage":13,"enemies":"theJungle:FunGuy","floor":33,"turns":2},{"damage":0,"enemies":"3 Darklings","floor":35,"turns":2},{"damage":0,"enemies":"Orb Walker","floor":38,"turns":2},{"damage":0,"enemies":"3 Darklings","floor":41,"turns":2},{"damage":6,"enemies":"Giant Head","floor":42,"turns":4},{"damage":14,"enemies":"Reptomancer","floor":45,"turns":4},{"damage":0,"enemies":"Sphere and 2 Shapes","floor":48,"turns":1},{"damage":10,"enemies":"Donu and Deca","floor":50,"turns":4}],"seed_played":"6971214687305507398","potions_obtained":[{"floor":1,"key":"Swift Potion"},{"floor":2,"key":"Fire Potion"},{"floor":7,"key":"GamblersBrew"},{"floor":13,"key":"BlessingOfTheForge"},{"floor":13,"key":"Swift Potion"},{"floor":13,"key":"SneckoOil"},{"floor":18,"key":"AttackPotion"},{"floor":24,"key":"bronze:BurnAndBuffPotion"},{"floor":27,"key":"FairyPotion"},{"floor":30,"key":"Moonworks:OneHundredPercentOrangeJuicePotion"},{"floor":38,"key":"Block Potion"},{"floor":41,"key":"Slimebound:ThreeZeroPotion"},{"floor":45,"key":"LiquidBronze"}],"is_trial":false,"path_per_floor":["M","M","?","M","M","R","M","R","T","?","E","$","?","E","R","B",null,"M","M","$","M","?","R","E","?","T","M","E","R","M","$","R","B",null,"M","$","?","M","?","R","M","E","T","$","E","$","R","M","R","B",null],"character_chosen":"THE_STARBREAKER","items_purchased":["reliquary:SharkskinSheath","Moonworks:BigBangBell","champ:Barbells","Moonworks:TreasureThief"],"campfire_rested":1,"item_purchase_floors":[0,0,20,20],"current_hp_per_floor":[53,47,36,34,21,21,12,30,30,50,45,45,45,24,24,22,51,46,40,40,23,31,31,56,56,56,56,47,47,54,54,54,48,57,59,59,59,60,60,60,60,54,54,54,46,46,46,48,48,45],"gold":139,"neow_bonus":"","is_daily":false,"chose_seed":false,"campfire_upgraded":8,"win_rate":0.0,"timestamp":1613464782,"path_taken":["M","M","?","M","M","R","M","R","T","?","E","$","?","E","R","BOSS","M","M","$","?","?","R","E","?","T","M","E","R","?","?","R","BOSS","M","$","?","?","?","R","?","E","T","$","E","$","R","M","R","BOSS"],"items_purchased_type":["Relic","Card","Relic","Card"],"build_version":"2020-12-22","purchased_purges":1,"victory":true,"max_hp_per_floor":[60,60,60,60,60,60,60,60,60,60,60,60,60,60,60,60,60,60,60,60,60,60,60,60,60,60,60,60,60,60,60,60,60,60,60,60,60,60,60,60,60,60,60,60,60,60,60,60,60,60],"card_choices":[{"not_picked":["Moonworks:DeployBits","Moonworks:ExtendedPhotonRifle"],"picked":"Moonworks:EvilSpyWorkPreparation","floor":1},{"not_picked":["Moonworks:BigMagnum","Moonworks:SakisCookie"],"picked":"Moonworks:JonathanRush","floor":2},{"not_picked":["Moonworks:SakisCookie","Moonworks:ImOnFire"],"picked":"Moonworks:DevilHand","floor":4},{"not_picked":["Moonworks:Assault","Moonworks:JonathanRush"],"picked":"Moonworks:SubspaceTunnel","floor":5},{"not_picked":["Moonworks:CloudOfSeagulls","Moonworks:JonathanRush"],"picked":"Moonworks:MiracleRedBeanIceCream","floor":7},{"not_picked":["Moonworks:JonathanRush","Moonworks:DevilHand"],"picked":"Moonworks:StarBlastingFuse","floor":11},{"not_picked":["Moonworks:JonathanRush","Moonworks:CloudOfSeagulls","Moonworks:DeployBits"],"picked":"SKIP","floor":14},{"not_picked":["Moonworks:OutOfAmmo","Moonworks:CrystalBarrier"],"picked":"Moonworks:MeltingMemories","floor":16},{"not_picked":["Moonworks:LulusLuckyEgg","Moonworks:Dinner","Moonworks:CloudOfSeagulls"],"picked":"SKIP","floor":18},{"not_picked":["Moonworks:LulusLuckyEgg","Moonworks:Dinner","Moonworks:CloudOfSeagulls"],"picked":"SKIP","floor":18},{"not_picked":["Moonworks:JonathanRush","Moonworks:EvilSpyWorkPreparation"],"picked":"Moonworks:AngelHand","floor":19},{"not_picked":["Moonworks:BigBangBell","Moonworks:RagingMadness"],"picked":"Moonworks:NicePresent","floor":21},{"not_picked":["Moonworks:ForcedRevival+1","Moonworks:Bloodlust"],"picked":"Moonworks:RedAndBlue+1","floor":24},{"not_picked":["Moonworks:LulusLuckyEgg","Moonworks:DeployBits+1"],"picked":"Moonworks:NicePresent+1","floor":27},{"not_picked":["Moonworks:TacticalRetreat","Moonworks:Dash"],"picked":"Moonworks:ShieldCounter","floor":28},{"not_picked":["Moonworks:EvilSpyWorkPreparation","Moonworks:CloudOfSeagulls"],"picked":"Moonworks:Heat300Percent","floor":30},{"not_picked":["Moonworks:OutOfAmmo","Moonworks:Accelerator"],"picked":"Moonworks:EvilMastermind","floor":33},{"not_picked":["Moonworks:SakisCookie","Moonworks:CookingTime"],"picked":"Moonworks:MiracleWalker+1","floor":35},{"not_picked":["Moonworks:EvilSpyWorkPreparation+1","Moonworks:LuckyCharm"],"picked":"Moonworks:BigMagnum","floor":38},{"not_picked":["Moonworks:LulusLuckyEgg","Moonworks:NicePresent"],"picked":"Moonworks:BigMagnum+1","floor":41},{"not_picked":["Moonworks:Assault","Moonworks:IndiscriminateFireSupport"],"picked":"Moonworks:ExtendedPhotonRifle","floor":42},{"not_picked":["Moonworks:DevilHand","Moonworks:DeployBits","Moonworks:Dinner+1"],"picked":"SKIP","floor":45},{"not_picked":["Moonworks:LulusLuckyEgg","Moonworks:CloudOfSeagulls+1"],"picked":"Moonworks:BindingChains","floor":48}],"player_experience":647021,"relics_obtained":[{"floor":9,"key":"InkBottle"},{"floor":11,"key":"Blood Vial"},{"floor":14,"key":"champ:DuelingGlove"},{"floor":24,"key":"bronze:BronzeIdol"},{"floor":26,"key":"bronze:DecasWashers"},{"floor":28,"key":"FossilizedHelix"},{"floor":42,"key":"hexamod:BolsterEngine"},{"floor":43,"key":"reliquary:Firecrackers"},{"floor":45,"key":"reliquary:WeakTea"}],"event_choices":[{"damage_healed":0,"gold_gain":75,"player_choice":"Gather Gold","damage_taken":11,"max_hp_gain":0,"max_hp_loss":0,"event_name":"World of Goop","floor":3,"gold_loss":0},{"damage_healed":20,"gold_gain":0,"player_choice":"Banana","damage_taken":0,"max_hp_gain":0,"max_hp_loss":0,"event_name":"Big Fish","floor":10,"gold_loss":0},{"damage_healed":0,"gold_gain":0,"player_choice":"Got Potions","damage_taken":0,"max_hp_gain":0,"max_hp_loss":0,"event_name":"Lab","floor":13,"gold_loss":0},{"damage_healed":0,"gold_gain":0,"player_choice":"Forge","damage_taken":0,"max_hp_gain":0,"max_hp_loss":0,"event_name":"Accursed Blacksmith","floor":25,"gold_loss":0,"cards_upgraded":["Moonworks:TreasureThief"]},{"damage_healed":0,"gold_gain":0,"player_choice":"Ignored","damage_taken":0,"max_hp_gain":0,"max_hp_loss":0,"event_name":"NoteForYourself","floor":37,"gold_loss":0},{"damage_healed":0,"gold_gain":0,"player_choice":"Gave Potion","damage_taken":0,"relics_obtained":["Centennial Puzzle"],"max_hp_gain":0,"max_hp_loss":0,"event_name":"WeMeetAgain","floor":39,"gold_loss":0}],"is_beta":false,"boss_relics":[{"not_picked":["Ectoplasm","SacredBark"],"picked":"Coffee Dripper"},{"not_picked":["Runic Dome","reliquary:KinkedSpring"],"picked":"sneckomod:SneckoTalon"}],"items_purged_floors":[12],"is_endless":false,"potions_floor_spawned":[1,2,7,18,24,27,30,38,41,45],"ascension_level":10}}