{"host":"g7sxcfouz24f0psv","time":1613501195,"event":{"mods":["Aspiration","BaseMod","Colored Powertips","Hermit","Highlight Path","Minty Spire (QoL Compilation)","Replay The Spire","StSLib","The Cursed","The Hierophant"],"gold_per_floor":[111,111,126,150,168,168,198,217,243,264,264,279,302,318,318,437,437,437,437],"floor_reached":18,"language":"ENG","playtime":1661,"items_purged":[],"score":158,"play_id":"19399d66-449f-446b-838e-47d715a869bf","local_time":"20210216194635","is_ascension_mode":false,"campfire_choices":[{"data":"hermit:TakeAim","floor":6,"key":"SMITH"},{"data":"hermit:Dive","floor":11,"key":"SMITH"},{"data":"hermit:Maintenance","floor":15,"key":"SMITH"}],"circlet_count":0,"master_deck":["hermit:Strike_Hermit","hermit:Strike_Hermit","hermit:Defend_Hermit","hermit:Defend_Hermit","hermit:Defend_Hermit","hermit:Defend_Hermit","hermit:Snapshot","hermit:Covet","hermit:GhostlyPresence","hermit:LowProfile","hermit:TakeAim+1","hermit:WideOpen","hermit:TrackingShot","hermit:Dive+1","hermit:Dive","hermit:Snipe","hermit:Maintenance+1","hermit:Roughhouse"],"relics":["hermit:Momento","Golden Idol","Odd Mushroom","Ancient Tea Set","Replay:Drink Me"],"acts_visited":["Exordium","TheCity"],"potions_floor_usage":[7,13,16,16],"damage_taken":[{"damage":1,"enemies":"2 Louse","floor":1,"turns":3},{"damage":1,"enemies":"Jaw Worm","floor":3,"turns":3},{"damage":0,"enemies":"Cultist","floor":4,"turns":4},{"damage":3,"enemies":"2 Fungi Beasts","floor":5,"turns":5},{"damage":15,"enemies":"The Mushroom Lair","floor":7,"turns":6},{"damage":7,"enemies":"Large Slime","floor":8,"turns":6},{"damage":2,"enemies":"Blue Slaver","floor":10,"turns":5},{"damage":0,"enemies":"Looter","floor":12,"turns":3},{"damage":14,"enemies":"Lots of Slimes","floor":13,"turns":6},{"damage":6,"enemies":"3 Louse","floor":14,"turns":4},{"damage":50,"enemies":"Fading Forest","floor":16,"turns":11},{"damage":5,"enemies":"Chosen","floor":18,"turns":5}],"seed_played":"-8382663286644170777","potions_obtained":[{"floor":1,"key":"SteroidPotion"},{"floor":4,"key":"hermit:Tonic"},{"floor":7,"key":"SkillPotion"},{"floor":10,"key":"SkillPotion"},{"floor":12,"key":"Regen Potion"}],"is_trial":false,"path_per_floor":["M","?","M","M","M","R","?","M","T","M","R","M","M","M","R","B",null,"M"],"character_chosen":"HERMIT","items_purchased":[],"campfire_rested":0,"item_purchase_floors":[],"current_hp_per_floor":[81,81,80,80,77,77,62,55,55,53,53,53,54,48,48,8,62,57,57],"gold":437,"neow_bonus":"TEN_PERCENT_HP_BONUS","is_daily":false,"chose_seed":false,"campfire_upgraded":3,"win_rate":0.0,"timestamp":1613501195,"path_taken":["M","?","M","M","M","R","?","M","T","M","R","?","M","M","R","BOSS","M"],"items_purchased_type":[],"build_version":"2020-12-22","purchased_purges":0,"victory":false,"max_hp_per_floor":[82,82,82,82,82,82,82,82,82,82,82,82,82,82,82,82,62,62,62],"card_choices":[{"not_picked":["hermit:Deadeye","hermit:Misfire"],"picked":"hermit:GhostlyPresence","floor":1},{"not_picked":["hermit:Grudge","hermit:Misfire","hermit:NoHoldsBarred"],"picked":"SKIP","floor":3},{"not_picked":["hermit:Grudge","hermit:Brawl"],"picked":"hermit:LowProfile","floor":4},{"not_picked":["hermit:Desperado","hermit:BodyArmor"],"picked":"hermit:TakeAim","floor":5},{"not_picked":["hermit:Misfire","hermit:Roughhouse"],"picked":"hermit:WideOpen","floor":7},{"not_picked":["hermit:Snipe","hermit:TakeCover"],"picked":"hermit:TrackingShot","floor":8},{"not_picked":["hermit:SprayPray","hermit:Glare"],"picked":"hermit:Dive","floor":10},{"not_picked":["hermit:LuckOfTheDraw","hermit:Midnight"],"picked":"hermit:Dive","floor":12},{"not_picked":["hermit:Spite","hermit:Glare"],"picked":"hermit:Snipe","floor":13},{"not_picked":["hermit:SprayPray","hermit:FullyLoaded"],"picked":"hermit:Maintenance","floor":14},{"not_picked":["hermit:FatalDesire","hermit:Gambit"],"picked":"hermit:Roughhouse","floor":16}],"player_experience":69621,"relics_obtained":[{"floor":7,"key":"Odd Mushroom"},{"floor":9,"key":"Ancient Tea Set"}],"event_choices":[{"damage_healed":0,"gold_gain":0,"player_choice":"Take Wound","damage_taken":0,"relics_obtained":["Golden Idol"],"max_hp_gain":0,"max_hp_loss":0,"event_name":"Golden Idol","floor":2,"gold_loss":0,"cards_obtained":["Injury"]},{"damage_healed":0,"gold_gain":0,"player_choice":"Fought Mushrooms","damage_taken":0,"max_hp_gain":0,"max_hp_loss":0,"event_name":"Mushrooms","floor":7,"gold_loss":0}],"is_beta":false,"boss_relics":[{"not_picked":["SlaversCollar","aspiration:SilentSkillbook"],"picked":"Replay:Drink Me"}],"items_purged_floors":[],"is_endless":false,"potions_floor_spawned":[1,4,7,10,12],"killed_by":"Chosen","ascension_level":0}}