{"host":"yn1175etg9ni8l0q","time":1613486998,"event":{"mods":["AchievementEnabler","BaseMod","Colored Map","Colored Powertips","DeckTracker","Minty Spire (QoL Compilation)","Rare Cards Sparkle","Relic Stats","SuperFastMode","everything is the same but u backflip on backflip"],"gold_per_floor":[109,109,37,52,62,62,8,8,89,89,106,119,119,119,119,119,119],"floor_reached":16,"language":"KOR","playtime":285,"items_purged":[],"score":153,"play_id":"8e8d53c0-9ab7-4726-8a0d-1c914e0cfe06","local_time":"20210216234958","is_ascension_mode":true,"campfire_choices":[{"data":"Wild Strike","floor":6,"key":"SMITH"},{"data":"Evolve","floor":8,"key":"SMITH"},{"data":"Pommel Strike","floor":10,"key":"SMITH"},{"data":"Second Wind","floor":13,"key":"SMITH"},{"floor":15,"key":"RECALL"}],"circlet_count":0,"master_deck":["AscendersBane","Strike_R","Strike_R","Strike_R","Strike_R","Strike_R","Defend_R","Defend_R","Defend_R","Defend_R","Bash+1","Purity","Wild Strike+1","Second Wind+1","Pommel Strike+1","Evolve+1"],"relics":["Burning Blood","MealTicket","Pear"],"acts_visited":["Exordium"],"potions_floor_usage":[2,16],"damage_taken":[{"damage":10,"enemies":"Small Slimes","floor":1,"turns":4},{"damage":0,"enemies":"Cultist","floor":4,"turns":3},{"damage":8,"enemies":"Jaw Worm","floor":5,"turns":4},{"damage":21,"enemies":"Lots of Slimes","floor":11,"turns":5},{"damage":10,"enemies":"2 Fungi Beasts","floor":12,"turns":3},{"damage":64,"enemies":"Hexaghost","floor":16,"turns":11}],"seed_played":"5061219013238101495","potions_obtained":[{"floor":2,"key":"Energy Potion"},{"floor":2,"key":"BloodPotion"},{"floor":2,"key":"Strength Potion"}],"is_trial":false,"path_per_floor":["M","?","$","M","M","R","?","R","T","R","M","M","R","?","R","B"],"character_chosen":"IRONCLAD","items_purchased":["Second Wind"],"campfire_rested":0,"item_purchase_floors":[3],"current_hp_per_floor":[64,75,75,75,73,73,73,73,83,83,68,64,64,64,64,0,0],"gold":119,"neow_bonus":"RANDOM_COLORLESS","is_daily":false,"chose_seed":false,"campfire_upgraded":4,"win_rate":0.0,"timestamp":1613486998,"path_taken":["M","?","?","M","?","R","?","R","T","R","M","?","R","?","R","BOSS"],"items_purchased_type":["Card"],"build_version":"2020-12-22","purchased_purges":0,"victory":false,"max_hp_per_floor":[75,75,75,75,75,75,75,75,85,85,85,85,85,85,85,85,85],"relic_stats":{"counters":[6,30],"MealTicket":0,"obtain_stats":[{"Pear":9,"MealTicket":7,"Burning Blood":0},{"Pear":3,"MealTicket":3,"Burning Blood":0},{"Pear":11,"MealTicket":11,"Burning Blood":0}],"Burning Blood":24},"card_choices":[{"not_picked":["Finesse","Enlightenment"],"picked":"Purity","floor":0},{"not_picked":["Ghostly Armor","Anger"],"picked":"Wild Strike","floor":1},{"not_picked":["Metallicize","Perfected Strike"],"picked":"Pommel Strike","floor":4},{"not_picked":["Flame Barrier","Havoc"],"picked":"Evolve","floor":5},{"not_picked":["Dropkick","Sword Boomerang","Intimidate"],"picked":"SKIP","floor":11},{"not_picked":["Pommel Strike","Heavy Blade","Armaments"],"picked":"SKIP","floor":12}],"player_experience":388409,"relics_obtained":[{"floor":9,"key":"Pear"}],"event_choices":[{"damage_healed":0,"gold_gain":0,"player_choice":"Got Potions","damage_taken":0,"max_hp_gain":0,"max_hp_loss":0,"event_name":"Lab","floor":2,"gold_loss":0},{"damage_healed":0,"gold_gain":0,"player_choice":"Paid Gold","damage_taken":0,"relics_obtained":["MealTicket"],"max_hp_gain":0,"max_hp_loss":0,"event_name":"WeMeetAgain","floor":7,"gold_loss":54},{"damage_healed":0,"gold_gain":0,"player_choice":"Upgraded","damage_taken":0,"max_hp_gain":0,"max_hp_loss":0,"event_name":"Upgrade Shrine","floor":14,"gold_loss":0,"cards_upgraded":["Bash"]}],"is_beta":false,"boss_relics":[],"items_purged_floors":[],"is_endless":false,"potions_floor_spawned":[12],"killed_by":"Hexaghost","ascension_level":14}}