{"host":"xkmvu47k9fdstweo","time":1613503769,"event":{"mods":["BaseMod","Colored Map","Conspire","Hubris","Minty Spire (QoL Compilation)","Quick Restart","Shop Mod","StSLib"],"gold_per_floor":[110,123,123,198,209,209,236,236,236,113,113,143,163,163,163,260,260,270,270,29,45,63,63,96,96,122,152,167,167,167,167,167,264,314,328,57,75,92,107,107,137,148,148,167,194,194,223,243,243,243],"floor_reached":51,"language":"ENG","playtime":1596,"items_purged":[],"score":1394,"play_id":"ddf9d10b-4eca-4f6d-8b28-5e0b4f279aeb","local_time":"20210216142929","is_ascension_mode":true,"campfire_choices":[{"data":"Storm of Steel","floor":6.0,"key":"SMITH"},{"data":"Accuracy","floor":8.0,"key":"SMITH"},{"floor":15.0,"key":"REST"},{"floor":23.0,"key":"REST"},{"data":"After Image","floor":25.0,"key":"SMITH"},{"data":"Wraith Form v2","floor":30.0,"key":"SMITH"},{"floor":32.0,"key":"REST"},{"data":"Accuracy","floor":40,"key":"SMITH"},{"data":"Adrenaline","floor":46,"key":"SMITH"},{"floor":49,"key":"REST"}],"circlet_count":0,"master_deck":["AscendersBane","Strike_G","Strike_G+1","Strike_G","Strike_G","Strike_G","Defend_G","Defend_G","Defend_G","Defend_G","Defend_G","Survivor","Neutralize","Storm of Steel+1","Cloak And Dagger","Accuracy+1","Deflect","Accuracy+1","Blade Dance","Wraith Form v2+1","Crippling Poison","After Image+1","Blade Dance+1","Terror+1","Leg Sweep","Adrenaline+1","Backflip","conspire:DoublingDagger+1","Wraith Form v2","Dodge and Roll","Cloak And Dagger+1","Storm of Steel+1","Acrobatics","Footwork","Cloak And Dagger+1","Blade Dance","Dodge and Roll+1","Burst","Reflex+1","Die Die Die","Parasite"],"relics":["Ring of the Snake","Blue Candle","Shuriken","hubris:BottledRain","Vajra","Runic Pyramid","Pantograph","Darkstone Periapt","Toy Ornithopter","Boot","Gremlin Horn","Tiny House","DollysMirror","Nunchaku","Toxic Egg 2","hubris:SlimyHat","Pear"],"acts_visited":["Exordium","TheCity","TheBeyond"],"potions_floor_usage":[42,50],"damage_taken":[{"damage":0.0,"enemies":"Small Slimes","floor":1.0,"turns":3.0},{"damage":0.0,"enemies":"2 Louse","floor":2.0,"turns":2.0},{"damage":0.0,"enemies":"Jaw Worm","floor":5.0,"turns":6.0},{"damage":0.0,"enemies":"3 Sentries","floor":7.0,"turns":4.0},{"damage":22.0,"enemies":"Gremlin Nob","floor":12.0,"turns":4.0},{"damage":5.0,"enemies":"Gremlin Gang","floor":13.0,"turns":5.0},{"damage":19.0,"enemies":"Slime Boss","floor":16.0,"turns":8.0},{"damage":38.0,"enemies":"2 Thieves","floor":18.0,"turns":5.0},{"damage":0.0,"enemies":"Spheric Guardian","floor":21.0,"turns":2.0},{"damage":0.0,"enemies":"Snecko","floor":22.0,"turns":3.0},{"damage":2.0,"enemies":"Gremlin Leader","floor":24.0,"turns":5.0},{"damage":19.0,"enemies":"Slavers","floor":27.0,"turns":5.0},{"damage":0.0,"enemies":"Snake Plant","floor":28.0,"turns":1.0},{"damage":0.0,"enemies":"Collector","floor":33.0,"turns":7.0},{"damage":2.0,"enemies":"Orb Walker","floor":35.0,"turns":2.0},{"damage":0.0,"enemies":"3 Shapes","floor":37.0,"turns":5.0},{"damage":13,"enemies":"Writhing Mass","floor":38,"turns":8},{"damage":1,"enemies":"Maw","floor":39,"turns":7},{"damage":0,"enemies":"Giant Head","floor":41,"turns":5},{"damage":18,"enemies":"Transient","floor":42,"turns":5},{"damage":6,"enemies":"Sphere and 2 Shapes","floor":44,"turns":4},{"damage":2,"enemies":"Reptomancer","floor":45,"turns":4},{"damage":6,"enemies":"Nemesis","floor":47,"turns":5},{"damage":0,"enemies":"Writhing Mass","floor":48,"turns":6},{"damage":19,"enemies":"hubris:GrandSnecko","floor":50,"turns":9}],"seed_played":"-2147624353867049011","potions_obtained":[{"floor":2.0,"key":"Swift Potion"},{"floor":5.0,"key":"LiquidBronze"},{"floor":16.0,"key":"Explosive Potion"},{"floor":22.0,"key":"Dexterity Potion"},{"floor":28.0,"key":"conspire:TimeTravelPotion"},{"floor":33.0,"key":"DistilledChaos"},{"floor":38,"key":"PowerPotion"},{"floor":45,"key":"Fire Potion"}],"is_trial":false,"path_per_floor":["M","M","?","?","M","R","E","R","T","$","?","E","M","?","R","B",null,"M","?","$","M","M","R","E","R","T","E","M","?","R","T","R","B",null,"M","$","M","M","M","R","E","M","T","M","E","R","E","M","R","B",null],"character_chosen":"THE_SILENT","items_purchased":["Accuracy","Blade Dance","Pantograph","DollysMirror","Acrobatics","Footwork"],"campfire_rested":4,"item_purchase_floors":[10,10,20,36,36,36],"current_hp_per_floor":[63,63,63,52,52,52,52,52,52,52,52,30,25,25,46,27,59,21,15,15,15,15,36,34,34,34,15,15,15,15,15,36,61,73,71,71,71,58,57,57,57,44,44,38,36,36,40,46,73,77],"gold":243,"neow_bonus":"ONE_RANDOM_RARE_CARD","is_daily":false,"chose_seed":false,"campfire_upgraded":6,"win_rate":0.0,"timestamp":1613503769,"path_taken":["M","M","?","?","M","R","E","R","T","$","?","E","M","?","R","BOSS","M","?","$","?","M","R","E","R","T","E","M","?","R","?","R","BOSS","M","$","M","M","M","R","E","M","T","M","E","R","E","M","R","BOSS"],"items_purchased_type":["Card","Card","Relic","Relic","Card","Card"],"build_version":"2020-12-22","purchased_purges":0,"victory":true,"max_hp_per_floor":[70,70,70,70,70,70,70,70,70,70,70,70,70,70,70,70,70,70,70,70,70,70,70,70,70,70,70,70,70,70,70,70,70,75,75,75,75,75,75,75,75,75,75,75,75,75,85,91,91,91],"card_choices":[{"not_picked":["Dagger Throw","Poisoned Stab"],"picked":"Cloak And Dagger","floor":1.0},{"not_picked":["Slice","hubris:Sniper"],"picked":"Accuracy","floor":2.0},{"not_picked":["Skewer","Outmaneuver","Flying Knee"],"picked":"SKIP","floor":5.0},{"not_picked":["Dagger Spray","Caltrops"],"picked":"Deflect","floor":7.0},{"not_picked":["Bouncing Flask","Dagger Spray"],"picked":"Wraith Form v2","floor":12.0},{"not_picked":["Bane","Slice"],"picked":"Crippling Poison","floor":13.0},{"not_picked":["Venomology","Grand Finale"],"picked":"After Image","floor":16.0},{"not_picked":["Poisoned Stab+1","Deadly Poison"],"picked":"Blade Dance+1","floor":18.0},{"not_picked":["Footwork+1","Backstab+1"],"picked":"Terror+1","floor":21.0},{"not_picked":["conspire:PoisonWeapons","Quick Slash"],"picked":"Leg Sweep","floor":22.0},{"not_picked":["Dash","hubris:SlightOfHand"],"picked":"Adrenaline","floor":24.0},{"not_picked":["Cloak And Dagger","Riddle With Holes"],"picked":"Backflip","floor":27.0},{"not_picked":["Dagger Spray","Backflip"],"picked":"conspire:DoublingDagger+1","floor":28.0},{"not_picked":["Doppelganger","Bullet Time"],"picked":"Wraith Form v2","floor":33.0},{"not_picked":["hubris:SlightOfHand","Dagger Spray"],"picked":"Dodge and Roll","floor":34.0},{"not_picked":["hubris:SlightOfHand+1","conspire:PoisonWeapons"],"picked":"Cloak And Dagger+1","floor":35.0},{"not_picked":["Acrobatics","Prepared+1"],"picked":"Cloak And Dagger+1","floor":37.0},{"not_picked":["Quick Slash","Well Laid Plans+1"],"picked":"Blade Dance","floor":38},{"not_picked":["Tactician","Sucker Punch+1"],"picked":"Dodge and Roll+1","floor":39},{"not_picked":["Grand Finale","Slice"],"picked":"Burst","floor":41},{"not_picked":["Dagger Spray+1","Distraction","Expertise+1"],"picked":"SKIP","floor":42},{"not_picked":["Slice","Sucker Punch+1"],"picked":"Reflex+1","floor":44},{"not_picked":["Predator","Underhanded Strike"],"picked":"Die Die Die","floor":45},{"not_picked":["hubris:SlightOfHand+1","Storm of Steel+1","Underhanded Strike+1"],"picked":"SKIP","floor":47},{"not_picked":["hubris:SlightOfHand+1","Bane+1","Quick Slash+1"],"picked":"SKIP","floor":48}],"player_experience":320615,"relics_obtained":[{"floor":7.0,"key":"Blue Candle"},{"floor":9.0,"key":"Shuriken"},{"floor":12.0,"key":"hubris:BottledRain"},{"floor":24.0,"key":"Darkstone Periapt"},{"floor":26.0,"key":"Toy Ornithopter"},{"floor":27.0,"key":"Boot"},{"floor":31.0,"key":"Gremlin Horn"},{"floor":41,"key":"Nunchaku"},{"floor":43,"key":"Toxic Egg 2"},{"floor":45,"key":"hubris:SlimyHat"},{"floor":47,"key":"Pear"}],"event_choices":[{"damage_healed":0.0,"max_hp_gain":0.0,"max_hp_loss":0.0,"gold_gain":75.0,"event_name":"World of Goop","player_choice":"Gather Gold","floor":4.0,"gold_loss":0.0,"damage_taken":11.0},{"damage_healed":0.0,"max_hp_gain":0.0,"max_hp_loss":0.0,"gold_gain":0.0,"event_name":"conspire:Investor","player_choice":"Leave","floor":11.0,"gold_loss":0.0,"damage_taken":0.0},{"damage_healed":0.0,"max_hp_gain":0.0,"max_hp_loss":0.0,"gold_gain":0.0,"event_name":"WeMeetAgain","player_choice":"Gave Potion","floor":14.0,"gold_loss":0.0,"damage_taken":0.0,"relics_obtained":["Vajra"]},{"damage_healed":0.0,"max_hp_gain":0.0,"max_hp_loss":0.0,"gold_gain":0.0,"event_name":"Knowing Skull","player_choice":"","floor":19.0,"potions_obtained":[],"gold_loss":0.0,"damage_taken":6.0,"cards_obtained":[]},{"damage_healed":0.0,"max_hp_gain":0.0,"max_hp_loss":0.0,"gold_gain":0.0,"event_name":"Cursed Tome","player_choice":"Ignored","floor":29.0,"gold_loss":0.0,"damage_taken":0.0}],"is_beta":false,"boss_relics":[{"not_picked":["Snecko Eye","conspire:SpecialSausage"],"picked":"Runic Pyramid"},{"not_picked":["hubris:BlackHole","Sozu"],"picked":"Tiny House"}],"items_purged_floors":[],"is_endless":false,"potions_floor_spawned":[2,5,16,22,28,33,38,41,45,47,48],"ascension_level":11}}