{"host":"6z6y4ky8uzsz1dpj","time":1613490437,"event":{"mods":["AchievementEnabler","BaseMod","BetterRewards","Challenge The Spire","Colored Map","Hubris","Minty Spire (QoL Compilation)","Quick Restart","Relic Stats","Replay The Spire","StSLib"],"gold_per_floor":[109,29,43,54,66,66,66,101,127,152,152,170,198,209,209,312,312,330,330,330],"floor_reached":19,"language":"ENG","playtime":2092,"items_purged":["Strike_B"],"score":300,"play_id":"f880f36d-58a7-4c25-abbe-62ab4ce2d18f","local_time":"20210216104717","is_ascension_mode":true,"campfire_choices":[{"data":"Doom and Gloom","floor":6.0,"key":"SMITH"},{"floor":15.0,"key":"REST"}],"circlet_count":0,"master_deck":["Strike_B","Strike_B","Strike_B","Defend_B","Defend_B","Defend_B","Defend_B","Zap","Dualcast","Defragment+1","Chaos","Loop","Compile Driver","Doom and Gloom+1","Hologram","Doom and Gloom","hubris:DoWhile","Echo Form"],"relics":["Cracked Core","Replay:Towering Pillar of Hats","hubris:BallOfYels","Gremlin Food","Tiny Chest","Pet Ghost","Coffee Dripper"],"acts_visited":["Exordium","TheCity"],"potions_floor_usage":[],"damage_taken":[{"damage":1.0,"enemies":"Cultist","floor":1.0,"turns":3.0},{"damage":3.0,"enemies":"2 Louse","floor":3.0,"turns":3.0},{"damage":7.0,"enemies":"Jaw Worm","floor":4.0,"turns":3.0},{"damage":15.0,"enemies":"Large Slime","floor":5.0,"turns":4.0},{"damage":7.0,"enemies":"Gremlin Nob","floor":8.0,"turns":3.0},{"damage":22.0,"enemies":"3 Sentries","floor":10.0,"turns":4.0},{"damage":0.0,"enemies":"3 Louse","floor":12.0,"turns":1.0},{"damage":0.0,"enemies":"Replay:BlueRogue","floor":13.0,"turns":6.0},{"damage":1.0,"enemies":"Looter","floor":14.0,"turns":4.0},{"damage":24.0,"enemies":"Hexaghost","floor":16.0,"turns":9.0},{"damage":29.0,"enemies":"2 Thieves","floor":18.0,"turns":3.0},{"damage":23,"enemies":"3 Byrds","floor":19,"turns":3}],"seed_played":"681055916798877171","potions_obtained":[{"floor":1.0,"key":"SkillPotion"},{"floor":5.0,"key":"Languid Potion"},{"floor":8.0,"key":"PowerPotion"},{"floor":10.0,"key":"Swift Potion"},{"floor":11.0,"key":"EssenceOfSteel"},{"floor":11.0,"key":"Block Potion"},{"floor":11.0,"key":"LiquidMemories"},{"floor":14.0,"key":"Elixir"},{"floor":16.0,"key":"LiquidMemories"}],"is_trial":false,"path_per_floor":["M","$","M","M","M","R","$","E","T","E","?","M","E","M","R","B",null,"M","M"],"character_chosen":"DEFECT","items_purchased":["Defragment","Loop"],"campfire_rested":1,"item_purchase_floors":[0,2],"current_hp_per_floor":[59,59,56,49,34,34,34,27,27,5,5,5,5,4,26,2,57,28,5,5],"gold":330,"neow_bonus":"","is_daily":false,"chose_seed":false,"campfire_upgraded":1,"win_rate":0.0,"timestamp":1613490437,"path_taken":["M","?","M","?","M","R","?","E","T","E","?","M","E","M","R","BOSS","M","?"],"items_purchased_type":["Card","Card"],"build_version":"2020-12-22","purchased_purges":1,"victory":false,"max_hp_per_floor":[75,75,75,75,75,75,75,75,75,75,75,75,75,75,75,75,75,75,75,75],"relic_stats":{"counters":[108,487],"Tiny Chest":0,"obtain_stats":[{"hubris:BallOfYels":8,"Tiny House":17,"Calipers":0,"Gremlin Horn":23,"CeramicFish":23,"hubris:VirtuousBlindfold":17,"Boot":8,"HornCleat":38,"Replay:Bronze Core":17,"Iron Hammer":9,"Kunai":43,"Toxic Egg 2":28,"Byrd Skull":0,"Replay:Bottled Steam":26,"Girya":43,"Counterbalance":0,"Oddly Smooth Stone":25,"hubris:SphereOfDissonance":48,"Akabeko":24,"Du-Vu Doll":0,"SlaversCollar":34,"ReplayTheSpireMod:Shallot":26,"Shuriken":13,"Bronze Scales":9,"hubris:PeanutButter":28,"Pandora\u0027s Box":17,"ReplayTheSpireMod:TigerMarble":23,"Lantern":28,"StoneCalendar":0,"Snake Skull":9,"Bag of Preparation":25,"hubris:SlimyHat":25,"Ancient Tea Set":10,"Pet Ghost":7,"Tough Bandages":41,"Nunchaku":34,"Replay:Bandana":7,"Mummified Hand":40,"Tiny Chest":10,"Red Mask":39,"Cracked Core":0,"Ring of the Snake":0,"hubris:GlazedTorus":47,"Gremlin Food":8,"hubris:DisguiseKit":34,"ReplayTheSpireMod:Ninjato":6,"Replay:Towering Pillar of Hats":0,"Golden Idol":3,"Quantum Egg":31,"Guide Book":36,"Basket Of Snakes":0,"Thread and Needle":0,"hubris:Towel":21,"Frozen Egg 2":28,"Orichalcum":29,"MawBank":26,"Calling Bell":34,"CaptainsWheel":0,"Anchor":9,"Ectoplasm":17,"Coffee Dripper":17,"Membership Card":0,"hubris:Potato":14,"hubris:OldNail":10,"TungstenRod":14},{"hubris:BallOfYels":101,"Tiny House":8,"Calipers":16,"Gremlin Horn":12,"CeramicFish":83,"hubris:VirtuousBlindfold":25,"Boot":44,"HornCleat":37,"Replay:Bronze Core":79,"Iron Hammer":4,"Kunai":39,"Toxic Egg 2":58,"Byrd Skull":84,"Replay:Bottled Steam":56,"Girya":65,"Counterbalance":16,"Oddly Smooth Stone":13,"hubris:SphereOfDissonance":41,"Akabeko":29,"Du-Vu Doll":71,"SlaversCollar":35,"ReplayTheSpireMod:Shallot":13,"Shuriken":77,"Bronze Scales":89,"hubris:PeanutButter":31,"Pandora\u0027s Box":93,"ReplayTheSpireMod:TigerMarble":55,"Lantern":14,"StoneCalendar":71,"Snake Skull":76,"Bag of Preparation":30,"hubris:SlimyHat":56,"Ancient Tea Set":90,"Pet Ghost":4,"Tough Bandages":39,"Nunchaku":60,"Replay:Bandana":76,"Mummified Hand":63,"Tiny Chest":102,"Red Mask":62,"Cracked Core":0,"Ring of the Snake":0,"hubris:GlazedTorus":69,"Gremlin Food":21,"hubris:DisguiseKit":60,"ReplayTheSpireMod:Ninjato":44,"Replay:Towering Pillar of Hats":96,"Golden Idol":73,"Quantum Egg":34,"Guide Book":36,"Basket Of Snakes":42,"Thread and Needle":71,"hubris:Towel":11,"Frozen Egg 2":31,"Orichalcum":32,"MawBank":30,"Calling Bell":60,"CaptainsWheel":0,"Anchor":44,"Ectoplasm":50,"Coffee Dripper":106,"Membership Card":16,"hubris:Potato":7,"hubris:OldNail":22,"TungstenRod":49},{"hubris:BallOfYels":457,"Tiny House":42,"Calipers":85,"Gremlin Horn":65,"CeramicFish":384,"hubris:VirtuousBlindfold":140,"Boot":251,"HornCleat":211,"Replay:Bronze Core":370,"Iron Hammer":17,"Kunai":223,"Toxic Egg 2":299,"Byrd Skull":388,"Replay:Bottled Steam":294,"Girya":319,"Counterbalance":85,"Oddly Smooth Stone":70,"hubris:SphereOfDissonance":235,"Akabeko":162,"Du-Vu Doll":332,"SlaversCollar":201,"ReplayTheSpireMod:Shallot":70,"Shuriken":359,"Bronze Scales":409,"hubris:PeanutButter":173,"Pandora\u0027s Box":429,"ReplayTheSpireMod:TigerMarble":291,"Lantern":76,"StoneCalendar":332,"Snake Skull":355,"Bag of Preparation":168,"hubris:SlimyHat":294,"Ancient Tea Set":415,"Pet Ghost":17,"Tough Bandages":223,"Nunchaku":305,"Replay:Bandana":355,"Mummified Hand":313,"Tiny Chest":461,"Red Mask":310,"Cracked Core":0,"Ring of the Snake":0,"hubris:GlazedTorus":327,"Gremlin Food":113,"hubris:DisguiseKit":305,"ReplayTheSpireMod:Ninjato":251,"Replay:Towering Pillar of Hats":441,"Golden Idol":338,"Quantum Egg":190,"Guide Book":206,"Basket Of Snakes":243,"Thread and Needle":332,"hubris:Towel":56,"Frozen Egg 2":173,"Orichalcum":179,"MawBank":168,"Calling Bell":305,"CaptainsWheel":0,"Anchor":251,"Ectoplasm":271,"Coffee Dripper":481,"Membership Card":85,"hubris:Potato":31,"hubris:OldNail":121,"TungstenRod":265}]},"card_choices":[{"not_picked":["Streamline","Beam Cell"],"picked":"Chaos","floor":1.0},{"not_picked":["Cold Snap","Reprogram"],"picked":"Compile Driver","floor":3.0},{"not_picked":["Loop","Hologram"],"picked":"Doom and Gloom","floor":4.0},{"not_picked":["ReplayGash","Blizzard","Fusion"],"picked":"SKIP","floor":5.0},{"not_picked":["Sweeping Beam","Ball Lightning"],"picked":"Hologram","floor":8.0},{"not_picked":["Skim","Steam Power","Tempest"],"picked":"SKIP","floor":10.0},{"not_picked":["Reinforced Body","Stack"],"picked":"Doom and Gloom","floor":12.0},{"not_picked":["Ball Lightning","Melter","Static Discharge"],"picked":"SKIP","floor":13.0},{"not_picked":["Sweeping Beam","Coolheaded"],"picked":"hubris:DoWhile","floor":14.0},{"not_picked":["Mirror Shield","ReplayRNGCard"],"picked":"Echo Form","floor":16.0},{"not_picked":["Gash","ReplaySort+1","Compile Driver"],"picked":"SKIP","floor":18.0}],"player_experience":627914,"relics_obtained":[{"floor":8.0,"key":"hubris:BallOfYels"},{"floor":9.0,"key":"Gremlin Food"},{"floor":10.0,"key":"Tiny Chest"},{"floor":13.0,"key":"Pet Ghost"}],"event_choices":[{"damage_healed":0.0,"max_hp_gain":0.0,"max_hp_loss":0.0,"gold_gain":0.0,"event_name":"Lab","player_choice":"Got Potions","floor":11.0,"gold_loss":0.0,"damage_taken":0.0}],"is_beta":false,"boss_relics":[{"not_picked":["hubris:HollowSoul","Replay:Ancient Bell"],"picked":"Coffee Dripper"}],"items_purged_floors":[0],"is_endless":false,"potions_floor_spawned":[1,5,8,10,14,16],"killed_by":"3 Byrds","ascension_level":8}}