{"host":"idjwbq71yrpkph1r","time":1613440583,"event":{"mods":["AchievementEnabler","Alarm Clock","BaseMod","Block Reminder","Colored Map","Curses Come First","Displayed Cursed Tome","Hermit","Highlight Path","Minty Spire (QoL Compilation)","Rare Cards Sparkle","Relic Stats","StSLib","everything is the same but u backflip on backflip","slay the spire mod where everything is the same but ironclad has a cowboy hat"],"gold_per_floor":[117,136,136,146,26,26,38,113,113,131,131,144,144,163,163,263,263,280,299,299,299,224,224,224,224,224],"floor_reached":25,"language":"ENG","playtime":860,"items_purged":["Defragment+1"],"score":193,"play_id":"05b61f9b-af3d-4963-9f6c-f7538b380f49","local_time":"20210216025623","is_ascension_mode":false,"campfire_choices":[{"data":"Defragment","floor":6.0,"key":"SMITH"},{"floor":11.0,"key":"REST"},{"floor":13.0,"key":"REST"},{"data":"Streamline","floor":15.0,"key":"SMITH"},{"floor":23,"key":"REST"}],"circlet_count":0,"master_deck":["Strike_B","Strike_B","Strike_B","Strike_B","Defend_B","Defend_B","Defend_B","Defend_B","Zap","Dualcast","Streamline+1","White Noise","Conserve Battery","Conserve Battery","BootSequence","Meteor Strike","Leap","Reprogram"],"relics":["Cursed Key"],"acts_visited":["Exordium","TheCity"],"potions_floor_usage":[],"damage_taken":[{"damage":0.0,"enemies":"Cultist","floor":1.0,"turns":3.0},{"damage":1.0,"enemies":"2 Louse","floor":2.0,"turns":3.0},{"damage":5.0,"enemies":"Small Slimes","floor":4.0,"turns":3.0},{"damage":39.0,"enemies":"Gremlin Gang","floor":7.0,"turns":6.0},{"damage":0.0,"enemies":"3 Louse","floor":10.0,"turns":4.0},{"damage":13.0,"enemies":"Exordium Wildlife","floor":12.0,"turns":5.0},{"damage":5.0,"enemies":"Looter","floor":14.0,"turns":4.0},{"damage":45.0,"enemies":"Slime Boss","floor":16.0,"turns":14.0},{"damage":34.0,"enemies":"3 Byrds","floor":18.0,"turns":9.0},{"damage":24.0,"enemies":"Shell Parasite","floor":19.0,"turns":8.0},{"damage":47,"enemies":"3 Cultists","floor":25,"turns":4}],"seed_played":"2582072202998814715","potions_obtained":[{"floor":2.0,"key":"SkillPotion"},{"floor":7.0,"key":"LiquidBronze"},{"floor":10.0,"key":"Weak Potion"},{"floor":19.0,"key":"SpeedPotion"}],"is_trial":false,"path_per_floor":["M","M","?","M","$","R","M","?","T","M","R","M","R","M","R","B",null,"M","M","?","?","$","R","?","M"],"character_chosen":"DEFECT","items_purchased":["Defragment","Conserve Battery"],"campfire_rested":3,"item_purchase_floors":[5,5],"current_hp_per_floor":[75,74,75,70,70,70,31,24,24,24,46,33,55,50,50,5,75,41,17,17,17,17,39,39,0,0],"gold":224,"neow_bonus":"BOSS_RELIC","is_daily":false,"chose_seed":false,"campfire_upgraded":2,"win_rate":0.0,"timestamp":1613440583,"path_taken":["M","?","?","?","$","R","M","?","T","M","R","M","R","?","R","BOSS","M","M","?","?","?","R","?","M"],"items_purchased_type":["Card","Card"],"build_version":"2020-12-22","purchased_purges":1,"victory":false,"max_hp_per_floor":[75,75,75,75,75,75,75,75,75,75,75,75,75,75,75,75,75,75,75,75,75,75,75,75,75,75],"relic_stats":{"counters":[11,63],"Cursed Key":0,"obtain_stats":[{"Cracked Core":0,"Cursed Key":0},{"Cracked Core":0,"Cursed Key":0},{"Cracked Core":0,"Cursed Key":0}]},"card_choices":[{"not_picked":["Rebound","Beam Cell"],"picked":"Streamline","floor":1.0},{"not_picked":["Consume","Steam Power","Streamline"],"picked":"SKIP","floor":2.0},{"not_picked":["Consume","Steam Power"],"picked":"Streamline","floor":2.0},{"not_picked":["Tempest","Lockon"],"picked":"White Noise","floor":4.0},{"not_picked":["Heatsinks","Double Energy"],"picked":"Conserve Battery","floor":7.0},{"not_picked":["Melter","Coolheaded","Compile Driver"],"picked":"SKIP","floor":10.0},{"not_picked":["Compile Driver","Coolheaded"],"picked":"BootSequence","floor":12.0},{"not_picked":["Gash","Genetic Algorithm","Redo"],"picked":"SKIP","floor":14.0},{"not_picked":["Seek","Biased Cognition"],"picked":"Meteor Strike","floor":16.0},{"not_picked":["Gash","Sunder+1","Hologram"],"picked":"SKIP","floor":18.0},{"not_picked":["Turbo","Tempest+1"],"picked":"Leap","floor":19.0}],"player_experience":370672,"relics_obtained":[],"event_choices":[{"cards_removed":["Streamline"],"damage_healed":5.0,"max_hp_gain":0.0,"max_hp_loss":0.0,"gold_gain":0.0,"event_name":"Bonfire Elementals","player_choice":"Offered Common","floor":3.0,"gold_loss":0.0,"damage_taken":0.0},{"cards_removed":["Streamline"],"damage_healed":5.0,"max_hp_gain":0.0,"max_hp_loss":0.0,"gold_gain":0.0,"event_name":"Bonfire Elementals","player_choice":"Offered Special","floor":3.0,"gold_loss":0.0,"damage_taken":0.0},{"damage_healed":0.0,"max_hp_gain":0.0,"max_hp_loss":0.0,"gold_gain":75.0,"event_name":"FaceTrader","player_choice":"Touch","floor":8.0,"gold_loss":0.0,"damage_taken":7.0},{"damage_healed":0.0,"max_hp_gain":0.0,"max_hp_loss":0.0,"gold_gain":0.0,"event_name":"Vampires","player_choice":"Ignored","floor":20.0,"gold_loss":0.0,"damage_taken":0.0},{"damage_healed":0.0,"max_hp_gain":0.0,"max_hp_loss":0.0,"gold_gain":0.0,"event_name":"The Library","player_choice":"Read","floor":21.0,"gold_loss":0.0,"damage_taken":0.0,"cards_obtained":["Reprogram"]}],"is_beta":false,"boss_relics":[{"not_picked":[]}],"items_purged_floors":[22],"is_endless":false,"potions_floor_spawned":[2,7,10,12,19],"killed_by":"3 Cultists","ascension_level":0}}