{"host":"raaimkojny05jekw","time":1613459463,"event":{"mods":["AchievementEnabler","BaseMod","Colored Map","Colored Powertips","DeckTracker","Minty Spire (QoL Compilation)","Quick Restart","Rare Cards Sparkle","everything is the same but u backflip on backflip"],"gold_per_floor":[20,40,40,54,74,74,74,74,155,155,170,170,187,197,197,299,299,313,313,313,324,324,359,359,372,442,442,455,41,61,27,27,27,27],"floor_reached":33,"language":"KOR","playtime":798,"items_purged":["Strike_R"],"score":388,"play_id":"fe6c3f22-73cc-475f-8910-0a9a84d257d5","local_time":"20210216161103","is_ascension_mode":true,"campfire_choices":[{"data":"Bash","floor":6,"key":"SMITH"},{"data":"Carnage","floor":8,"key":"SMITH"},{"data":"Bloodletting","floor":10,"key":"SMITH"},{"data":"Carnage","floor":12,"key":"SMITH"},{"data":"Flame Barrier","floor":15,"key":"SMITH"},{"data":"Bludgeon","floor":24,"key":"SMITH"},{"data":"Demon Form","floor":27,"key":"SMITH"},{"floor":32,"key":"REST"}],"circlet_count":0,"master_deck":["Strike_R","Strike_R","Strike_R","Defend_R","Defend_R","Defend_R","Defend_R","Bash+1","Mayhem+1","Flame Barrier+1","Bloodletting+1","Carnage+1","Ghostly Armor","Carnage+1","Shrug It Off","Demon Form+1","CurseOfTheBell","Bloodletting","Bludgeon+1","Heavy Blade","Panacea","Battle Trance"],"relics":["Burning Blood","Paper Frog","Calling Bell","FossilizedHelix","Question Card","Tiny Chest","Shuriken","Pen Nib","Pear","Strawberry"],"acts_visited":["Exordium","TheCity"],"potions_floor_usage":[11,21,23,23,33,33],"damage_taken":[{"damage":12,"enemies":"Jaw Worm","floor":1,"turns":4},{"damage":3,"enemies":"Cultist","floor":2,"turns":5},{"damage":2,"enemies":"2 Louse","floor":4,"turns":4},{"damage":6,"enemies":"Looter","floor":5,"turns":2},{"damage":10,"enemies":"Lots of Slimes","floor":11,"turns":4},{"damage":4,"enemies":"2 Fungi Beasts","floor":13,"turns":3},{"damage":9,"enemies":"Exordium Thugs","floor":14,"turns":4},{"damage":27,"enemies":"Hexaghost","floor":16,"turns":6},{"damage":3,"enemies":"Chosen","floor":18,"turns":4},{"damage":28,"enemies":"Shell Parasite","floor":21,"turns":6},{"damage":21,"enemies":"Slavers","floor":23,"turns":6},{"damage":7,"enemies":"Cultist and Chosen","floor":25,"turns":4},{"damage":19,"enemies":"Snake Plant","floor":28,"turns":3},{"damage":31,"enemies":"Shelled Parasite and Fungi","floor":30,"turns":4},{"damage":49,"enemies":"Automaton","floor":33,"turns":4}],"seed_played":"5918429560412208018","potions_obtained":[{"floor":4,"key":"LiquidMemories"},{"floor":5,"key":"Energy Potion"},{"floor":13,"key":"Block Potion"},{"floor":14,"key":"Fire Potion"},{"floor":18,"key":"DuplicationPotion"},{"floor":28,"key":"SteroidPotion"},{"floor":30,"key":"Explosive Potion"}],"is_trial":false,"path_per_floor":["M","M","?","M","M","R","$","R","T","R","M","R","M","M","R","B",null,"M","?","?","M","T","E","R","M","T","R","M","$","M","$","R","B"],"character_chosen":"IRONCLAD","items_purchased":["Heavy Blade","Strawberry","Panacea","Strength Potion","Battle Trance"],"campfire_rested":1,"item_purchase_floors":[29,29,29,29,31],"current_hp_per_floor":[66,69,69,73,73,73,73,73,73,73,69,69,71,68,68,47,72,75,75,75,53,53,38,38,37,47,47,34,41,16,16,45,0,0],"gold":27,"neow_bonus":"RANDOM_COLORLESS_2","is_daily":false,"chose_seed":false,"campfire_upgraded":7,"win_rate":0.0,"timestamp":1613459463,"path_taken":["M","M","?","?","M","R","?","R","T","R","M","R","M","M","R","BOSS","M","?","?","?","?","E","R","?","T","R","M","$","M","?","R","BOSS"],"items_purchased_type":["Card","Relic","Card","Potion","Card"],"build_version":"2020-12-22","purchased_purges":1,"victory":false,"max_hp_per_floor":[80,80,80,80,80,80,80,80,80,80,80,80,80,80,80,80,80,80,80,80,80,80,80,80,80,90,90,90,97,97,97,97,97,97],"card_choices":[{"not_picked":["HandOfGreed","Secret Weapon"],"picked":"Mayhem","floor":0},{"not_picked":["Thunderclap","True Grit"],"picked":"Flame Barrier","floor":1},{"not_picked":["Second Wind","Warcry"],"picked":"Bloodletting","floor":2},{"not_picked":["Thunderclap","Cleave"],"picked":"Carnage","floor":4},{"not_picked":["Clash","Heavy Blade"],"picked":"Ghostly Armor","floor":5},{"not_picked":["Rupture","Power Through"],"picked":"Carnage","floor":11},{"not_picked":["Searing Blow","Hemokinesis"],"picked":"Shrug It Off","floor":13},{"not_picked":["Sever Soul","Shrug It Off","Flex"],"picked":"SKIP","floor":14},{"not_picked":["Impervious","Reaper"],"picked":"Demon Form","floor":16},{"not_picked":["Clothesline","Havoc","Second Wind","Dual Wield+1"],"picked":"SKIP","floor":18},{"not_picked":["Thunderclap+1","Searing Blow","Headbutt","Entrench"],"picked":"SKIP","floor":21},{"not_picked":["Feel No Pain","Wild Strike","Whirlwind"],"picked":"Bludgeon","floor":23},{"not_picked":["Intimidate","Shrug It Off","Headbutt","Body Slam"],"picked":"SKIP","floor":25},{"not_picked":["True Grit","Body Slam","Iron Wave+1","Reckless Charge+1"],"picked":"SKIP","floor":28},{"not_picked":["Cleave","Carnage","Iron Wave","Bloodletting"],"picked":"SKIP","floor":30}],"player_experience":755681,"relics_obtained":[{"floor":9,"key":"Paper Frog"},{"floor":17,"key":"FossilizedHelix"},{"floor":17,"key":"Question Card"},{"floor":17,"key":"Tiny Chest"},{"floor":22,"key":"Shuriken"},{"floor":23,"key":"Pen Nib"},{"floor":26,"key":"Pear"}],"event_choices":[{"damage_healed":0,"gold_gain":0,"player_choice":"Upgraded","damage_taken":0,"max_hp_gain":0,"max_hp_loss":0,"event_name":"Upgrade Shrine","floor":3,"gold_loss":0,"cards_upgraded":["Mayhem"]},{"damage_healed":0,"gold_gain":0,"player_choice":"Read","damage_taken":0,"max_hp_gain":0,"max_hp_loss":0,"event_name":"The Library","floor":19,"gold_loss":0,"cards_obtained":["Bloodletting"]},{"cards_removed":["Strike_R"],"damage_healed":0,"gold_gain":0,"player_choice":"Offered Basic","damage_taken":0,"max_hp_gain":0,"max_hp_loss":0,"event_name":"Bonfire Elementals","floor":20,"gold_loss":0}],"is_beta":false,"boss_relics":[{"not_picked":["SlaversCollar","Runic Cube"],"picked":"Calling Bell"}],"items_purged_floors":[29],"is_endless":false,"potions_floor_spawned":[4,5,13,14,16,18,28,30],"killed_by":"Automaton","ascension_level":8}}