{"host":"2no1vwhhkhf0ohz3","time":1613448604,"event":{"mods":["AchievementEnabler","BaseMod","Colored Map","DeckTracker","Keyboard Shortcuts","Minty Spire (QoL Compilation)","SuperFastMode"],"gold_per_floor":[113,131,149,167,178,178,190,216,216,216,233,263,263,278,278,379,379,393,279,279,292,303,303,303,303,303,303,318,330,255,269,269,366,366,377,392,403,415,433,433,433],"floor_reached":40,"language":"KOR","playtime":1174,"items_purged":["Strike_B"],"score":485,"play_id":"31272f79-e1a5-44d2-a7e8-39dc87d8892b","local_time":"20210216131004","is_ascension_mode":true,"campfire_choices":[{"data":"Zap","floor":6.0,"key":"SMITH"},{"data":"Biased Cognition","floor":10.0,"key":"SMITH"},{"data":"Beam Cell","floor":15.0,"key":"SMITH"},{"data":"Defragment","floor":23,"key":"SMITH"},{"data":"Hologram","floor":25,"key":"SMITH"},{"floor":27,"key":"REST"},{"data":"Machine Learning","floor":32,"key":"SMITH"}],"circlet_count":0,"master_deck":["Defend_B","Defend_B","Zap+1","Dualcast","Glacier","Ball Lightning","Biased Cognition+1","Beam Cell+1","Chill","Hologram+1","Core Surge","FTL","Defragment+1","Chill","Compile Driver+1","Consume","Machine Learning+1","Echo Form","Scrape+1","Sunder+1","Core Surge+1","Hologram+1","Parasite","Skim+1","Defragment+1"],"relics":["Cracked Core","Odd Mushroom","Centennial Puzzle","Akabeko","Sozu","Symbiotic Virus","Astrolabe"],"acts_visited":["Exordium","TheCity","TheBeyond"],"potions_floor_usage":[16,16,16],"damage_taken":[{"damage":0.0,"enemies":"2 Louse","floor":1.0,"turns":2.0},{"damage":1.0,"enemies":"Jaw Worm","floor":2.0,"turns":3.0},{"damage":1.0,"enemies":"Small Slimes","floor":3.0,"turns":3.0},{"damage":6.0,"enemies":"2 Fungi Beasts","floor":4.0,"turns":3.0},{"damage":10.0,"enemies":"3 Louse","floor":5.0,"turns":3.0},{"damage":10.0,"enemies":"Gremlin Gang","floor":7.0,"turns":3.0},{"damage":6.0,"enemies":"The Mushroom Lair","floor":8.0,"turns":4.0},{"damage":7.0,"enemies":"Large Slime","floor":11.0,"turns":3.0},{"damage":1.0,"enemies":"Lots of Slimes","floor":14.0,"turns":3.0},{"damage":10,"enemies":"Slime Boss","floor":16,"turns":6},{"damage":0,"enemies":"Spheric Guardian","floor":18,"turns":4},{"damage":8,"enemies":"Shell Parasite","floor":21,"turns":4},{"damage":12,"enemies":"Snake Plant","floor":22,"turns":4},{"damage":0,"enemies":"Snecko","floor":28,"turns":4},{"damage":0,"enemies":"Sentry and Sphere","floor":29,"turns":3},{"damage":17,"enemies":"Shelled Parasite and Fungi","floor":31,"turns":3},{"damage":18,"enemies":"Champ","floor":33,"turns":9},{"damage":21,"enemies":"Orb Walker","floor":35,"turns":3},{"damage":14,"enemies":"3 Shapes","floor":36,"turns":4},{"damage":9,"enemies":"Writhing Mass","floor":37,"turns":4},{"damage":16,"enemies":"Maw","floor":38,"turns":7},{"damage":1,"enemies":"Jaw Worm Horde","floor":39,"turns":3},{"damage":18,"enemies":"Giant Head","floor":40,"turns":7}],"seed_played":"5016265286053356292","potions_obtained":[{"floor":1.0,"key":"Energy Potion"},{"floor":5.0,"key":"FocusPotion"},{"floor":8.0,"key":"AttackPotion"},{"floor":14.0,"key":"GamblersBrew"}],"is_trial":false,"path_per_floor":["M","M","M","M","M","R","M","?","T","R","M","?","?","M","R","B",null,"M","$","?","M","M","R","?","R","T","R","M","M","?","M","R","B",null,"M","M","M","M","M","E"],"character_chosen":"DEFECT","items_purchased":["Defragment"],"campfire_rested":1,"item_purchase_floors":[19],"current_hp_per_floor":[75,74,73,67,57,57,47,41,41,41,34,34,22,21,21,11,59,59,59,59,51,39,39,25,25,25,49,49,49,49,32,32,14,64,43,29,20,4,3,0,0],"gold":433,"neow_bonus":"REMOVE_CARD","is_daily":false,"chose_seed":false,"campfire_upgraded":6,"win_rate":0.0,"timestamp":1613448604,"path_taken":["M","M","M","M","M","R","M","?","T","R","M","?","?","M","R","BOSS","M","$","?","M","M","R","?","R","T","R","M","M","?","M","R","BOSS","M","M","M","M","M","E"],"items_purchased_type":["Card"],"build_version":"2020-12-22","purchased_purges":1,"victory":false,"max_hp_per_floor":[75,75,75,75,75,75,75,75,75,75,75,75,75,75,75,75,75,75,75,75,75,75,75,80,80,80,80,80,80,80,80,80,80,80,80,80,80,80,80,80,80],"card_choices":[{"not_picked":["Cold Snap","Go for the Eyes"],"picked":"Glacier","floor":1.0},{"not_picked":["Cold Snap","Genetic Algorithm","Stack"],"picked":"SKIP","floor":2.0},{"not_picked":["Recycle","Stack"],"picked":"Ball Lightning","floor":3.0},{"not_picked":["Compile Driver","Gash","Stack"],"picked":"SKIP","floor":4.0},{"not_picked":["Melter","Cold Snap"],"picked":"Biased Cognition","floor":5.0},{"not_picked":["White Noise","Barrage"],"picked":"Beam Cell","floor":7.0},{"not_picked":["Conserve Battery","Streamline"],"picked":"Chill","floor":11.0},{"not_picked":["Aggregate","Beam Cell"],"picked":"Hologram","floor":14.0},{"not_picked":["Amplify","Multi-Cast"],"picked":"Core Surge","floor":16},{"not_picked":["Hologram","Go for the Eyes"],"picked":"FTL","floor":18},{"not_picked":["Compile Driver","Storm"],"picked":"Chill","floor":21},{"not_picked":["Conserve Battery","Barrage","Cold Snap"],"picked":"SKIP","floor":22},{"not_picked":["Leap+1","Stack"],"picked":"Compile Driver+1","floor":28},{"not_picked":["Barrage","Steam Power"],"picked":"Consume","floor":29},{"not_picked":["Ball Lightning","Conserve Battery+1"],"picked":"Machine Learning","floor":31},{"not_picked":["Amplify","Biased Cognition"],"picked":"Echo Form","floor":33},{"not_picked":["Gash+1","Redo+1","Beam Cell+1"],"picked":"SKIP","floor":35},{"not_picked":["Go for the Eyes+1","Steam"],"picked":"Hologram+1","floor":36},{"not_picked":["Recycle","BootSequence"],"picked":"Skim+1","floor":37},{"not_picked":["Rebound","Steam"],"picked":"Defragment+1","floor":38},{"not_picked":["Barrage","Redo","Static Discharge"],"picked":"SKIP","floor":39}],"player_experience":312193,"relics_obtained":[{"floor":8.0,"key":"Odd Mushroom"},{"floor":9.0,"key":"Centennial Puzzle"},{"floor":26,"key":"Symbiotic Virus"}],"event_choices":[{"damage_healed":0.0,"max_hp_gain":0.0,"max_hp_loss":0.0,"gold_gain":0.0,"event_name":"Mushrooms","player_choice":"Fought Mushrooms","floor":8.0,"gold_loss":0.0,"damage_taken":0.0},{"damage_healed":0.0,"max_hp_gain":0.0,"max_hp_loss":0.0,"gold_gain":30.0,"event_name":"Dead Adventurer","player_choice":"Searched \u00272\u0027 times","floor":12.0,"gold_loss":0.0,"damage_taken":0.0},{"damage_healed":0.0,"max_hp_gain":0.0,"max_hp_loss":0.0,"gold_gain":0.0,"event_name":"Scrap Ooze","player_choice":"Success","floor":13.0,"gold_loss":0.0,"damage_taken":12.0,"relics_obtained":["Akabeko"]},{"damage_healed":0,"gold_gain":0,"player_choice":"Ignored","damage_taken":0,"max_hp_gain":0,"max_hp_loss":0,"event_name":"Ghosts","floor":20,"gold_loss":0},{"damage_healed":0,"gold_gain":0,"player_choice":"Shed Blood","damage_taken":19,"max_hp_gain":5,"max_hp_loss":0,"event_name":"Forgotten Altar","floor":24,"gold_loss":0},{"cards_removed":["Strike_B"],"damage_healed":0,"gold_gain":0,"player_choice":"Gave Gold","damage_taken":0,"max_hp_gain":0,"max_hp_loss":0,"event_name":"Beggar","floor":30,"gold_loss":75}],"is_beta":false,"boss_relics":[{"not_picked":["Fusion Hammer","SlaversCollar"],"picked":"Sozu"},{"not_picked":["Nuclear Battery","Calling Bell"],"picked":"Astrolabe"}],"items_purged_floors":[19],"is_endless":false,"potions_floor_spawned":[1,5,8,14,21,31,33,35,36,39],"killed_by":"Giant Head","ascension_level":5}}