{"host":"0dsi8ju7ih3zb7n8","time":1613507021,"event":{"mods":["2.2 Compatiblity","Act Like it!","Astrologer","BaseMod","Downfall","Hermit","Minty Spire (QoL Compilation)","Robot Space Explorer","Spicy Shops","StSLib","The Marked","The Runesmith"],"gold_per_floor":[118,118,118,46,71,107,150,150,202,202,202,271,302,338,338,464,464,482,482,482,186,186,221,262,262,262,262,303,303,327,349,349,478,478,511,207,207,225,80,128,128,128,128,180,240,1,1,16,16,16],"floor_reached":51,"language":"ENG","playtime":3547,"items_purged":[],"score":1032,"play_id":"38084518-d614-4a84-ba53-ecc3d7f6e78f","local_time":"20210216212341","daily_mods":["SealedDeck","Heirloom","Flight"],"is_ascension_mode":false,"campfire_choices":[{"floor":8.0,"key":"REST"},{"data":"Runesmith:Grindstone","floor":10.0,"key":"SMITH"},{"data":"Runesmith:PoweredAnvil","floor":11.0,"key":"SMITH"},{"data":"Runesmith:Permafrost","floor":15,"key":"SMITH"},{"floor":25,"key":"REST"},{"data":"Runesmith:ReplicatingBarrier","floor":27,"key":"SMITH"},{"data":"Runesmith:LithiumIon","floor":29,"key":"SMITH"},{"data":"Runesmith:PoweredAnvil","floor":32,"key":"SMITH"},{"data":"Runesmith:UnlimitedPower","floor":42,"key":"SMITH"},{"data":"Runesmith:CreatorForm","floor":47,"key":"SMITH"},{"data":"Runesmith:PoweredAnvil","floor":49,"key":"SMITH"}],"circlet_count":0,"master_deck":["Runesmith:CraftProtectio","Runesmith:Permafrost+1","Runesmith:Firestorm","Runesmith:HeatedChisel+1","Runesmith:CraftObretio+1","Runesmith:LithiumIon+1","Runesmith:EarthShield","Runesmith:Electrocute","Runesmith:NegativeSpace","Runesmith:CraftSpiculum","Runesmith:PoweredAnvil+1","Runesmith:Grindstone+1","Runesmith:Firestorm","Runesmith:CraftIncendium","Runesmith:ReplicatingBarrier+1","Runesmith:OneForEveryone","Runesmith:EnergizedChisel","Runesmith:BackupBattery","Runesmith:LightningRod","Runesmith:Refine+1","Runesmith:FissionHammer","Runesmith:DoubleUp","Runesmith:CraftMedicinae","Runesmith:Augment","Runesmith:PoweredAnvil+1","Runesmith:ArcReactor","Runesmith:Empowerment","CurseOfTheBell","CurseOfTheBell","Runesmith:UnlimitedPower+1","Runesmith:PoweredAnvil+1","Runesmith:CreatorForm+1"],"relics":["Runesmith:BrokenRuby","Prayer Wheel","Golden Idol","Juzu Bracelet","Happy Flower","Orichalcum","Guardian:PocketSentry","Mercury Hourglass","Ancient Tea Set","Black Star","MutagenicStrength","OrangePellets","Slimebound:StickyStick","StoneCalendar","Bottled Lightning","Strawberry","MealTicket","Matryoshka","Akabeko","Pear","Centennial Puzzle","CeramicFish","SlaversCollar","Dead Branch","downfall:ExtraCursedBell","Blood Vial","Runesmith:Nanobots","Lizard Tail","Peace Pipe","Thread and Needle","Bag of Marbles","MawBank","bronze:DecasWashers","Runesmith:MiniCore","Lantern","Pocketwatch","Runesmith:AutoHammer","Pantograph"],"acts_visited":["Exordium","TheCity","TheBeyond"],"potions_floor_usage":[24,28],"damage_taken":[{"damage":0.0,"enemies":"2 Louse","floor":1.0,"turns":3.0},{"damage":3.0,"enemies":"Jaw Worm","floor":5.0,"turns":4.0},{"damage":0.0,"enemies":"Lagavulin","floor":6.0,"turns":7.0},{"damage":19.0,"enemies":"3 Sentries","floor":7.0,"turns":8.0},{"damage":5.0,"enemies":"Lagavulin Event","floor":12.0,"turns":5.0},{"damage":0.0,"enemies":"Lagavulin","floor":13.0,"turns":6.0},{"damage":2.0,"enemies":"Gremlin Nob","floor":14.0,"turns":4.0},{"damage":0,"enemies":"Slime Boss","floor":16,"turns":7},{"damage":0,"enemies":"Chosen","floor":18,"turns":6},{"damage":32,"enemies":"Slavers","floor":23,"turns":5},{"damage":16,"enemies":"Gremlin Leader","floor":24,"turns":5},{"damage":16,"enemies":"Slavers","floor":28,"turns":5},{"damage":12,"enemies":"Shell Parasite","floor":31,"turns":5},{"damage":2,"enemies":"Automaton","floor":33,"turns":7},{"damage":7,"enemies":"3 Darklings","floor":35,"turns":5},{"damage":10,"enemies":"Reptomancer","floor":40,"turns":6},{"damage":0,"enemies":"Nemesis","floor":44,"turns":7},{"damage":0,"enemies":"Giant Head","floor":45,"turns":11},{"damage":4,"enemies":"3 Shapes","floor":48,"turns":5},{"damage":11,"enemies":"Time Eater","floor":50,"turns":7}],"seed_played":"-2182742715178209765","potions_obtained":[{"floor":7.0,"key":"FearPotion"},{"floor":12.0,"key":"SneckoOil"},{"floor":13.0,"key":"champ:CounterPotion"},{"floor":18,"key":"SkillPotion"},{"floor":31,"key":"BlessingOfTheForge"},{"floor":33,"key":"LiquidMemories"}],"is_trial":true,"path_per_floor":["M","?","?","$","M","E","E","R","T","R","R","?","E","E","R","B",null,"M","?","?","$","?","E","E","R","T","R","E","R","T","M","R","B",null,"M","$","?","?","$","E","?","R","T","E","E","$","R","M","R","B",null],"character_chosen":"RUNESMITH_CLASS","items_purchased":["Runesmith:PoweredAnvil","OrangePellets","Slimebound:StickyStick","Runesmith:FissionHammer","Dead Branch","Peace Pipe","Pantograph"],"campfire_rested":2,"item_purchase_floors":[4,21,21,21,36,39,46],"current_hp_per_floor":[70,56,39,39,36,36,17,38,38,38,38,33,33,31,31,31,70,70,70,70,70,70,38,29,52,52,52,48,48,48,36,36,34,87,80,87,87,87,87,81,81,81,81,87,87,87,87,87,87,76],"gold":16,"neow_bonus":"","is_daily":false,"chose_seed":false,"campfire_upgraded":9,"win_rate":0.0,"timestamp":1613507021,"path_taken":["M","?","?","?","M","E","E","R","T","R","R","?","E","E","R","BOSS","M","?","?","$","?","E","E","R","T","R","E","R","?","M","R","BOSS","M","?","?","?","$","E","?","R","T","E","E","?","R","M","R","BOSS"],"items_purchased_type":["Card","Relic","Relic","Card","Relic","Relic","Relic"],"build_version":"2020-12-22","purchased_purges":0,"victory":true,"max_hp_per_floor":[70,70,70,70,70,70,70,70,70,70,70,70,70,70,70,70,70,70,70,70,70,70,70,77,77,77,77,87,87,87,87,87,87,87,87,87,87,87,87,87,87,87,87,87,87,87,87,87,87,87],"card_choices":[{"not_picked":["Runesmith:CraftObretio","Runesmith:HeatExchange"],"picked":"Runesmith:CraftSpiculum","floor":1.0},{"not_picked":["Runesmith:StaticCage","Runesmith:EnergizedChisel","Runesmith:CraftVitae"],"picked":"SKIP","floor":1.0},{"not_picked":["Runesmith:CraftProtectio","Runesmith:Malloc"],"picked":"Runesmith:Grindstone","floor":5.0},{"not_picked":["Runesmith:RuneHurl","Runesmith:Discharge"],"picked":"Runesmith:Firestorm","floor":5.0},{"not_picked":["Runesmith:Permafrost","Runesmith:Accelerate"],"picked":"Runesmith:CraftIncendium","floor":6.0},{"not_picked":["Runesmith:StaticCage","Runesmith:CraftObretio"],"picked":"Runesmith:ReplicatingBarrier","floor":7.0},{"not_picked":["Runesmith:Grindstone","Runesmith:BackupBattery"],"picked":"Runesmith:OneForEveryone","floor":12.0},{"not_picked":["Runesmith:UnstableHammer","Runesmith:EarthShield"],"picked":"Runesmith:EnergizedChisel","floor":13.0},{"not_picked":["Runesmith:StaticCage","Runesmith:Repurpose"],"picked":"Runesmith:BackupBattery","floor":14},{"not_picked":["Runesmith:LastStand","Runesmith:ReplicatingBarrier"],"picked":"Runesmith:LightningRod","floor":16},{"not_picked":["Runesmith:CraftSpiculum","Runesmith:Electrocute"],"picked":"Runesmith:Refine+1","floor":18},{"not_picked":["Runesmith:Overpower+1","Runesmith:MakeshiftArmor+1","Runesmith:BackupBattery"],"picked":"SKIP","floor":18},{"not_picked":["Runesmith:HeatedChisel","Runesmith:StaticCage","Runesmith:Malloc"],"picked":"SKIP","floor":23},{"not_picked":["Runesmith:ElementalConversion+1","Runesmith:Prism"],"picked":"Runesmith:CraftMedicinae","floor":24},{"not_picked":["Runesmith:HeatedChisel+1","Runesmith:ElementalConversion"],"picked":"Runesmith:Augment","floor":28},{"not_picked":["Runesmith:ChaoticBlast","Runesmith:HammerThrow"],"picked":"Runesmith:PoweredAnvil","floor":31},{"not_picked":["Runesmith:HeatExchange","Runesmith:Grindstone","Runesmith:RuneHurl"],"picked":"SKIP","floor":31},{"not_picked":["Runesmith:FissionHammer","Runesmith:GrandSlam"],"picked":"Runesmith:ArcReactor","floor":33},{"not_picked":["Runesmith:ChiselStab","Runesmith:Grindstone"],"picked":"Runesmith:Empowerment","floor":35},{"not_picked":["Runesmith:Grindstone+1","Runesmith:CraftProtectio+1","Runesmith:ShiftingStrike"],"picked":"SKIP","floor":35},{"not_picked":["Runesmith:BackupBattery","Runesmith:StaticCage"],"picked":"Runesmith:UnlimitedPower","floor":40},{"not_picked":["Runesmith:ChiselStab","Runesmith:StaticCage"],"picked":"Runesmith:PoweredAnvil","floor":44},{"not_picked":["Runesmith:EarthShield+1","Runesmith:Permafrost+1"],"picked":"Runesmith:CreatorForm","floor":45},{"not_picked":["Runesmith:DoubleUp","Runesmith:ChargedHammer+1","Runesmith:Augment+1"],"picked":"SKIP","floor":48},{"not_picked":["Runesmith:RuneHurl","Runesmith:ChiselStab","Runesmith:HeatExchange+1"],"picked":"SKIP","floor":48}],"player_experience":885731,"relics_obtained":[{"floor":6.0,"key":"Juzu Bracelet"},{"floor":7.0,"key":"Happy Flower"},{"floor":9.0,"key":"Orichalcum"},{"floor":13.0,"key":"Mercury Hourglass"},{"floor":14,"key":"Ancient Tea Set"},{"floor":23,"key":"StoneCalendar"},{"floor":23,"key":"Bottled Lightning"},{"floor":24,"key":"Strawberry"},{"floor":24,"key":"MealTicket"},{"floor":26,"key":"Matryoshka"},{"floor":28,"key":"Akabeko"},{"floor":28,"key":"Pear"},{"floor":30,"key":"Centennial Puzzle"},{"floor":30,"key":"CeramicFish"},{"floor":38,"key":"Blood Vial"},{"floor":38,"key":"Runesmith:Nanobots"},{"floor":38,"key":"Lizard Tail"},{"floor":40,"key":"Thread and Needle"},{"floor":40,"key":"Bag of Marbles"},{"floor":43,"key":"MawBank"},{"floor":43,"key":"bronze:DecasWashers"},{"floor":44,"key":"Runesmith:MiniCore"},{"floor":44,"key":"Lantern"},{"floor":45,"key":"Pocketwatch"},{"floor":45,"key":"Runesmith:AutoHammer"}],"event_choices":[{"damage_healed":0.0,"max_hp_gain":0.0,"max_hp_loss":0.0,"gold_gain":0.0,"event_name":"Shining Light","player_choice":"Entered Light","floor":2.0,"gold_loss":0.0,"damage_taken":14.0,"cards_upgraded":["Runesmith:HeatedChisel","Runesmith:CraftObretio"]},{"damage_healed":0.0,"max_hp_gain":0.0,"max_hp_loss":0.0,"gold_gain":0.0,"event_name":"Golden Idol","player_choice":"Take Damage","floor":3.0,"gold_loss":0.0,"damage_taken":17.0,"relics_obtained":["Golden Idol"]},{"damage_healed":0.0,"max_hp_gain":0.0,"max_hp_loss":0.0,"gold_gain":0.0,"event_name":"Dead Adventurer","player_choice":"Searched \u00272\u0027 times","floor":12.0,"gold_loss":0.0,"damage_taken":0.0,"relics_obtained":["Guardian:PocketSentry"]},{"damage_healed":0,"gold_gain":0,"player_choice":"Inject Mutagens","damage_taken":0,"relics_obtained":["MutagenicStrength"],"max_hp_gain":0,"max_hp_loss":0,"event_name":"Drug Dealer","floor":20,"gold_loss":0},{"damage_healed":0,"gold_gain":0,"player_choice":"Read","damage_taken":0,"max_hp_gain":0,"max_hp_loss":0,"event_name":"The Library","floor":22,"gold_loss":0,"cards_obtained":["Runesmith:DoubleUp"]},{"damage_healed":0,"gold_gain":0,"player_choice":"Ignored","damage_taken":0,"max_hp_gain":0,"max_hp_loss":0,"event_name":"Tomb of Lord Red Mask","floor":37,"gold_loss":0},{"cards_removed":["Runesmith:ChiselStab"],"damage_healed":0,"gold_gain":0,"player_choice":"Removed Attack","damage_taken":0,"max_hp_gain":0,"max_hp_loss":0,"event_name":"Falling","floor":41,"gold_loss":0}],"is_beta":false,"boss_relics":[{"not_picked":["Runesmith:PocketReactor","Sozu"],"picked":"Black Star"},{"not_picked":["Runic Pyramid","SacredBark"],"picked":"SlaversCollar"}],"items_purged_floors":[],"is_endless":false,"potions_floor_spawned":[7,12,13,18,23,31,33,35,44],"ascension_level":0}}