{"host":"3498uni0c31c9bdm","time":1613517219,"event":{"mods":["BaseMod","Better Match","Better Note","Better Sensory Stone","Better Skull","Better Third Choice","Colored Map","Minty Spire (QoL Compilation)","Quick Restart","RNG Fix","Random Character Button","Replay The Spire","Shop Mod","Smile Girya","StSLib","Unceasing Turn Reminder"],"gold_per_floor":[109,109,109,109,209,242,242,276,276,290,307,327,96,112,112,210,210,120,171,171,87,107,107,142,46,94,49,49,83,86,103,103,3,3],"floor_reached":33,"language":"ENG","playtime":1016,"items_purged":[],"score":724,"play_id":"29f1838d-0439-460c-91b1-c6a8cb85904c","local_time":"20210217101339","is_ascension_mode":true,"campfire_choices":[{"floor":15,"key":"RECALL"},{"data":"Barricade","floor":23,"key":"SMITH"},{"data":"ReplayTheSpireMod:Necrogeddon","floor":32,"key":"SMITH"}],"circlet_count":0,"master_deck":["AscendersBane","Strike_R","Strike_R","Strike_R+1","Strike_R","Strike_R","Defend_R","Defend_R","Defend_R","Bash","Flex","Self Repair+1","Barricade+1","FTL","Inflame","Flame Barrier","Shockwave","Scorching Beam","Uppercut","Mirror Shield","Thunderclap","ReplayTheSpireMod:Splinters","Disarm","Body Slam","Iron Wave","Hemogenesis","ReplayTheSpireMod:IOU","ReplayTheSpireMod:Necrogeddon+1","ReplayTheSpireMod:Splinters","Metallicize","Iron Wave","ReplayTheSpireMod:IOU","ReplayTheSpireMod:IOU","ReplayTheSpireMod:IOU","Clash"],"relics":["NeowsBlessing","Iron Core","PreservedInsect","Blue Candle","StrikeDummy","Replay:WaspNest","Replay:Wax Seal","Garlic","ClockworkSouvenir","Replay:Bronze Core","Ornamental Fan","MealTicket","ReplayTheSpireMod:TigerMarble","ReplayTheSpireMod:CursedCoin","Tiny Chest","Blood Vial","Shuriken","Vajra","Frozen Egg 2"],"acts_visited":["Exordium","TheCity"],"potions_floor_usage":[24,33,33],"damage_taken":[{"damage":0,"enemies":"Jaw Worm","floor":1,"turns":1},{"damage":0,"enemies":"3 Sentries","floor":6,"turns":2},{"damage":0,"enemies":"Gremlin Nob","floor":8,"turns":1},{"damage":9,"enemies":"2 Louse","floor":10,"turns":2},{"damage":5,"enemies":"Small Slimes","floor":11,"turns":3},{"damage":11,"enemies":"Blue Slaver","floor":12,"turns":3},{"damage":19,"enemies":"Exordium Wildlife","floor":14,"turns":4},{"damage":32,"enemies":"Hexaghost","floor":16,"turns":7},{"damage":8,"enemies":"Chosen","floor":18,"turns":6},{"damage":25,"enemies":"Spheric Guardian","floor":21,"turns":3},{"damage":8,"enemies":"Snake Plant","floor":22,"turns":3},{"damage":22,"enemies":"Gremlin Leader","floor":24,"turns":4},{"damage":16,"enemies":"Book of Stabbing","floor":29,"turns":3},{"damage":34,"enemies":"Centurion and Healer","floor":31,"turns":5},{"damage":78,"enemies":"Automaton","floor":33,"turns":10}],"seed_played":"-8102918704011209852","potions_obtained":[{"floor":8,"key":"SkillPotion"},{"floor":12,"key":"FearPotion"},{"floor":29,"key":"LifebloodPotion"}],"is_trial":false,"path_per_floor":["M","?","?","?","?","E","T","E","T","M","M","M","$","M","R","B",null,"M","?","?","M","M","R","E","$","T","$","?","E","$","M","R","B"],"character_chosen":"IRONCLAD","items_purchased":["Replay:Wax Seal","Garlic","ClockworkSouvenir","Scorching Beam","ReplayTheSpireMod:Necrogeddon","ReplayTheSpireMod:CursedCoin","Tiny Chest","Metallicize","Vajra","Frozen Egg 2"],"campfire_rested":0,"item_purchase_floors":[13,13,13,13,25,27,27,27,30,30],"current_hp_per_floor":[78,78,78,78,78,80,80,80,80,80,75,74,74,65,65,43,71,73,73,73,58,60,60,48,63,63,78,78,64,79,61,61,0,0],"gold":3,"neow_bonus":"THREE_ENEMY_KILL","is_daily":false,"chose_seed":false,"campfire_upgraded":2,"win_rate":0.0,"timestamp":1613517219,"path_taken":["M","?","?","?","?","E","?","E","T","?","M","M","$","M","R","BOSS","M","?","?","M","?","R","E","$","T","$","?","E","$","M","R","BOSS"],"items_purchased_type":["Relic","Relic","Relic","Card","Card","Relic","Relic","Card","Relic","Relic"],"build_version":"2020-12-22","purchased_purges":0,"victory":false,"max_hp_per_floor":[80,80,80,80,80,80,80,80,80,80,80,80,80,80,80,80,80,80,80,80,80,80,80,80,80,80,80,80,80,80,80,80,80,80],"card_choices":[{"not_picked":["Rupture","Shrug It Off"],"picked":"Flex","floor":1},{"not_picked":["Rebound","Bloodletting"],"picked":"Barricade","floor":6},{"not_picked":["Warcry","Genetic Algorithm"],"picked":"FTL","floor":8},{"not_picked":["Headbutt","Genetic Algorithm"],"picked":"Inflame","floor":10},{"not_picked":["Twin Strike","Anger"],"picked":"Flame Barrier","floor":11},{"not_picked":["Cleave","Hemokinesis"],"picked":"Shockwave","floor":12},{"not_picked":["Havoc","Perfected Strike"],"picked":"Uppercut","floor":14},{"not_picked":["Corruption","Offering"],"picked":"Mirror Shield","floor":16},{"not_picked":["ReplayTheSpireMod:Corrosion Curse","Headbutt"],"picked":"Thunderclap","floor":18},{"not_picked":["Flex","Anger"],"picked":"Disarm","floor":19},{"not_picked":["Flex","Reckless Charge"],"picked":"Body Slam","floor":21},{"not_picked":["Body Slam","Twin Strike"],"picked":"Iron Wave","floor":22},{"not_picked":["Havoc","Thunderclap"],"picked":"Hemogenesis","floor":24},{"not_picked":["Havoc","Sever Soul"],"picked":"Iron Wave","floor":29},{"not_picked":["Run Through","Shockwave"],"picked":"Clash","floor":31}],"player_experience":926291,"relics_obtained":[{"floor":6,"key":"PreservedInsect"},{"floor":7,"key":"Blue Candle"},{"floor":8,"key":"StrikeDummy"},{"floor":9,"key":"Replay:WaspNest"},{"floor":19,"key":"Ornamental Fan"},{"floor":24,"key":"MealTicket"},{"floor":26,"key":"ReplayTheSpireMod:TigerMarble"},{"floor":29,"key":"Shuriken"}],"event_choices":[{"cards_removed":["Defend_R"],"damage_healed":0,"gold_gain":0,"player_choice":"Offered Basic","damage_taken":0,"max_hp_gain":0,"max_hp_loss":0,"event_name":"Bonfire Elementals","floor":2,"gold_loss":0},{"damage_healed":0,"gold_gain":100,"player_choice":"Gold","damage_taken":0,"max_hp_gain":0,"max_hp_loss":0,"event_name":"Wheel of Change","floor":5,"gold_loss":0},{"damage_healed":0,"gold_gain":0,"player_choice":"Ignored","damage_taken":0,"max_hp_gain":0,"max_hp_loss":0,"event_name":"Ghosts","floor":20,"gold_loss":0}],"is_beta":false,"boss_relics":[{"not_picked":["Coffee Dripper","Kintsugi"],"picked":"Replay:Bronze Core"}],"items_purged_floors":[],"is_endless":false,"potions_floor_spawned":[8,12,16,21,29],"killed_by":"Automaton","ascension_level":12}}