{"host":"n1v11un6j7y72mz7","time":1613457493,"event":{"mods":["Act Like it!","BaseMod","Downfall","Minty Spire (QoL Compilation)","Reliquary","StSLib","The Animator","Waifu the Spire"],"gold_per_floor":[109,125,125,140,140,140,154,172,220,63,90,110,110,124,124,219,219,232,267,286,201,216,231,231,231,257,283,298,101,119,132,132,228,228,246,260,482,482,31,31,51,71,71,71,71,71,21,34,34,34,34],"floor_reached":50,"language":"ZHS","playtime":1882,"items_purged":["downfall:Bewildered","Defend_P","Defend_P"],"score":458,"play_id":"b769cad9-3e39-4bde-b48b-c492554276d7","local_time":"20210216143813","is_ascension_mode":false,"campfire_choices":[{"data":"ReachHeaven","floor":6.0,"key":"SMITH"},{"data":"Eruption","floor":13.0,"key":"SMITH"},{"data":"JustLucky","floor":15.0,"key":"SMITH"},{"floor":24,"key":"RECALL"},{"floor":32,"key":"REST"},{"data":"Judgement","floor":44,"key":"SMITH"},{"data":"Scrawl","floor":46,"key":"SMITH"},{"data":"DevaForm","floor":49,"key":"SMITH"}],"circlet_count":0,"master_deck":["Strike_P","Strike_P","Strike_P+1","Strike_P+1","Defend_P","Eruption+1","Vigilance","ReachHeaven+1","TalkToTheHand","EmptyFist","Tantrum","Vengeance","InnerPeace","JustLucky+1","ConjureBlade","FearNoEvil+1","FlurryOfBlows","ClearTheMind","Adaptation+1","Judgement+1","Tantrum+1","WheelKick+1","Scrawl+1","BowlingBash+1","Writhe","CarveReality+1","DevaForm+1"],"relics":["PureWater","NeowsBlessing","reliquary:WeakTea","Juzu Bracelet","reliquary:RedPaperclip","Red Mask","Smiling Mask","sneckomod:BabySnecko","Blood Vial","Vajra","Coffee Dripper","Toxic Egg 2","Bag of Marbles","Pear"],"acts_visited":["Exordium","TheCity","TheBeyond"],"potions_floor_usage":[27,33,33,50],"damage_taken":[{"damage":0.0,"enemies":"Small Slimes","floor":1.0,"turns":1.0},{"damage":0.0,"enemies":"Cultist","floor":2.0,"turns":1.0},{"damage":0.0,"enemies":"Jaw Worm","floor":4.0,"turns":1.0},{"damage":1.0,"enemies":"Exordium Wildlife","floor":7.0,"turns":3.0},{"damage":12.0,"enemies":"3 Louse","floor":8.0,"turns":2.0},{"damage":2.0,"enemies":"Looter","floor":12.0,"turns":3.0},{"damage":5.0,"enemies":"Red Slaver","floor":14.0,"turns":2.0},{"damage":21.0,"enemies":"Hexaghost","floor":16.0,"turns":6.0},{"damage":0.0,"enemies":"Chosen","floor":18.0,"turns":3.0},{"damage":0.0,"enemies":"Masked Bandits","floor":19.0,"turns":2.0},{"damage":0.0,"enemies":"Shell Parasite","floor":20.0,"turns":2.0},{"damage":10.0,"enemies":"3 Cultists","floor":22.0,"turns":4.0},{"damage":0.0,"enemies":"Snecko","floor":23.0,"turns":2.0},{"damage":8,"enemies":"Book of Stabbing","floor":27,"turns":4},{"damage":9,"enemies":"Cultist and Chosen","floor":28,"turns":4},{"damage":36,"enemies":"Snake Plant","floor":30,"turns":4},{"damage":6,"enemies":"Shelled Parasite and Fungi","floor":31,"turns":4},{"damage":29,"enemies":"Champ","floor":33,"turns":6},{"damage":7,"enemies":"3 Darklings","floor":35,"turns":2},{"damage":30,"enemies":"3 Shapes","floor":36,"turns":2},{"damage":0,"enemies":"Maw","floor":41,"turns":3},{"damage":0,"enemies":"Spire Growth","floor":42,"turns":2},{"damage":19,"enemies":"3 Darklings","floor":48,"turns":3},{"damage":38,"enemies":"Donu and Deca","floor":50,"turns":3}],"seed_played":"6706664895035034379","potions_obtained":[{"floor":1.0,"key":"GamblersBrew"},{"floor":2.0,"key":"SkillPotion"},{"floor":12.0,"key":"champ:CounterPotion"},{"floor":14.0,"key":"Explosive Potion"},{"floor":16.0,"key":"bronze:BurnAndBuffPotion"},{"floor":19.0,"key":"SkillPotion"},{"floor":23,"key":"Dexterity Potion"},{"floor":28,"key":"FearPotion"},{"floor":31,"key":"LiquidBronze"},{"floor":36,"key":"BottledMiracle"}],"is_trial":false,"path_per_floor":["M","M","$","M","?","R","M","M","T","$","T","M","R","M","R","B",null,"M","?","M","?","M","M","R","?","T","E","M","$","M","M","R","B",null,"M","M","?","?","$","?","M","M","T","R","?","R","$","M","R","B"],"character_chosen":"WATCHER","items_purchased":["reliquary:Buckler","Judgement","Toxic Egg 2","Bag of Marbles"],"campfire_rested":1,"item_purchase_floors":[10,29,39,39],"current_hp_per_floor":[72,72,72,72,72,72,71,59,59,59,59,57,57,52,52,31,72,72,72,72,72,62,62,62,62,62,56,49,49,15,11,32,5,72,65,37,37,37,37,55,57,59,69,69,69,69,69,52,52,16,16],"gold":34,"neow_bonus":"THREE_ENEMY_KILL","is_daily":false,"chose_seed":false,"campfire_upgraded":6,"win_rate":0.0,"timestamp":1613457493,"path_taken":["M","M","$","M","?","R","?","M","T","?","?","M","R","M","R","BOSS","M","?","M","?","M","M","R","?","T","E","M","$","M","M","R","BOSS","M","M","?","?","$","?","M","M","T","R","?","R","$","M","R","BOSS"],"items_purchased_type":["Relic","Card","Relic","Relic"],"build_version":"2020-12-22","purchased_purges":3,"victory":false,"max_hp_per_floor":[72,72,72,72,72,72,72,72,72,72,72,72,72,72,72,72,72,72,72,72,72,72,72,72,72,72,72,72,72,72,72,72,72,72,72,72,72,72,72,72,72,72,82,82,82,82,82,82,82,82,82],"card_choices":[{"not_picked":["JustLucky","PathToVictory"],"picked":"ReachHeaven","floor":1.0},{"not_picked":["FlurryOfBlows","CrushJoints"],"picked":"TalkToTheHand","floor":2.0},{"not_picked":["DevaForm","EmptyMind"],"picked":"EmptyFist","floor":4.0},{"not_picked":["JustLucky","MentalFortress"],"picked":"Tantrum","floor":7.0},{"not_picked":["WindmillStrike","WreathOfFlame"],"picked":"Vengeance","floor":8.0},{"not_picked":["Sanctity","WaveOfTheHand"],"picked":"InnerPeace","floor":12.0},{"not_picked":["TalkToTheHand","Protect"],"picked":"JustLucky","floor":14.0},{"not_picked":["Devotion","LessonLearned"],"picked":"ConjureBlade","floor":16.0},{"not_picked":["FlurryOfBlows","Protect+1"],"picked":"FearNoEvil+1","floor":18.0},{"not_picked":["Prostrate","EmptyFist+1"],"picked":"LikeWater","floor":20.0},{"not_picked":["CutThroughFate","JustLucky"],"picked":"FlurryOfBlows","floor":22.0},{"not_picked":["PathToVictory","FlyingSleeves"],"picked":"ClearTheMind","floor":23},{"not_picked":["Protect","SashWhip"],"picked":"Adaptation+1","floor":27},{"not_picked":["SashWhip","PathToVictory","Protect"],"picked":"SKIP","floor":28},{"not_picked":["EmptyBody+1","SashWhip"],"picked":"Tantrum+1","floor":30},{"not_picked":["BowlingBash","SignatureMove"],"picked":"WheelKick+1","floor":31},{"not_picked":["Vault","Alpha"],"picked":"Scrawl","floor":33},{"not_picked":["JustLucky+1","TalkToTheHand","EmptyBody+1"],"picked":"SKIP","floor":35},{"not_picked":["CrushJoints+1","ThirdEye"],"picked":"BowlingBash+1","floor":36},{"not_picked":["WheelKick+1","JustLucky+1","Nirvana+1"],"picked":"SKIP","floor":41},{"not_picked":["CutThroughFate+1","Protect+1"],"picked":"CarveReality+1","floor":42},{"not_picked":["Consecrate+1","FlurryOfBlows"],"picked":"DevaForm","floor":48}],"player_experience":186366,"relics_obtained":[{"floor":9.0,"key":"reliquary:WeakTea"},{"floor":11.0,"key":"Juzu Bracelet"},{"floor":19.0,"key":"Red Mask"},{"floor":26,"key":"Blood Vial"},{"floor":27,"key":"Vajra"},{"floor":43,"key":"Pear"}],"event_choices":[{"damage_healed":0.0,"max_hp_gain":0.0,"max_hp_loss":0.0,"gold_gain":0.0,"event_name":"WeMeetAgain","player_choice":"Gave Potion","floor":5.0,"gold_loss":0.0,"damage_taken":0.0,"relics_obtained":["Kunai"]},{"damage_healed":0.0,"max_hp_gain":0.0,"max_hp_loss":0.0,"gold_gain":0.0,"event_name":"Masked Bandits","player_choice":"Fought Bandits","floor":19.0,"gold_loss":0.0,"damage_taken":0.0},{"damage_healed":0.0,"max_hp_gain":0.0,"max_hp_loss":0.0,"gold_gain":0.0,"event_name":"Addict","player_choice":"Obtained Relic","floor":21.0,"gold_loss":85.0,"damage_taken":0.0,"relics_obtained":["Smiling Mask"]},{"damage_healed":0,"gold_gain":222,"player_choice":"Wore Mask","damage_taken":0,"max_hp_gain":0,"max_hp_loss":0,"event_name":"Tomb of Lord Red Mask","floor":37,"gold_loss":0},{"cards_removed":["LikeWater"],"damage_healed":0,"gold_gain":0,"player_choice":"Removed Power","damage_taken":0,"max_hp_gain":0,"max_hp_loss":0,"event_name":"Falling","floor":38,"gold_loss":0},{"damage_healed":18,"gold_gain":0,"player_choice":"Writhe","damage_taken":0,"max_hp_gain":0,"max_hp_loss":0,"event_name":"Winding Halls","floor":40,"gold_loss":0,"cards_obtained":["Writhe"]},{"cards_removed":["Defend_P"],"damage_healed":0,"gold_gain":0,"player_choice":"Purged","damage_taken":0,"max_hp_gain":0,"max_hp_loss":0,"event_name":"Purifier","floor":45,"gold_loss":0}],"is_beta":false,"boss_relics":[{"not_picked":["sneckomod:SneckoTalon","reliquary:Craggleroot"],"picked":"reliquary:RedPaperclip"},{"not_picked":["Snecko Eye","Tiny House"],"picked":"Coffee Dripper"}],"items_purged_floors":[29,39,47],"is_endless":false,"potions_floor_spawned":[1,2,12,14,16,19,23,28,31,36],"killed_by":"Donu and Deca","ascension_level":0}}