{"host":"ssahdsoo349p0ms1","time":1613515313,"event":{"mods":["AchievementEnabler","BaseMod","Colored Powertips","Filter the Spire","Minty Spire (QoL Compilation)","StSLib"],"gold_per_floor":[112,125,142,153,78,78,113,113,139,158,188,188,200,226,226,304,304,318,350,362,362,10,10,10,41,41,41,41,41,75,94,94,170,170,183,197,208,222,274,304,314,339,363,394,394,423,448,473,473,473,473,473,62,89,89],"floor_reached":56,"language":"ENG","playtime":3927,"items_purged":["Strike_G","Strike_G","Strike_G"],"score":2456,"play_id":"455a60c0-f608-46b0-9c5d-2d9f80692f54","local_time":"20210216164153","is_ascension_mode":true,"campfire_choices":[{"data":"Bouncing Flask","floor":6.0,"key":"SMITH"},{"data":"Footwork","floor":15.0,"key":"SMITH"},{"floor":23.0,"key":"REST"},{"data":"Writhe","floor":28.0,"key":"PURGE"},{"data":"A Thousand Cuts","floor":32.0,"key":"SMITH"},{"data":"Catalyst","floor":45.0,"key":"SMITH"},{"floor":49.0,"key":"RECALL"},{"data":"Burst","floor":52.0,"key":"SMITH"}],"circlet_count":0,"master_deck":["AscendersBane","Defend_G","Defend_G","Defend_G","Defend_G","Defend_G","Survivor","Neutralize","Leg Sweep","Bouncing Flask+1","Dagger Throw","Leg Sweep","Footwork+1","Adrenaline","A Thousand Cuts+1","CurseOfTheBell","Underhanded Strike","Choke","Eviscerate","After Image","Acrobatics","Bullet Time","Underhanded Strike+1","Catalyst+1","Blur","Burst+1","Predator","PiercingWail","Calculated Gamble","Blade Dance+1","Noxious Fumes","Bullet Time"],"relics":["Snecko Eye","Smiling Mask","Bag of Marbles","Bronze Scales","Odd Mushroom","Calling Bell","Blood Vial","Matryoshka","Peace Pipe","Red Mask","Bag of Preparation","Pear","Anchor","WingedGreaves","Meat on the Bone","Nunchaku","TungstenRod","Happy Flower","Philosopher\u0027s Stone","StoneCalendar","Regal Pillow","Pantograph","Kunai","Shuriken","Lizard Tail","Singing Bowl","Torii","Gremlin Horn"],"acts_visited":["Exordium","TheCity","TheBeyond","TheEnding"],"potions_floor_usage":[55],"damage_taken":[{"damage":0.0,"enemies":"2 Louse","floor":1.0,"turns":2.0},{"damage":3.0,"enemies":"Jaw Worm","floor":2.0,"turns":9.0},{"damage":0.0,"enemies":"Cultist","floor":3.0,"turns":3.0},{"damage":0.0,"enemies":"Looter","floor":4.0,"turns":3.0},{"damage":4.0,"enemies":"Lagavulin","floor":7.0,"turns":5.0},{"damage":0.0,"enemies":"2 Fungi Beasts","floor":10.0,"turns":3.0},{"damage":8.0,"enemies":"Gremlin Nob","floor":11.0,"turns":4.0},{"damage":3.0,"enemies":"Exordium Wildlife","floor":13.0,"turns":5.0},{"damage":22.0,"enemies":"The Mushroom Lair","floor":14.0,"turns":5.0},{"damage":48.0,"enemies":"Slime Boss","floor":16.0,"turns":14.0},{"damage":10.0,"enemies":"Spheric Guardian","floor":18.0,"turns":5.0},{"damage":34.0,"enemies":"Masked Bandits","floor":19.0,"turns":6.0},{"damage":19.0,"enemies":"3 Byrds","floor":20.0,"turns":5.0},{"damage":10.0,"enemies":"Gremlin Leader","floor":25.0,"turns":6.0},{"damage":1.0,"enemies":"Slavers","floor":30.0,"turns":5.0},{"damage":1.0,"enemies":"Centurion and Healer","floor":31.0,"turns":5.0},{"damage":39.0,"enemies":"Champ","floor":33.0,"turns":15.0},{"damage":0.0,"enemies":"3 Shapes","floor":35.0,"turns":2.0},{"damage":15.0,"enemies":"3 Darklings","floor":36.0,"turns":4.0},{"damage":2.0,"enemies":"Spire Growth","floor":37.0,"turns":4.0},{"damage":6.0,"enemies":"Writhing Mass","floor":38.0,"turns":5.0},{"damage":21.0,"enemies":"2 Orb Walkers","floor":39.0,"turns":4.0},{"damage":5.0,"enemies":"Nemesis","floor":40.0,"turns":7.0},{"damage":5.0,"enemies":"4 Shapes","floor":41.0,"turns":4.0},{"damage":9.0,"enemies":"Reptomancer","floor":42.0,"turns":8.0},{"damage":0.0,"enemies":"Nemesis","floor":44.0,"turns":5.0},{"damage":0.0,"enemies":"Reptomancer","floor":46.0,"turns":4.0},{"damage":0.0,"enemies":"Mind Bloom Boss Battle","floor":47.0,"turns":6.0},{"damage":0.0,"enemies":"Nemesis","floor":48.0,"turns":5.0},{"damage":44.0,"enemies":"Time Eater","floor":50.0,"turns":11.0},{"damage":19,"enemies":"Shield and Spear","floor":54,"turns":7},{"damage":23,"enemies":"The Heart","floor":55,"turns":8}],"seed_played":"5732341186636097430","potions_obtained":[{"floor":3.0,"key":"SmokeBomb"},{"floor":4.0,"key":"ColorlessPotion"},{"floor":7.0,"key":"GamblersBrew"},{"floor":10.0,"key":"Poison Potion"},{"floor":14.0,"key":"SteroidPotion"},{"floor":18.0,"key":"Block Potion"},{"floor":25.0,"key":"BlessingOfTheForge"},{"floor":30.0,"key":"LiquidMemories"},{"floor":37.0,"key":"SkillPotion"},{"floor":38.0,"key":"Energy Potion"},{"floor":41.0,"key":"Weak Potion"},{"floor":46.0,"key":"SteroidPotion"},{"floor":47.0,"key":"AttackPotion"},{"floor":54,"key":"PowerPotion"}],"is_trial":false,"path_per_floor":["M","M","M","M","$","R","E","?","T","M","E","?","M","?","R","B",null,"M","?","M","T","$","R","$","E","T","?","R","?","E","M","R","B",null,"M","M","M","M","?","E","M","E","T","E","R","E","?","E","R","B",null,"R","$","E","B",null],"character_chosen":"THE_SILENT","items_purchased":["Anchor","Regen Potion","Block Potion","Torii","Noxious Fumes"],"campfire_rested":1,"item_purchase_floors":[22,22,22,53,53],"current_hp_per_floor":[59,56,56,56,56,56,52,52,52,52,44,76,73,51,51,3,58,50,18,1,11,11,36,36,43,43,43,43,43,44,45,45,20,70,72,59,59,55,48,45,54,47,47,49,49,51,78,82,82,56,80,80,80,63,65],"gold":89,"neow_bonus":"BOSS_RELIC","is_daily":false,"chose_seed":false,"campfire_upgraded":5,"win_rate":0.0,"timestamp":1613515313,"path_taken":["M","M","M","M","$","R","E","?","T","M","E","?","?","?","R","BOSS","M","?","M","?","$","R","$","E","T","?","R","?","E","M","R","BOSS","M","M","?","M","?","E","M","E","T","E","R","E","?","E","R","BOSS","R","$","E","BOSS"],"items_purchased_type":["Relic","Potion","Potion","Relic","Card"],"build_version":"2020-12-22","purchased_purges":3,"victory":true,"max_hp_per_floor":[66,66,66,66,66,66,66,66,66,66,66,76,76,76,76,76,76,76,76,76,86,86,86,86,86,86,86,86,86,86,86,86,86,86,86,86,86,86,86,86,86,86,86,86,86,86,86,88,88,88,88,88,88,88,88],"card_choices":[{"not_picked":["Underhanded Strike","Dagger Spray"],"picked":"Leg Sweep","floor":1.0},{"not_picked":["Deflect","Dodge and Roll"],"picked":"Bouncing Flask","floor":2.0},{"not_picked":["Flying Knee","Deadly Poison"],"picked":"Dagger Throw","floor":3.0},{"not_picked":["Outmaneuver","Poisoned Stab"],"picked":"Leg Sweep","floor":4.0},{"not_picked":["Quick Slash","Slice"],"picked":"Footwork","floor":7.0},{"not_picked":["Deflect","Prepared"],"picked":"Adrenaline","floor":10.0},{"not_picked":["Unload","Escape Plan","Dagger Spray"],"picked":"SKIP","floor":11.0},{"not_picked":["Deadly Poison","Dagger Spray","Expertise"],"picked":"SKIP","floor":13.0},{"not_picked":["Unload","Glass Knife"],"picked":"A Thousand Cuts","floor":16.0},{"not_picked":["Concentrate","Bouncing Flask"],"picked":"Underhanded Strike","floor":18.0},{"not_picked":["Escape Plan","Concentrate"],"picked":"Choke","floor":19.0},{"not_picked":["Prepared","All Out Attack+1","Die Die Die"],"picked":"SKIP","floor":20.0},{"not_picked":["All Out Attack","Dagger Spray+1","Endless Agony"],"picked":"SKIP","floor":25.0},{"not_picked":["Escape Plan","Blade Dance"],"picked":"After Image","floor":30.0},{"not_picked":["Bane+1","Outmaneuver"],"picked":"Acrobatics","floor":31.0},{"not_picked":["Corpse Explosion","Grand Finale"],"picked":"Bullet Time","floor":33.0},{"not_picked":["Heel Hook+1","Dodge and Roll"],"picked":"Underhanded Strike+1","floor":35.0},{"not_picked":["Heel Hook+1","Dodge and Roll"],"picked":"Catalyst","floor":36.0},{"not_picked":["Flechettes+1","Expertise","Prepared"],"picked":"SKIP","floor":37.0},{"not_picked":["Outmaneuver","Underhanded Strike","Cloak And Dagger"],"picked":"SKIP","floor":38.0},{"not_picked":["Calculated Gamble","Skewer"],"picked":"Blur","floor":39.0},{"not_picked":["Infinite Blades+1","Underhanded Strike"],"picked":"Burst","floor":40.0},{"not_picked":["Backflip","Masterful Stab+1"],"picked":"Predator","floor":41.0},{"not_picked":["Deadly Poison","Poisoned Stab"],"picked":"PiercingWail","floor":42.0},{"not_picked":["Underhanded Strike","Skewer"],"picked":"Calculated Gamble","floor":44.0},{"not_picked":["Bane+1","Sucker Punch","Outmaneuver"],"picked":"SKIP","floor":46.0},{"not_picked":["Blur","Deflect"],"picked":"Blade Dance+1","floor":47.0},{"not_picked":["Poisoned Stab","Deadly Poison","Underhanded Strike"],"picked":"Singing Bowl","floor":48.0},{"not_picked":["Sucker Punch","Riddle With Holes"],"picked":"Bullet Time","floor":54}],"player_experience":613446,"relics_obtained":[{"floor":7.0,"key":"Smiling Mask"},{"floor":9.0,"key":"Bag of Marbles"},{"floor":11.0,"key":"Bronze Scales"},{"floor":14.0,"key":"Odd Mushroom"},{"floor":17.0,"key":"Blood Vial"},{"floor":17.0,"key":"Matryoshka"},{"floor":17.0,"key":"Peace Pipe"},{"floor":19.0,"key":"Red Mask"},{"floor":21.0,"key":"Bag of Preparation"},{"floor":21.0,"key":"Pear"},{"floor":25.0,"key":"WingedGreaves"},{"floor":26.0,"key":"Meat on the Bone"},{"floor":26.0,"key":"Nunchaku"},{"floor":30.0,"key":"Happy Flower"},{"floor":39.0,"key":"StoneCalendar"},{"floor":40.0,"key":"Regal Pillow"},{"floor":42.0,"key":"Pantograph"},{"floor":44.0,"key":"Kunai"},{"floor":46.0,"key":"Shuriken"},{"floor":47.0,"key":"Lizard Tail"},{"floor":48.0,"key":"Singing Bowl"},{"floor":54,"key":"Gremlin Horn"}],"event_choices":[{"damage_healed":0.0,"max_hp_gain":0.0,"max_hp_loss":0.0,"gold_gain":0.0,"cards_transformed":["Strike_G"],"event_name":"Living Wall","player_choice":"Change","floor":8.0,"gold_loss":0.0,"damage_taken":0.0,"cards_obtained":["A Thousand Cuts"]},{"cards_removed":["A Thousand Cuts"],"damage_healed":22.0,"max_hp_gain":10.0,"max_hp_loss":0.0,"gold_gain":0.0,"event_name":"Bonfire Elementals","player_choice":"Offered Rare","floor":12.0,"gold_loss":0.0,"damage_taken":0.0},{"damage_healed":0.0,"max_hp_gain":0.0,"max_hp_loss":0.0,"gold_gain":0.0,"event_name":"Mushrooms","player_choice":"Fought Mushrooms","floor":14.0,"gold_loss":0.0,"damage_taken":0.0},{"damage_healed":0.0,"max_hp_gain":0.0,"max_hp_loss":0.0,"gold_gain":0.0,"event_name":"Masked Bandits","player_choice":"Fought Bandits","floor":19.0,"gold_loss":0.0,"damage_taken":0.0},{"damage_healed":0.0,"max_hp_gain":0.0,"max_hp_loss":0.0,"gold_gain":0.0,"event_name":"The Mausoleum","player_choice":"Opened","floor":27.0,"gold_loss":0.0,"damage_taken":0.0,"relics_obtained":["TungstenRod"],"cards_obtained":["Writhe"]},{"damage_healed":0.0,"max_hp_gain":0.0,"max_hp_loss":0.0,"gold_gain":0.0,"cards_transformed":["Strike_G"],"event_name":"Transmorgrifier","player_choice":"Transformed","floor":29.0,"gold_loss":0.0,"damage_taken":0.0,"cards_obtained":["Eviscerate"]},{"damage_healed":0.0,"max_hp_gain":0.0,"max_hp_loss":0.0,"gold_gain":0.0,"event_name":"Mysterious Sphere","player_choice":"Fight","floor":39.0,"gold_loss":0.0,"damage_taken":0.0},{"damage_healed":0.0,"max_hp_gain":0.0,"max_hp_loss":0.0,"gold_gain":0.0,"event_name":"MindBloom","player_choice":"Fight","floor":47.0,"gold_loss":0.0,"damage_taken":0.0}],"is_beta":false,"boss_relics":[{"not_picked":["Velvet Choker","Cursed Key"],"picked":"Calling Bell"},{"not_picked":["SlaversCollar","Pandora\u0027s Box"],"picked":"Philosopher\u0027s Stone"}],"items_purged_floors":[5,22,53],"is_endless":false,"potions_floor_spawned":[3,4,7,10,13,14,18,25,30,37,38,41,46,47,54],"ascension_level":19}}