{"host":"d2gh6suihlstufn7","time":1613468257,"event":{"mods":["AchievementEnabler","BaseMod","Colored Map","Colored Powertips","Minty Spire (QoL Compilation)","Permanent Neow","Quick Restart"],"gold_per_floor":[117,192,192,212,137,137,148,323,323,343,359,376,376,376,376,376,376],"floor_reached":16,"language":"KOR","playtime":382,"items_purged":["Body Slam"],"score":92,"play_id":"f745706d-ef99-49e1-a3c1-b0798222b818","local_time":"20210216183737","is_ascension_mode":false,"campfire_choices":[{"floor":6,"key":"RECALL"},{"floor":15,"key":"REST"}],"circlet_count":0,"master_deck":["Bash","Whirlwind","Reaper","Armaments+1","Entrench","Reaper","Clothesline","Bludgeon","Cleave+1","Fire Breathing","Headbutt","Doubt"],"relics":["Pandora\u0027s Box","Eternal Feather","Du-Vu Doll"],"acts_visited":["Exordium"],"potions_floor_usage":[16,16],"damage_taken":[{"damage":3,"enemies":"Small Slimes","floor":1,"turns":2},{"damage":6,"enemies":"2 Louse","floor":4,"turns":2},{"damage":11,"enemies":"Jaw Worm","floor":7,"turns":2},{"damage":14,"enemies":"3 Louse","floor":10,"turns":2},{"damage":15,"enemies":"Looter","floor":11,"turns":3},{"damage":16,"enemies":"Large Slime","floor":12,"turns":5},{"damage":56,"enemies":"The Guardian","floor":16,"turns":8}],"seed_played":"225795844203282275","potions_obtained":[{"floor":10,"key":"LiquidMemories"},{"floor":12,"key":"DuplicationPotion"}],"is_trial":false,"path_per_floor":["M","?","?","M","$","R","M","?","T","M","M","M","T","T","R","B"],"character_chosen":"IRONCLAD","items_purchased":[],"campfire_rested":1,"item_purchase_floors":[],"current_hp_per_floor":[77,66,50,54,54,54,43,43,43,44,33,23,23,23,53,0,0],"gold":376,"neow_bonus":"BOSS_RELIC","is_daily":false,"chose_seed":false,"campfire_upgraded":0,"win_rate":0.0,"timestamp":1613468257,"path_taken":["M","?","?","M","?","R","M","?","T","M","M","M","?","?","R","BOSS"],"items_purchased_type":[],"build_version":"2020-12-22","purchased_purges":1,"victory":false,"max_hp_per_floor":[80,80,80,80,80,80,80,80,80,80,80,80,80,80,80,80,80],"card_choices":[{"not_picked":["Perfected Strike","Flex"],"picked":"Fire Breathing","floor":1},{"not_picked":["Rupture","True Grit"],"picked":"Headbutt","floor":4},{"not_picked":["Warcry","Clash","Dark Embrace"],"picked":"SKIP","floor":7},{"not_picked":["Hemokinesis","Metallicize","Heavy Blade"],"picked":"SKIP","floor":10},{"not_picked":["Thunderclap","Body Slam","Carnage"],"picked":"SKIP","floor":11},{"not_picked":["True Grit","Second Wind","Flame Barrier"],"picked":"SKIP","floor":12}],"player_experience":212467,"relics_obtained":[{"floor":13,"key":"Eternal Feather"},{"floor":14,"key":"Du-Vu Doll"}],"event_choices":[{"damage_healed":0,"gold_gain":75,"player_choice":"Gather Gold","damage_taken":11,"max_hp_gain":0,"max_hp_loss":0,"event_name":"World of Goop","floor":2,"gold_loss":0},{"damage_healed":0,"gold_gain":0,"player_choice":"Entered Light","damage_taken":16,"max_hp_gain":0,"max_hp_loss":0,"event_name":"Shining Light","floor":3,"gold_loss":0,"cards_upgraded":["Cleave","Armaments"]},{"damage_healed":0,"gold_gain":175,"player_choice":"AGREE","damage_taken":0,"max_hp_gain":0,"max_hp_loss":0,"event_name":"Liars Game","floor":8,"gold_loss":0,"cards_obtained":["Doubt"]}],"is_beta":false,"boss_relics":[],"items_purged_floors":[5],"is_endless":false,"potions_floor_spawned":[10,12],"killed_by":"The Guardian","ascension_level":0}}