{"host":"c1oza4x7xlyuasvd","time":1613487789,"event":{"mods":["ATMod(°¢èªMod)","Act Like it!","BaseMod","Better Vampires","Colored Powertips","Gensokyo","Marisa£¨ìFÓê¡¡Ä§ÀíÉ³£©","Minty Spire (QoL Compilation)","MostiFishMod","Reimu£¨²©ÀöÁéÃÎ£©","StSLib","TestMod","Waifu the Spire","Youmu£¨»êÆÇÑýÃÎ£©"],"gold_per_floor":[110,110,110,127,143,143,220,252,252,252,252,92,109,34,34,193,193,213,213,60,109,109,109,138,138,138,152,172,172,258,325,325,468,468,506,522,365,275,275,418,67,123,147,177,177,188,188,207,207,207,207,207,207,258,258],"floor_reached":56,"language":"ZHS","playtime":3990,"items_purged":["Strike_MRS"],"score":1548,"play_id":"1cf5fe8e-479b-4080-a364-5ce87b30f735","local_time":"20210216230308","is_ascension_mode":false,"campfire_choices":[{"data":"UltimateShortwave","floor":6.0,"key":"SMITH"},{"data":"CollectingQuirk","floor":10.0,"key":"SMITH"},{"data":"Robbery","floor":15.0,"key":"SMITH"},{"data":"MilkyWay","floor":23.0,"key":"SMITH"},{"data":"PowerUp","floor":25.0,"key":"SMITH"},{"data":"Acceleration","floor":32.0,"key":"SMITH"},{"data":"UpSweep","floor":47.0,"key":"SMITH"},{"floor":49.0,"key":"RECALL"},{"data":"Gensokyo:UnhurriedMind","floor":52.0,"key":"SMITH"}],"circlet_count":0,"master_deck":["Strike_MRS","Strike_MRS","Defend_MRS","Defend_MRS","Defend_MRS","Defend_MRS","UpSweep+1","CollectingQuirk+1","Robbery+1","UltimateShortwave+1","TreasureHunter","Necronomicurse","MilkyWay+1","AbsoluteMagnitude","6A+1","PowerUp+1","Gensokyo:FourOfAKind","Gensokyo:FourOfAKind","Gensokyo:FourOfAKind","Gensokyo:FourOfAKind","Acceleration+1","Parasite","Parasite","Writhe","Gensokyo:UnhurriedMind+1","MostiFishMod:Mottled+1","CasketOfStar+1"],"relics":["MiniHakkero","testmod-TestBox","AT_ATBox","DaveBox","RhineSuit","testmod-AscensionHeart","NeowsBlessing","SynthV:TestCard","Gensokyo:MarisaIngredientList","Bronze Scales","Gensokyo:CelestialsFlawlessClothing","Necronomicon","SentryEyes","JellyFishMachine","Gensokyo:SongOfSouls","Civilization","Mango","ShroomBag","testmod-Antiphasic","TungstenRod","RhineCircuit","Potion Belt","Singing Bowl","DiscerningMonocle","AT_TimeSand","testmod-TurbochargingSystem","MealTicket","testmod-EqualTreatment","Centennial Puzzle","CombinedTypeHook","RuthlessExorcism:ReiMu","Oddly Smooth Stone","BrkXgEgg","Nunchaku"],"acts_visited":["Exordium","Gensokyo:Gensokyo","Gensokyo:Gensokyoer","TheEnding"],"potions_floor_usage":[55,55,55,55,55,55,55,55,55],"damage_taken":[{"damage":0.0,"enemies":"Gensokyo:2_Kodama","floor":1.0,"turns":1.0},{"damage":0.0,"enemies":"Gensokyo:Gryphon","floor":4.0,"turns":1.0},{"damage":0.0,"enemies":"Gensokyo:Python","floor":5.0,"turns":1.0},{"damage":1.0,"enemies":"Gensokyo:Aya","floor":7.0,"turns":3.0},{"damage":4.0,"enemies":"Gensokyo:3_Kodama","floor":8.0,"turns":3.0},{"damage":1.0,"enemies":"Gensokyo:Gryphon_and_Rabbit","floor":13.0,"turns":1.0},{"damage":6.0,"enemies":"Gensokyo:Reimu","floor":16.0,"turns":3.0},{"damage":1.0,"enemies":"Gensokyo:2_Gloops","floor":18.0,"turns":1.0},{"damage":6.0,"enemies":"Gensokyo:3_Dogs","floor":21.0,"turns":3.0},{"damage":2.0,"enemies":"Gensokyo:Koishi","floor":24.0,"turns":4.0},{"damage":1.0,"enemies":"Gensokyo:3_Gloops","floor":27.0,"turns":2.0},{"damage":1.0,"enemies":"Gensokyo:Wraith","floor":28.0,"turns":3.0},{"damage":7.0,"enemies":"Gensokyo:Tenshi","floor":30.0,"turns":3.0},{"damage":2.0,"enemies":"Gensokyo:Swordslinger","floor":31.0,"turns":2.0},{"damage":77.0,"enemies":"Gensokyo:Eternal_Rivals","floor":33.0,"turns":5.0},{"damage":0.0,"enemies":"Gensokyo:3_Boulders","floor":35.0,"turns":3.0},{"damage":1.0,"enemies":"Gensokyo:AncientGuardian","floor":36.0,"turns":2.0},{"damage":44.0,"enemies":"Gensokyo:AncientGuardian","floor":39.0,"turns":4.0},{"damage":0.0,"enemies":"Gensokyo:Marisa","floor":40.0,"turns":1.0},{"damage":1.0,"enemies":"Gensokyo:Doremy","floor":42.0,"turns":6.0},{"damage":1.0,"enemies":"Gensokyo:Marisa","floor":44.0,"turns":1.0},{"damage":1.0,"enemies":"Gensokyo:Rafflesia","floor":46.0,"turns":2.0},{"damage":0.0,"enemies":"Gensokyo:AtlasGolem","floor":48.0,"turns":3.0},{"damage":2.0,"enemies":"Gensokyo:Yuyuko","floor":50.0,"turns":2.0},{"damage":1.0,"enemies":"Shield and Spear","floor":54.0,"turns":2.0},{"damage":45,"enemies":"The Heart","floor":55,"turns":4}],"seed_played":"7460439673528914239","potions_obtained":[{"floor":4.0,"key":"Weak Potion"},{"floor":5.0,"key":"EntropicBrew"},{"floor":18.0,"key":"Dexterity Potion"},{"floor":30.0,"key":"ShroomBrew"},{"floor":44.0,"key":"Weak Potion"},{"floor":46.0,"key":"BottledSpark"},{"floor":54.0,"key":"FairyPotion"}],"is_trial":false,"path_per_floor":["M","?","?","M","M","R","E","M","T","R","?","?","M","$","R","B",null,"M","?","$","M","?","R","E","R","T","M","M","?","E","M","R","B",null,"M","M","$","?","?","E","COS","E","T","E","?","M","R","M","R","B",null,"R","$","E","B",null],"character_chosen":"MARISA","items_purchased":["Civilization","Potion Belt","RuthlessExorcism:ReiMu","Oddly Smooth Stone","BrkXgEgg","EntropicBrew","MostiFishMod:Mottled+1"],"campfire_rested":0,"item_purchase_floors":[20,37,53,53,53,53,53],"current_hp_per_floor":[75,75,75,75,75,75,74,70,70,70,52,52,51,51,51,45,75,74,74,74,71,55,55,71,71,71,75,79,79,81,86,86,23,103,108,112,112,112,112,119,119,129,129,135,135,141,141,150,150,155,155,155,155,159,126],"gold":258,"neow_bonus":"THREE_ENEMY_KILL","is_daily":false,"chose_seed":false,"campfire_upgraded":8,"win_rate":0.0,"timestamp":1613487788,"path_taken":["M","?","?","?","M","R","E","M","T","R","?","?","?","?","R","BOSS","M","?","$","M","?","R","E","R","T","M","M","?","E","M","R","BOSS","M","M","$","?","?","E","COS","E","T","E","?","M","R","?","R","BOSS","R","$","E","BOSS"],"items_purchased_type":["Relic","Relic","Relic","Relic","Relic","Potion","Card"],"build_version":"2020-12-22","purchased_purges":1,"victory":true,"max_hp_per_floor":[75,75,75,75,75,75,75,75,75,75,75,75,75,75,75,75,75,75,75,75,78,55,55,73,73,73,78,83,83,88,93,93,103,103,108,113,113,113,113,120,120,129,129,136,136,143,143,150,150,155,155,155,155,160,170],"card_choices":[{"not_picked":["GalacticHalo","LuminesStrike"],"picked":"EnergyFlow","floor":1.0},{"not_picked":["PowerUp","MilkyWay","OortCloud","ShootingEcho"],"picked":"Robbery","floor":4.0},{"not_picked":["LuminesStrike","Orbital","WitchOfGreed","MysteriousBeam"],"picked":"UltimateShortwave","floor":5.0},{"not_picked":["PowerUp","MeteoricShower","LuminesStrike","EnergyRecoil"],"picked":"TreasureHunter","floor":7.0},{"not_picked":["PulseMagic","WitchLeyline","AsteroidBelt","DragonMeteor","MysteriousBeam"],"picked":"SKIP","floor":8.0},{"not_picked":["ManaRampage","SporeBomb","IllusionStar","GalacticHalo"],"picked":"MilkyWay","floor":13.0},{"not_picked":["TreasureHunter","ManaRampage","CasketOfStar","JA"],"picked":"AbsoluteMagnitude","floor":16.0},{"not_picked":["GravityBeat","OneTimeOff","OortCloud","IllusionStar"],"picked":"6A+1","floor":18.0},{"not_picked":["BlazeAway","MilkyWay","GravityBeat+1","OrrerysSun+1"],"picked":"PowerUp","floor":21.0},{"not_picked":["WitchLeyline","JA","MysteriousBeam","MilkyWay"],"picked":"Acceleration","floor":24.0},{"not_picked":["6A","UnstableBomb","SporeBomb","WitchLeyline+1","EarthLightRay+1"],"picked":"SKIP","floor":27.0},{"not_picked":["StarlightTyphoon","ShootTheMoon","OpenUniverse","AsteroidBelt","GravityBeat"],"picked":"SKIP","floor":28.0},{"not_picked":["BlazingStar","WitchLeyline","BinaryStars","StarlightTyphoon","IllusionStar"],"picked":"SKIP","floor":30.0},{"not_picked":["MilkyWay+1","WitchOfGreed","Acceleration","NonDirectionalLaser+1","CollectingQuirk"],"picked":"SKIP","floor":31.0},{"not_picked":["Acceleration","NonDirectionalLaser","UnstableBomb","DeepEcoloBomb+1","SporeBomb+1"],"picked":"SKIP","floor":35.0},{"not_picked":["ShootingEcho","GalacticHalo","UnstableBomb+1","ShootTheMoon","WitchLeyline"],"picked":"SKIP","floor":36.0},{"not_picked":["Gensokyo:RisingWorld","Gensokyo:DreamlikeParadise"],"picked":"Gensokyo:UnhurriedMind","floor":39.0},{"not_picked":["GravityBeat","GasGiant","ShootTheMoon","ShootingEcho+1","Acceleration+1"],"picked":"Singing Bowl","floor":40.0},{"not_picked":["NonDirectionalLaser+1","DarkSpark+2","ChargeUpSpray+1","WitchOfGreed+1","StarDustReverie+1"],"picked":"Singing Bowl","floor":42.0},{"not_picked":["AbsoluteMagnitude","ChargeUpSpray","ShootingEcho+1","PowerUp+1","StarlightTyphoon"],"picked":"Singing Bowl","floor":42.0},{"not_picked":["DarkSpark+1","WitchLeyline+1","AsteroidBelt","EnergyFlow+1","SuperPerseids+1"],"picked":"Singing Bowl","floor":44.0},{"not_picked":["OpenUniverse","Robbery","LuminesStrike","GrandCross","MysteriousBeam+1"],"picked":"Singing Bowl","floor":46.0},{"not_picked":["IllusionStar+1","Acceleration+1","GalacticHalo","MilkyWay","LuminesStrike+1"],"picked":"Singing Bowl","floor":48.0},{"not_picked":["Acceleration+1","Orbital","DC","GravityBeat+1"],"picked":"CasketOfStar+1","floor":54.0}],"player_experience":208830,"relics_obtained":[{"floor":1.0,"key":"SynthV:TestCard"},{"floor":7.0,"key":"Bronze Scales"},{"floor":16.0,"key":"SentryEyes"},{"floor":24.0,"key":"Mango"},{"floor":26.0,"key":"ShroomBag"},{"floor":30.0,"key":"testmod-Antiphasic"},{"floor":33.0,"key":"TungstenRod"},{"floor":40.0,"key":"Singing Bowl"},{"floor":42.0,"key":"AT_TimeSand"},{"floor":43.0,"key":"testmod-TurbochargingSystem"},{"floor":44.0,"key":"MealTicket"},{"floor":54.0,"key":"Nunchaku"}],"event_choices":[{"damage_healed":0.0,"max_hp_gain":0.0,"max_hp_loss":0.0,"gold_gain":0.0,"event_name":"¸ø×Ô¼ºµÄºÐ×Ó","player_choice":"Ignored","floor":45.0,"gold_loss":0.0,"damage_taken":0.0}],"is_beta":false,"boss_relics":[{"not_picked":["Runic Dome","testmod-TimeTraveler"],"picked":"JellyFishMachine"},{"not_picked":["testmod-Recursion","Coffee Dripper"],"picked":"RhineCircuit"}],"items_purged_floors":[14],"is_endless":false,"potions_floor_spawned":[4,5,18,28,30,33,44,46,54],"ascension_level":0}}