{"host":"grpjhwjd167m6b3a","time":1613443914,"event":{"mods":["BaseMod","Bossed Relics","LagranYue(拉格朗・月)","Minty Spire (QoL Compilation)","Prisma Mod","Reliquary","SOS（斯巴达之子）","StSLib","The Alterego","The Saiyan","The Senshi"],"gold_per_floor":[109,40,215,229,248,274,288,288,288,300,334,36,36,48,48,152,152,152,152],"floor_reached":18,"language":"ZHS","playtime":886,"items_purged":[],"score":172,"play_id":"b567c980-3028-4b2f-ad17-846fbe124c2e","local_time":"20210216125154","is_ascension_mode":false,"campfire_choices":[{"floor":8.0,"key":"REST"},{"floor":13.0,"key":"REST"},{"data":"PrismaMod:ChloeEyeOfTheEuryale","floor":15.0,"key":"SMITH"}],"circlet_count":0,"master_deck":["PrismaMod:ChloeCommonAttack","PrismaMod:ChloeCommonAttack","PrismaMod:ChloeCommonAttack","PrismaMod:ChloeCommonAttack","PrismaMod:ChloeCommonAttack","PrismaMod:ChloeCommonDefend","PrismaMod:ChloeCommonDefend","PrismaMod:ChloeCommonDefend","PrismaMod:ChloeCommonDefend","PrismaMod:ChloeCommonDefend","PrismaMod:ChloeCheapAttack","PrismaMod:ChloeCheapDefend","PrismaMod:ChloeExhaustOne","PrismaMod:ChloeExcalibur","Doubt","PrismaMod:ChloeUncommonAttack","PrismaMod:ChloeCaladbolg","PrismaMod:ChloeEyeOfTheEuryale+1","PrismaMod:ChloeCheapDefend","PrismaMod:ChloeCommonAOEAttack","PrismaMod:ChloeCheapAttackTwo","PrismaMod:ChloeCarnivalAttack","PrismaMod:ChloeDiscardRecovery","PrismaMod:ChloeCheapDefendTwo","PrismaMod:ChloeGreatTracePools","CurseOfTheBell"],"relics":["PrismaMod:PrismaTraceOn","LagranYue:RandomDrawCardRelic","Dream Catcher","MealTicket","reliquary:TridentHead","Thread and Needle","Calling Bell","The Courier","LagranYue:GuidanceLightRelic","LagranYue:ReturningEmperorRelic"],"acts_visited":["Exordium","TheCity"],"potions_floor_usage":[],"damage_taken":[{"damage":3.0,"enemies":"Cultist","floor":1.0,"turns":5.0},{"damage":6.0,"enemies":"Jaw Worm","floor":4.0,"turns":5.0},{"damage":4.0,"enemies":"2 Louse","floor":5.0,"turns":3.0},{"damage":21.0,"enemies":"Lagavulin","floor":6.0,"turns":5.0},{"damage":10.0,"enemies":"Looter","floor":7.0,"turns":4.0},{"damage":3.0,"enemies":"2 Fungi Beasts","floor":10.0,"turns":3.0},{"damage":24.0,"enemies":"Gremlin Nob","floor":11.0,"turns":4.0},{"damage":4.0,"enemies":"Blue Slaver","floor":14.0,"turns":4.0},{"damage":53.0,"enemies":"The Guardian","floor":16.0,"turns":14.0},{"damage":0,"enemies":"Spheric Guardian","floor":18,"turns":2}],"seed_played":"-7269391397611744510","potions_obtained":[{"floor":5.0,"key":"SkillPotion"},{"floor":6.0,"key":"Block Potion"},{"floor":7.0,"key":"Weak Potion"},{"floor":11.0,"key":"LiquidBronze"}],"is_trial":false,"path_per_floor":["M","$","?","M","M","E","M","R","T","M","E","$","R","M","R","B",null,"M"],"character_chosen":"CHLOE","items_purchased":["PrismaMod:ChloeExcalibur","Thread and Needle"],"campfire_rested":2,"item_purchase_floors":[2,12],"current_hp_per_floor":[79,79,79,73,69,48,38,62,62,59,35,50,74,70,70,24,82,82,82],"gold":152,"neow_bonus":"TEN_PERCENT_HP_BONUS","is_daily":false,"chose_seed":false,"campfire_upgraded":1,"win_rate":0.0,"timestamp":1613443914,"path_taken":["M","?","?","M","M","E","M","R","T","M","E","$","R","M","R","BOSS","M"],"items_purchased_type":["Card","Relic"],"build_version":"2020-12-22","purchased_purges":0,"victory":false,"max_hp_per_floor":[82,82,82,82,82,82,82,82,82,82,82,82,82,82,82,82,82,82,82],"card_choices":[{"not_picked":["PrismaMod:ChloeCheapDefendTwo","PrismaMod:ChloeUncommonDefend"],"picked":"PrismaMod:ChloeExhaustOne","floor":1.0},{"not_picked":["PrismaMod:ChloeDiscardRecovery","PrismaMod:ChloeExhaustOne"],"picked":"PrismaMod:ChloeUncommonAttack","floor":4.0},{"not_picked":["PrismaMod:ChloeCheapDefend","PrismaMod:ChloeCheapAttackTwo"],"picked":"PrismaMod:ChloeCaladbolg","floor":5.0},{"not_picked":["PrismaMod:ChloeMaid","PrismaMod:ChloeRitsuka"],"picked":"PrismaMod:ChloeEyeOfTheEuryale","floor":6.0},{"not_picked":["PrismaMod:ChloeDemonicTutor","PrismaMod:ChloeExhaustTwo"],"picked":"PrismaMod:ChloeCheapDefend","floor":7.0},{"not_picked":["PrismaMod:ChloeCheapAttack","PrismaMod:ChloeCheapAttackTwo"],"picked":"PrismaMod:ChloeCommonAOEAttack","floor":8.0},{"not_picked":["PrismaMod:ChloeExhaustOne","PrismaMod:ChloeCheapDefend"],"picked":"PrismaMod:ChloeCheapAttackTwo","floor":10.0},{"not_picked":["PrismaMod:ChloeGaeBolg","PrismaMod:ChloeCheapAttack"],"picked":"PrismaMod:ChloeCarnivalAttack","floor":11.0},{"not_picked":["PrismaMod:ChloeCheapAttackTwo","PrismaMod:ChloeCheapDefendTwo"],"picked":"PrismaMod:ChloeDiscardRecovery","floor":13.0},{"not_picked":["PrismaMod:ChloeDiscardRecovery","PrismaMod:ChloeCommonAOEAttack"],"picked":"PrismaMod:ChloeCheapDefendTwo","floor":14.0},{"not_picked":["PrismaMod:ChloeUnlimitedBladeWorks","PrismaMod:ChloeAnyAttackTrace"],"picked":"PrismaMod:ChloeGreatTracePools","floor":16.0}],"player_experience":307657,"relics_obtained":[{"floor":6.0,"key":"Dream Catcher"},{"floor":9.0,"key":"MealTicket"},{"floor":11.0,"key":"reliquary:TridentHead"},{"floor":17.0,"key":"The Courier"},{"floor":17.0,"key":"LagranYue:GuidanceLightRelic"},{"floor":17.0,"key":"LagranYue:ReturningEmperorRelic"}],"event_choices":[{"damage_healed":0.0,"max_hp_gain":0.0,"max_hp_loss":0.0,"gold_gain":175.0,"event_name":"Liars Game","player_choice":"AGREE","floor":3.0,"gold_loss":0.0,"damage_taken":0.0,"cards_obtained":["Doubt"]}],"is_beta":false,"boss_relics":[{"not_picked":["reliquary:WritOfMandamus","reliquary:Ember"],"picked":"Calling Bell"}],"items_purged_floors":[],"is_endless":false,"potions_floor_spawned":[5,6,7,11],"killed_by":"Spheric Guardian","ascension_level":0}}