{"host":"8a72fthmlk1o8pdb","time":1613511449,"event":{"mods":["AchievementEnabler","Aspiration","Astrologer","Bard","BaseMod","Beaked The Cultist","Better Sensory Stone","Better Skull","Better Third Choice","ChefMod","Colored Map","Colored Powertips","Dark Map","Downfall","Friendly Minions","GifTheSpireLib","Googly Eyes","Gremlin Mod","Hermit","Hubris","JesterMod","Jorbs\u0027s Wanderer Trilogy","Marisa????????","Minty Spire (QoL Compilation)","Permanent Neow","Random Character Button","Rare Cards Sparkle","Relic Stats","Reliquary","Robot Space Explorer","Shade Mod","Shop Mod","Somnambulant","StSLib","The Animator","The Blue Laboratory","The Construct","The Cursed","The Disciple","The Hayseed","The Hierophant","The Jungle","The Marked","The Mystic","The Necromancer","The Poker Player","The Problem Sleuth","The Runesmith","thorton"],"gold_per_floor":[114,289,301,301,319,319,48,63,63,89,89,107,107,155,155,253,253,264,277,291,5,23,23,52,62,138,138,168,168,184,184,184,295,295,331,391,391,51,118,198,198,293,343,343,420,510,285,361,361,361,361,361,18,127,127],"floor_reached":56,"language":"ENG","playtime":3927,"items_purged":["TheCursedMod:Strike_TheCursed","TheCursedMod:Strike_TheCursed","TheCursedMod:Strike_TheCursed","TheCursedMod:Strike_TheCursed","TheCursedMod:Dregs"],"score":1527,"play_id":"38b618ed-717c-43e7-8e6e-13d83ebcb934","local_time":"20210216133729","is_ascension_mode":false,"campfire_choices":[{"data":"TheCursedMod:HellfireBreathing","floor":6,"key":"SMITH"},{"data":"TheCursedMod:HellfireBreathing","floor":11,"key":"SMITH"},{"data":"TheCursedMod:CleanUpWorkshop","floor":13,"key":"SMITH"},{"data":"TheCursedMod:DoubleShield","floor":15,"key":"SMITH"},{"floor":23,"key":"REST"},{"floor":27,"key":"REST"},{"data":"TheCursedMod:HellfireBreathing","floor":32,"key":"SMITH"},{"data":"TheCursedMod:CollectTribute","floor":41,"key":"SMITH"},{"floor":44,"key":"REST"},{"floor":49,"key":"RECALL"},{"data":"Doubt","floor":52,"key":"PURGE"}],"circlet_count":0,"master_deck":["TheCursedMod:Defend_TheCursed","TheCursedMod:Defend_TheCursed","TheCursedMod:Defend_TheCursed","TheCursedMod:CursedWand","TheCursedMod:CleanUpWorkshop+1","TheCursedMod:CursedAmulet","TheCursedMod:SpitefulPlan","TheCursedMod:HellfireBreathing+1","TheCursedMod:CursedShiv","TheCursedMod:DoubleShield+1","TheCursedMod:HellfireBreathing+1","TheCursedMod:SoulReap","TheCursedMod:CursedStaff","TheCursedMod:VoidForm","TheCursedMod:Evocation","TheCursedMod:CursedAmulet+1","TheCursedMod:CursedSpellbook","TheCursedMod:RapidMovement+1","TheCursedMod:SmokeScreen+1","TheCursedMod:HellfireBreathing+1","TheCursedMod:SpitefulStrike+1","hubris:Greed","TheCursedMod:AshesToAshes","downfall:Bewildered","hubris:Greed","hubris:Greed","TheCursedMod:CollectTribute+1","hubris:Greed","hubris:Greed","TheCursedMod:HellsGateOpen+1","hubris:Greed","hubris:Greed","hubris:Greed","hubris:Greed","TheCursedMod:WearCloak+1","TheCursedMod:HellfireBreathing","hubris:Greed","TheCursedMod:RapidMovement","hubris:Greed","hubris:Greed","hubris:Greed","TheCursedMod:BlessingInDisguise","TheCursedMod:AshesToAshes","TheCursedMod:BlessingInDisguise+1","TheCursedMod:DemonSword","hubris:Greed","hubris:Greed","hubris:Greed","hubris:Greed"],"relics":["TheCursedMod:BlackMagic101","aspiration:DSix","hubris:FunFungus","Vajra","reliquary:Ember","Centennial Puzzle","hubris:SlimyHat","Pocketwatch","theSleuth:SaltedMelon","theSleuth:SaltedMelon","sneckomod:BabySnecko","reliquary:ThirdArm","Bag of Marbles","Runesmith:AutoHammer","reliquary:Spinner","Peace Pipe","aspiration:HiddenCompartment"],"acts_visited":["Exordium","TheCity","TheBeyond","TheEnding"],"potions_floor_usage":[10,10,16,21,22,25,36,39,46,50,55],"damage_taken":[{"damage":0,"enemies":"Small Slimes","floor":1,"turns":3},{"damage":2,"enemies":"Cultist","floor":3,"turns":5},{"damage":0,"enemies":"Jaw Worm","floor":5,"turns":4},{"damage":0,"enemies":"3 Louse","floor":8,"turns":4},{"damage":0,"enemies":"Gremlin Nob","floor":10,"turns":4},{"damage":1,"enemies":"Looter","floor":12,"turns":4},{"damage":22,"enemies":"Hexaghost","floor":16,"turns":7},{"damage":21,"enemies":"Spheric Guardian","floor":18,"turns":4},{"damage":29,"enemies":"2 Thieves","floor":19,"turns":3},{"damage":25,"enemies":"3 Cultists","floor":20,"turns":4},{"damage":10,"enemies":"Centurion and Healer","floor":22,"turns":3},{"damage":30,"enemies":"Book of Stabbing","floor":24,"turns":5},{"damage":2,"enemies":"Shelled Parasite and Fungi","floor":25,"turns":5},{"damage":0,"enemies":"Gremlin Leader","floor":28,"turns":6},{"damage":0,"enemies":"Cultist and Chosen","floor":30,"turns":5},{"damage":8,"enemies":"Collector","floor":33,"turns":5},{"damage":2,"enemies":"3 Shapes","floor":35,"turns":2},{"damage":7,"enemies":"3 Darklings","floor":36,"turns":3},{"damage":7,"enemies":"4 Shapes","floor":39,"turns":3},{"damage":42,"enemies":"Giant Head","floor":40,"turns":7},{"damage":48,"enemies":"Reptomancer","floor":42,"turns":4},{"damage":28,"enemies":"Jaw Worm Horde","floor":45,"turns":4},{"damage":22,"enemies":"beaked:SuperParasite","floor":46,"turns":4},{"damage":0,"enemies":"Spire Growth","floor":48,"turns":5},{"damage":33,"enemies":"Time Eater","floor":50,"turns":9},{"damage":10,"enemies":"Shield and Spear","floor":54,"turns":6},{"damage":104,"enemies":"The Heart","floor":55,"turns":7}],"seed_played":"-7174519002220706482","potions_obtained":[{"floor":3,"key":"Block Potion"},{"floor":8,"key":"BlessingOfTheForge"},{"floor":12,"key":"Swift Potion"},{"floor":19,"key":"DuplicationPotion"},{"floor":22,"key":"TheCursedMod:DregsPotion"},{"floor":28,"key":"Fire Potion"},{"floor":30,"key":"ColorlessPotion"},{"floor":36,"key":"Fruit Juice"},{"floor":42,"key":"blueLaboratory:NullPotion"},{"floor":45,"key":"FearPotion"},{"floor":48,"key":"Energy Potion"}],"is_trial":false,"path_per_floor":["M","?","M","?","M","R","$","M","T","E","R","M","R","T","R","B",null,"M","M","M","$","M","R","E","M","T","R","E","?","M","?","R","B",null,"M","M","?","$","M","E","R","E","T","R","M","E","$","M","R","B",null,"R","$","E","B",null],"character_chosen":"THE_CURSED","items_purchased":["TheCursedMod:CursedShiv","FairyPotion","TheCursedMod:DoubleShield","TheCursedMod:CursedSpellbook","Fruit Juice","Bag of Marbles","TheCursedMod:HellfireBreathing","TheCursedMod:AshesToAshes","TheCursedMod:DemonSword","FairyPotion"],"campfire_rested":3,"item_purchase_floors":[7,7,7,21,21,38,38,47,53,53],"current_hp_per_floor":[75,75,73,73,73,73,73,73,73,73,73,74,74,74,74,58,75,56,27,9,14,16,40,26,33,33,57,63,63,69,69,71,70,82,82,80,80,80,74,57,59,26,26,55,34,14,14,23,25,7,93,95,95,85,11],"gold":127,"neow_bonus":"DSIX","is_daily":false,"chose_seed":false,"campfire_upgraded":6,"win_rate":0.0,"timestamp":1613511449,"path_taken":["M","?","M","?","M","R","$","M","T","E","R","?","R","?","R","BOSS","M","M","M","$","M","R","E","M","T","R","E","?","M","?","R","BOSS","M","M","?","$","M","E","R","E","T","R","M","E","$","M","R","BOSS","R","$","E","BOSS"],"items_purchased_type":["Card","Potion","Card","Card","Potion","Relic","Card","Card","Card","Potion"],"build_version":"2020-12-22","purchased_purges":5,"victory":true,"max_hp_per_floor":[75,75,75,75,75,75,75,75,75,75,75,75,75,75,75,75,75,75,75,75,80,80,80,80,80,80,80,80,80,80,80,82,82,82,82,87,87,87,87,87,89,89,89,91,91,91,91,91,93,93,93,95,95,95,95],"relic_stats":{"Peace Pipe":1,"Centennial Puzzle":[40],"counters":[27,116],"obtain_stats":[{"theSleuth:SaltedMelon":29,"TheCursedMod:BlackMagic101":0,"Vajra":14,"hubris:SlimyHat":26,"reliquary:Spinner":42,"reliquary:ThirdArm":34,"aspiration:HiddenCompartment":54,"Peace Pipe":46,"sneckomod:BabySnecko":31,"Centennial Puzzle":24,"hubris:FunFungus":10,"reliquary:Ember":17,"Bag of Marbles":38,"Runesmith:AutoHammer":40,"aspiration:DSix":0,"Pocketwatch":28},{"theSleuth:SaltedMelon":14,"TheCursedMod:BlackMagic101":0,"Vajra":6,"hubris:SlimyHat":13,"reliquary:Spinner":21,"reliquary:ThirdArm":16,"aspiration:HiddenCompartment":26,"Peace Pipe":23,"sneckomod:BabySnecko":15,"Centennial Puzzle":12,"hubris:FunFungus":5,"reliquary:Ember":7,"Bag of Marbles":18,"Runesmith:AutoHammer":20,"aspiration:DSix":0,"Pocketwatch":14},{"theSleuth:SaltedMelon":56,"TheCursedMod:BlackMagic101":0,"Vajra":21,"hubris:SlimyHat":50,"reliquary:Spinner":83,"reliquary:ThirdArm":65,"aspiration:HiddenCompartment":109,"Peace Pipe":90,"sneckomod:BabySnecko":60,"Centennial Puzzle":45,"hubris:FunFungus":18,"reliquary:Ember":27,"Bag of Marbles":70,"Runesmith:AutoHammer":79,"aspiration:DSix":0,"Pocketwatch":56}],"Pocketwatch":[19]},"card_choices":[{"not_picked":["TheCursedMod:SaltUponWound","TheCursedMod:VitalStrike"],"picked":"TheCursedMod:CursedAmulet","floor":1},{"not_picked":["TheCursedMod:CursedBoomerang","TheCursedMod:CursedAmulet"],"picked":"TheCursedMod:SpitefulPlan","floor":3},{"not_picked":["TheCursedMod:CircleOfCorruption","TheCursedMod:Wield"],"picked":"TheCursedMod:HellfireBreathing","floor":5},{"not_picked":["TheCursedMod:Grudge","TheCursedMod:SoulCrush"],"picked":"TheCursedMod:HellfireBreathing","floor":8},{"not_picked":["TheCursedMod:ReleasedKnowledge","TheCursedMod:SpitefulPray"],"picked":"TheCursedMod:SoulReap","floor":10},{"not_picked":["TheCursedMod:FleshFromBone","TheCursedMod:CircleOfCorruption"],"picked":"TheCursedMod:CursedStaff","floor":12},{"not_picked":["TheCursedMod:UltimatePain","TheCursedMod:ManaCirculation"],"picked":"TheCursedMod:VoidForm","floor":16},{"not_picked":["TheCursedMod:CursedBoomerang","TheCursedMod:Wield","TheCursedMod:FuryStrike+1"],"picked":"SKIP","floor":18},{"not_picked":["TheCursedMod:VitalStrike","TheCursedMod:BlessingInDisguise"],"picked":"TheCursedMod:Evocation","floor":19},{"not_picked":["TheCursedMod:SurpriseAttack+1","TheCursedMod:Stigma"],"picked":"TheCursedMod:CursedAmulet+1","floor":20},{"not_picked":["TheCursedMod:CursedBlade","TheCursedMod:DoubleShield"],"picked":"TheCursedMod:RapidMovement+1","floor":22},{"not_picked":["TheCursedMod:Wield+1","TheCursedMod:CircleOfFocus"],"picked":"TheCursedMod:SmokeScreen+1","floor":24},{"not_picked":["TheCursedMod:TacticalStrike","TheCursedMod:Stigma"],"picked":"TheCursedMod:HellfireBreathing","floor":25},{"not_picked":["TheCursedMod:ForbiddenAlchemy","TheCursedMod:CircleOfFlame"],"picked":"TheCursedMod:SpitefulStrike+1","floor":28},{"not_picked":["TheCursedMod:SaltUponWound","TheCursedMod:FleshFromBone"],"picked":"TheCursedMod:AshesToAshes","floor":30},{"not_picked":["TheCursedMod:ManaCirculation","TheCursedMod:UltimatePain"],"picked":"TheCursedMod:CollectTribute","floor":33},{"not_picked":["TheCursedMod:CursedMace+1","TheCursedMod:CursedAmulet"],"picked":"TheCursedMod:HellsGateOpen+1","floor":35},{"not_picked":["TheCursedMod:CircleOfBlood","TheCursedMod:CursedMace"],"picked":"TheCursedMod:WearCloak+1","floor":36},{"not_picked":["TheCursedMod:VitalStrike","TheCursedMod:FleshFromBone"],"picked":"TheCursedMod:RapidMovement","floor":39},{"not_picked":["TheCursedMod:CircleOfAmplification+1","TheCursedMod:Stigma","TheCursedMod:Hemoplague"],"picked":"SKIP","floor":40},{"not_picked":["TheCursedMod:VitalStrike","TheCursedMod:Obscuration+1","TheCursedMod:CircleOfFlame+1"],"picked":"SKIP","floor":42},{"not_picked":["TheCursedMod:FleshFromBone","TheCursedMod:Wield+1","TheCursedMod:Obscuration"],"picked":"SKIP","floor":45},{"not_picked":["TheCursedMod:BloodBarrier","TheCursedMod:RavingStaff"],"picked":"TheCursedMod:BlessingInDisguise","floor":46},{"not_picked":["TheCursedMod:AbyssShockwave+1","TheCursedMod:RapidMovement"],"picked":"TheCursedMod:BlessingInDisguise+1","floor":48},{"not_picked":["TheCursedMod:Torture","TheCursedMod:CircleOfFocus","TheCursedMod:Wield"],"picked":"SKIP","floor":54}],"player_experience":212523,"relics_obtained":[{"floor":10,"key":"hubris:FunFungus"},{"floor":14,"key":"Vajra"},{"floor":24,"key":"Centennial Puzzle"},{"floor":26,"key":"hubris:SlimyHat"},{"floor":28,"key":"Pocketwatch"},{"floor":40,"key":"Runesmith:AutoHammer"},{"floor":42,"key":"reliquary:Spinner"},{"floor":46,"key":"Peace Pipe"},{"floor":54,"key":"aspiration:HiddenCompartment"}],"event_choices":[{"damage_healed":0,"gold_gain":175,"player_choice":"AGREE","damage_taken":114,"max_hp_gain":0,"max_hp_loss":0,"event_name":"betterThird:BetterSerpent","floor":2,"gold_loss":0},{"cards_removed":["TheCursedMod:Defend_TheCursed"],"damage_healed":0,"gold_gain":0,"player_choice":"Card Removal","damage_taken":0,"max_hp_gain":0,"max_hp_loss":0,"event_name":"Wheel of Change","floor":4,"gold_loss":0}],"is_beta":false,"boss_relics":[{"not_picked":["thethorton:GreedFountain","Runic Dome"],"picked":"reliquary:Ember"},{"not_picked":["aspiration:SecretTechniqueScroll","hubris:BlackHole"],"picked":"reliquary:ThirdArm"}],"items_purged_floors":[7,21,38,47,53],"is_endless":false,"potions_floor_spawned":[3,8,12,19,22,28,30,36,42,45,48],"ascension_level":0}}