{"host":"gzsdmyo07u314vug","time":1613475621,"event":{"mods":["2.2 Compatiblity","Astrologer","BaseMod","Colored Powertips","GifTheSpireLib","Gremlin Mod","Hermit","Jorbs\u0027s Wanderer Trilogy","Minty Spire (QoL Compilation)","Quick Restart","Rare Cards Sparkle","Relic Stats","Replay The Spire","Robot Space Explorer","Shop Mod","StSLib","The Bladedancer","The Bug Knight","The Construct","The Cursed","The Elementalist","The Hierophant","The IronCluck","The Marked","The Necromancer","The Runesmith","The Servant 0.9.4","Unceasing Turn Reminder","everything is the same but u backflip on backflip","slay the spire mod where everything is the same but ironclad has a cowboy hat"],"gold_per_floor":[112,128,128,20,40,40,52,52,52,127,127,43,57,72,72,192,192,212,236,80,104,18,18,57,82,82,125,145,32,63,82,82,202,202,221,242,242,97,121,121,140,165,192,192,208,227,240,303,303,303],"floor_reached":51,"language":"ENG","playtime":4718,"items_purged":["Strike_P"],"score":1127,"play_id":"d73759d7-c5d6-456d-b462-9c89aa34f030","local_time":"20210216084021","is_ascension_mode":true,"campfire_choices":[{"data":"ThirdEye","floor":6.0,"key":"SMITH"},{"data":"Eruption","floor":8.0,"key":"SMITH"},{"floor":15.0,"key":"REST"},{"floor":23.0,"key":"REST"},{"data":"ConjureBlade","floor":32.0,"key":"SMITH"},{"floor":40.0,"key":"REST"},{"floor":44.0,"key":"REST"},{"floor":49.0,"key":"REST"}],"circlet_count":1,"master_deck":["Strike_P","Strike_P+1","Strike_P","Defend_P","Defend_P+1","Defend_P","Defend_P+1","Eruption+1","Vigilance+1","ThirdEye+1","MasterReality+1","JustLucky","Discovery","ConjureBlade+1","Blasphemy+1","Nirvana+1","Evaluate+1","Wireheading+1","Sanctity","JustLucky","ReachHeaven+1","CutThroughFate","DeceiveReality+1","ForeignInfluence+1","LessonLearned+1","CrushJoints+1","ThirdEye+1","Omniscience","Study+1"],"relics":["PureWater","Turnip","Replay:Bottled Steam","Bag of Preparation","Golden Idol","Painkiller Herb","PreservedInsect","ReplayTheSpireMod:Lightbulb","InkBottle","Circlet","construct:WeddingRing","War Paint","Runesmith:AutoHammer","construct:RocketBooster"],"acts_visited":["Exordium","TheCity","TheBeyond"],"potions_floor_usage":[50,50],"damage_taken":[{"damage":6.0,"enemies":"Cultist","floor":1.0,"turns":5.0},{"damage":2.0,"enemies":"2 Louse","floor":2.0,"turns":3.0},{"damage":0.0,"enemies":"Small Slimes","floor":5.0,"turns":2.0},{"damage":11.0,"enemies":"Exordium Wildlife","floor":7.0,"turns":6.0},{"damage":12.0,"enemies":"Exordium Thugs","floor":13.0,"turns":5.0},{"damage":0.0,"enemies":"Blue Slaver","floor":14.0,"turns":2.0},{"damage":0.0,"enemies":"Slime Boss","floor":16.0,"turns":2.0},{"damage":16.0,"enemies":"2 Thieves","floor":18.0,"turns":3.0},{"damage":17.0,"enemies":"3 Byrds","floor":19.0,"turns":7.0},{"damage":16.0,"enemies":"3 Cultists","floor":21.0,"turns":7.0},{"damage":7.0,"enemies":"Book of Stabbing","floor":24.0,"turns":5.0},{"damage":0.0,"enemies":"Snake Plant","floor":25.0,"turns":3.0},{"damage":14.0,"enemies":"Gremlin Leader","floor":27.0,"turns":5.0},{"damage":2.0,"enemies":"Chosen and Byrds","floor":28.0,"turns":5.0},{"damage":0.0,"enemies":"Slavers","floor":30.0,"turns":8.0},{"damage":0.0,"enemies":"Centurion and Healer","floor":31.0,"turns":4.0},{"damage":0.0,"enemies":"Champ","floor":33.0,"turns":13.0},{"damage":3.0,"enemies":"3 Shapes","floor":35.0,"turns":7.0},{"damage":0.0,"enemies":"3 Darklings","floor":36.0,"turns":9.0},{"damage":11.0,"enemies":"Writhing Mass","floor":39.0,"turns":12.0},{"damage":21.0,"enemies":"Sphere and 2 Shapes","floor":41.0,"turns":7.0},{"damage":0.0,"enemies":"Spire Growth","floor":42.0,"turns":7.0},{"damage":21.0,"enemies":"3 Darklings","floor":45.0,"turns":7.0},{"damage":0.0,"enemies":"Jaw Worm Horde","floor":46.0,"turns":7.0},{"damage":7.0,"enemies":"4 Shapes","floor":47.0,"turns":6.0},{"damage":0.0,"enemies":"Mind Bloom Boss Battle","floor":48.0,"turns":6.0},{"damage":33,"enemies":"Awakened One","floor":50,"turns":16}],"seed_played":"1868192639665063449","potions_obtained":[{"floor":2.0,"key":"Milkshake"},{"floor":13.0,"key":"LiquidMemories"},{"floor":14.0,"key":"Ambrosia"},{"floor":18.0,"key":"SkillPotion"},{"floor":28.0,"key":"Venom Potion"},{"floor":33.0,"key":"SteroidPotion"},{"floor":35.0,"key":"Swift Potion"},{"floor":37.0,"key":"Regen Potion"},{"floor":37.0,"key":"FairyPotion"},{"floor":37.0,"key":"Flashbang"},{"floor":42.0,"key":"Dexterity Potion"}],"is_trial":false,"path_per_floor":["M","M","T","$","M","R","M","R","T","?","?","$","M","M","R","B",null,"?","?","T","?","T","T","E","?","T","E","?","T","E","?","T","B",null,"?","?","?","T","?","T","?","?","T","T","?","?","?","?","T","B",null],"character_chosen":"WATCHER","items_purchased":["MasterReality+1","Discovery","Wireheading","Sanctity","JustLucky","DeceiveReality","DistilledChaos","War Paint"],"campfire_rested":5,"item_purchase_floors":[4,12,20,22,22,29,29,38],"current_hp_per_floor":[41,39,39,39,39,39,28,28,28,17,17,17,5,5,25,25,57,41,24,24,8,8,28,21,21,21,7,5,5,5,5,5,5,52,49,49,49,49,38,58,37,37,37,57,36,36,29,29,49,31],"gold":303,"neow_bonus":"ONE_RARE_RELIC","is_daily":false,"chose_seed":false,"campfire_upgraded":3,"win_rate":0.0,"timestamp":1613475621,"path_taken":["M","M","?","$","M","R","?","R","T","?","?","$","M","M","R","BOSS","?","?","T","?","T","T","E","?","T","E","?","T","E","?","T","BOSS","?","?","?","T","?","T","?","?","T","T","?","?","?","?","T","BOSS"],"items_purchased_type":["Card","Card","Card","Card","Card","Card","Potion","Relic"],"build_version":"2020-12-22","purchased_purges":1,"victory":true,"max_hp_per_floor":[72,72,72,72,72,72,72,72,72,72,67,67,67,67,67,67,67,67,67,67,67,67,67,67,67,67,67,67,67,67,67,67,67,67,67,67,67,67,67,67,67,67,67,67,67,67,67,67,67,67],"relic_stats":{"counters":[27,169],"Golden Idol":173,"Turnip":[16],"PreservedInsect":89,"Bag of Preparation":[46],"War Paint":["ForeignInfluence","Defend_P"],"obtain_stats":[{"construct:WeddingRing":34,"construct:RocketBooster":48,"Golden Idol":11,"Dead Branch":26,"Circlet":0,"Painkiller Herb":17,"PreservedInsect":24,"Bag of Preparation":9,"War Paint":38,"BranchBurnRelic":32,"Turnip":0,"Runesmith:AutoHammer":43,"PureWater":0,"ReplayTheSpireMod:Lightbulb":27,"InkBottle":30,"Replay:Bottled Steam":3},{"construct:WeddingRing":17,"construct:RocketBooster":26,"Golden Idol":4,"Dead Branch":12,"Circlet":0,"Painkiller Herb":7,"PreservedInsect":11,"Bag of Preparation":4,"War Paint":19,"BranchBurnRelic":16,"Turnip":0,"Runesmith:AutoHammer":22,"PureWater":0,"ReplayTheSpireMod:Lightbulb":13,"InkBottle":15,"Replay:Bottled Steam":2},{"construct:WeddingRing":85,"construct:RocketBooster":153,"Golden Idol":16,"Dead Branch":50,"Circlet":0,"Painkiller Herb":25,"PreservedInsect":47,"Bag of Preparation":16,"War Paint":101,"BranchBurnRelic":72,"Turnip":0,"Runesmith:AutoHammer":127,"PureWater":0,"ReplayTheSpireMod:Lightbulb":55,"InkBottle":68,"Replay:Bottled Steam":8}],"InkBottle":[51]},"card_choices":[{"not_picked":["Replay:AtTheReady","BowlingBash","Crescendo"],"picked":"SKIP","floor":1.0},{"not_picked":["Replay:ManipulateFuture","WindmillStrike"],"picked":"ThirdEye","floor":2.0},{"not_picked":["FlyingSleeves","BowlingBash","FollowUp"],"picked":"SKIP","floor":5.0},{"not_picked":["LikeWater","Halt"],"picked":"JustLucky","floor":7.0},{"not_picked":["Consecrate","Meditate"],"picked":"ConjureBlade","floor":13.0},{"not_picked":["Wireheading","EmptyMind","ThirdEye"],"picked":"SKIP","floor":14.0},{"not_picked":["DevaForm","Scrawl"],"picked":"Blasphemy","floor":16.0},{"not_picked":["EmptyFist","Prostrate"],"picked":"Nirvana+1","floor":18.0},{"not_picked":["SashWhip","DeceiveReality"],"picked":"Evaluate","floor":19.0},{"not_picked":["FlurryOfBlows","FlyingSleeves+1","Crescendo"],"picked":"SKIP","floor":21.0},{"not_picked":["BowlingBash","Replay:BluntJabs+1","Establishment"],"picked":"SKIP","floor":24.0},{"not_picked":["CrushJoints","Wallop"],"picked":"ReachHeaven","floor":25.0},{"not_picked":["FlurryOfBlows","Consecrate"],"picked":"CutThroughFate","floor":27.0},{"not_picked":["FollowUp+1","EmptyFist","BowlingBash+1"],"picked":"SKIP","floor":28.0},{"not_picked":["Worship","Indignation","Replay:ManipulateFuture"],"picked":"SKIP","floor":30.0},{"not_picked":["WaveOfTheHand","Prostrate"],"picked":"ForeignInfluence","floor":31.0},{"not_picked":["ConjureBlade","Establishment"],"picked":"LessonLearned","floor":33.0},{"not_picked":["WreathOfFlame","Replay:Battleflow"],"picked":"CrushJoints+1","floor":35.0},{"not_picked":["Crescendo","ThirdEye+1","Nirvana"],"picked":"SKIP","floor":36.0},{"not_picked":["Crescendo","Nirvana"],"picked":"ThirdEye+1","floor":36.0},{"not_picked":["EmptyFist","FlyingSleeves","ClearTheMind"],"picked":"SKIP","floor":39.0},{"not_picked":["SashWhip","Replay:DivineShield+1","ThirdEye+1"],"picked":"SKIP","floor":41.0},{"not_picked":["FlurryOfBlows","Replay:AtTheReady+1"],"picked":"Omniscience","floor":42.0},{"not_picked":["Replay:Vibes+1","Replay:Anticipation","Evaluate+1"],"picked":"SKIP","floor":45.0},{"not_picked":["ClearTheMind","Replay:Vibes+1","MentalFortress"],"picked":"SKIP","floor":46.0},{"not_picked":["Fasting2+1","PathToVictory"],"picked":"Study+1","floor":47.0}],"player_experience":901272,"relics_obtained":[{"floor":3.0,"key":"Replay:Bottled Steam"},{"floor":9.0,"key":"Bag of Preparation"},{"floor":24.0,"key":"PreservedInsect"},{"floor":26.0,"key":"Dead Branch"},{"floor":27.0,"key":"ReplayTheSpireMod:Lightbulb"},{"floor":30.0,"key":"InkBottle"},{"floor":43.0,"key":"Runesmith:AutoHammer"},{"floor":48.0,"key":"construct:RocketBooster"}],"event_choices":[{"damage_healed":0.0,"max_hp_gain":0.0,"max_hp_loss":0.0,"gold_gain":75.0,"event_name":"World of Goop","player_choice":"Gather Gold","floor":10.0,"gold_loss":0.0,"damage_taken":11.0},{"damage_healed":0.0,"max_hp_gain":0.0,"max_hp_loss":5.0,"gold_gain":0.0,"event_name":"Golden Idol","player_choice":"Lose Max HP","floor":11.0,"gold_loss":0.0,"damage_taken":0.0,"relics_obtained":["Golden Idol"]},{"damage_healed":0.0,"max_hp_gain":0.0,"max_hp_loss":0.0,"gold_gain":0.0,"event_name":"Lab","player_choice":"Got Potions","floor":37.0,"gold_loss":0.0,"damage_taken":0.0},{"damage_healed":0.0,"max_hp_gain":0.0,"max_hp_loss":0.0,"gold_gain":0.0,"event_name":"MindBloom","player_choice":"Fight","floor":48.0,"gold_loss":0.0,"damage_taken":0.0}],"is_beta":false,"boss_relics":[{"not_picked":["VioletLotus","Replay:Wanted Poster"],"picked":"Painkiller Herb"},{"not_picked":["Ring of Chaos","Astrolabe"],"picked":"construct:WeddingRing"}],"items_purged_floors":[20],"is_endless":false,"potions_floor_spawned":[2,13,14,18,28,33,35,42,45],"ascension_level":8}}