{"host":"6vv0uythevi5qk1w","time":1613467607,"event":{"mods":["Act Like it!","BaseMod","Downfall","Gensokyo","Marisa£®ÏF”Í°°ƒß¿Ì…≥£©","Minty Spire (QoL Compilation)","Replay The Spire","StSLib"],"gold_per_floor":[115,265,265,281,293,293,293,293,351,14,14,58,110,150,150,14,14,137,137,181,181,81,406,406,406,406,457,457,495,375,94,94,74,74,197,197,163,163,52,259,259,287,202,516,516,10,191,7,7,117,117,601],"floor_reached":53,"language":"ZHS","playtime":3303,"items_purged":["Strike_MRS","MasterSpark","Defend_MRS"],"score":1105,"play_id":"bdff0ef0-4721-40c1-af53-dbb73a4b1b51","local_time":"20210216172647","is_ascension_mode":true,"campfire_choices":[{"data":"WitchOfGreed","floor":8.0,"key":"SMITH"},{"data":"Strike_MRS","floor":17.0,"key":"PURGE"},{"data":"MagicChant","floor":25.0,"key":"SMITH"},{"data":"EarthLightRay","floor":32.0,"key":"SMITH"},{"floor":34.0,"key":"REST"},{"data":"UltimateShortwave","floor":49.0,"key":"SMITH"},{"floor":51,"key":"REST"}],"circlet_count":0,"master_deck":["WitchOfGreed+1","EarthLightRay+1","MagicChant+1","OortCloud+1","PropBag","AlicesGift","CasketOfStar+1","EventHorizon+1","OpenUniverse+1","Acceleration+1","Singularity+1","MagicAbsorber","UltimateShortwave+1","Gensokyo:ShootingStar","UltimateShortwave+1","Robbery+1","Gensokyo:AllTheWorldsEvil","Gensokyo:ManorOfTheDishes+1","Acceleration+1","Acceleration+1","ReplayTheSpireMod:IOU","AsteroidBelt","UnstableBomb"],"relics":["MiniHakkero","NeowsBlessing","Gensokyo:Mercy","HandmadeGrimoire","Frozen Egg 2","Bag of Marbles","Pear","Orrery","Astrolabe","Gensokyo:SongOfSouls","Gensokyo:RedStar","Blue Candle","bronze:DecasWashers","Gensokyo:LionMask","Medical Kit","Replay:Wax Seal","OrangePellets","Cursed Key","Onion Ring","Chemical X","Calipers","Replay:PocketPolymizer","Gremlin Horn","SimpleLauncher","TheAbacus","hexamod:CandleOfCauterizing","Replay:Bottled Eggs"],"acts_visited":["Exordium","Gensokyo:Gensokyo","Gensokyo:Gensokyoer"],"potions_floor_usage":[52,52,52],"damage_taken":[{"damage":0.0,"enemies":"Gensokyo:3_Fairies","floor":1.0,"turns":1.0},{"damage":0.0,"enemies":"Gensokyo:Gryphon","floor":4.0,"turns":1.0},{"damage":0.0,"enemies":"Gensokyo:Python","floor":5.0,"turns":1.0},{"damage":40.0,"enemies":"Gensokyo:Aya","floor":9.0,"turns":6.0},{"damage":0.0,"enemies":"Gensokyo:LivingMonolith","floor":12.0,"turns":3.0},{"damage":1.0,"enemies":"Gensokyo:Cirno","floor":13.0,"turns":6.0},{"damage":8.0,"enemies":"Gensokyo:Gryphon_and_Rabbit","floor":14.0,"turns":4.0},{"damage":30.0,"enemies":"Gensokyo:Yukari","floor":18.0,"turns":20.0},{"damage":12.0,"enemies":"Gensokyo:2_Gloops","floor":20.0,"turns":6.0},{"damage":33.0,"enemies":"Gensokyo:Reisen","floor":27.0,"turns":5.0},{"damage":18.0,"enemies":"Gensokyo:CosmicMonolith","floor":29.0,"turns":5.0},{"damage":28.0,"enemies":"Gensokyo:Eiki","floor":35.0,"turns":9.0},{"damage":5.0,"enemies":"Gensokyo:3_Boulders","floor":37.0,"turns":4.0},{"damage":35.0,"enemies":"Gensokyo:AncientGuardian","floor":40.0,"turns":6.0},{"damage":55.0,"enemies":"Gensokyo:Marisa","floor":42.0,"turns":4.0},{"damage":10.0,"enemies":"Gensokyo:Dusk_and_Dawn","floor":43.0,"turns":5.0},{"damage":1.0,"enemies":"Gensokyo:AtlasGolem","floor":44.0,"turns":3.0},{"damage":17.0,"enemies":"Gensokyo:Doremy","floor":47.0,"turns":2.0},{"damage":0.0,"enemies":"Gensokyo:SeedOfUnknown","floor":50.0,"turns":3.0},{"damage":0,"enemies":"Gensokyo:Scarlet_Devils","floor":52,"turns":5}],"seed_played":"-7942578615449889476","potions_obtained":[{"floor":1.0,"key":"SkillPotion"},{"floor":9.0,"key":"BottledSpark"},{"floor":12.0,"key":"Fire Potion"},{"floor":12.0,"key":"Fire Potion"},{"floor":13.0,"key":"SneckoOil"},{"floor":14.0,"key":"GamblersBrew"},{"floor":20.0,"key":"LiquidMemories"},{"floor":27.0,"key":"LiquidBronze"},{"floor":27.0,"key":"BottledSpark"},{"floor":35.0,"key":"Guardian:BlockOnCardUsePotion"},{"floor":37.0,"key":"SpeedPotion"},{"floor":37.0,"key":"BottledSpark"},{"floor":40.0,"key":"PowerPotion"},{"floor":42.0,"key":"Regen Potion"},{"floor":43.0,"key":"Cursed Concoction"},{"floor":43.0,"key":"LiquidBronze"},{"floor":44.0,"key":"PowerPotion"},{"floor":47.0,"key":"BlessingOfTheForge"},{"floor":50,"key":"Elixir"}],"is_trial":false,"path_per_floor":["M","?","?","M","M","PTL","PTL","R","E","$","T","M","E","M","?","COS","R","B",null,"M","?","$","?","?","R","?","E","T","M","?","COS","R","$","R","B",null,"M","?","$","M","T","E","M","M","T","COS","E","$","R","M","R","B",null],"character_chosen":"MARISA","items_purchased":["Frozen Egg 2","Replay:Wax Seal","OrangePellets","Onion Ring","Chemical X","Acceleration","Replay:Bottled Eggs"],"campfire_rested":2,"item_purchase_floors":[10,33,33,39,39,48,48],"current_hp_per_floor":[75,75,75,75,75,75,75,75,39,39,39,43,46,42,37,37,37,25,70,62,62,62,62,62,62,57,28,28,16,16,16,16,16,41,67,81,80,80,80,51,51,8,24,35,35,35,30,30,30,42,67,73],"gold":601,"neow_bonus":"THREE_ENEMY_KILL","is_daily":false,"chose_seed":false,"campfire_upgraded":4,"win_rate":0.0,"timestamp":1613467607,"path_taken":["M","?","?","M","?","PTL","PTL","R","E","?","T","M","E","?","?","COS","R","BOSS","M","?","$","?","?","R","?","E","T","M","?","COS","R","?","R","BOSS","M","?","$","?","?","E","M","?","T","COS","E","?","R","?","R","BOSS"],"items_purchased_type":["Relic","Relic","Relic","Relic","Relic","Card","Relic"],"build_version":"2020-12-22","purchased_purges":3,"victory":true,"max_hp_per_floor":[75,75,75,75,75,75,75,75,75,75,75,75,75,75,85,85,85,85,85,85,85,85,85,85,85,85,85,85,85,85,85,85,85,85,85,85,85,85,85,85,85,85,85,85,85,85,85,85,85,85,85,85],"card_choices":[{"not_picked":["OortCloud","ShootingEcho"],"picked":"Robbery","floor":1.0},{"not_picked":["MeteoricShower","LuminesStrike"],"picked":"WitchOfGreed","floor":4.0},{"not_picked":["MeteoricShower","LuminesStrike"],"picked":"EarthLightRay","floor":5.0},{"not_picked":["MilkyWay","SporeBomb","GravityBeat"],"picked":"SKIP","floor":9.0},{"not_picked":["ShootingEcho","GravityBeat","OneTimeOff"],"picked":"SKIP","floor":12.0},{"not_picked":["LuminesStrike","AsteroidBelt"],"picked":"MagicChant","floor":13.0},{"not_picked":["WitchOfGreed+1","Occultation","GrandCross"],"picked":"SKIP","floor":14.0},{"not_picked":["StarDustReverie","DoubleSpark"],"picked":"OortCloud+1","floor":16.0},{"not_picked":["UnstableBomb","LuminesStrike"],"picked":"PropBag","floor":16.0},{"not_picked":["SporeBomb","NonDirectionalLaser"],"picked":"AlicesGift","floor":16.0},{"not_picked":["AbsoluteMagnitude","BlazingStar"],"picked":"CasketOfStar+1","floor":18.0},{"not_picked":["Acceleration","GrandCross"],"picked":"Singularity+1","floor":20.0},{"not_picked":["PowerUp","LuminesStrike+1","SuperPerseids"],"picked":"SKIP","floor":27.0},{"not_picked":["ShootingEcho","MagicChant"],"picked":"MagicAbsorber","floor":29.0},{"not_picked":["BinaryStars+1","ManaRampage+1"],"picked":"UltimateShortwave+1","floor":35.0},{"not_picked":[],"picked":"Gensokyo:ShootingStar","floor":35.0},{"not_picked":["BigCrunch","MaximisePower"],"picked":"UltimateShortwave","floor":35.0},{"not_picked":["PowerUp","MachineGunSpark"],"picked":"Robbery+1","floor":37.0},{"not_picked":["IllusionStar+1","SporeBomb+1","Robbery+1"],"picked":"SKIP","floor":40.0},{"not_picked":["SporeBomb","RefractionSpark","FairyDestructionRay+1"],"picked":"SKIP","floor":42.0},{"not_picked":["OpenUniverse","IllusionStar+1","GravityBeat+1"],"picked":"SKIP","floor":43.0},{"not_picked":["WitchOfGreed+1","PropBag+1","RefractionSpark+1"],"picked":"SKIP","floor":44.0},{"not_picked":["PowerUp+1","OpenUniverse"],"picked":"Acceleration","floor":47.0},{"not_picked":["GravityBeat","MaximisePower"],"picked":"AsteroidBelt","floor":50}],"player_experience":547635,"relics_obtained":[{"floor":9.0,"key":"HandmadeGrimoire"},{"floor":11.0,"key":"Mercury Hourglass"},{"floor":13.0,"key":"Bag of Marbles"},{"floor":27.0,"key":"bronze:DecasWashers"},{"floor":41.0,"key":"Calipers"},{"floor":42.0,"key":"Gremlin Horn"},{"floor":47.0,"key":"hexamod:CandleOfCauterizing"}],"event_choices":[],"is_beta":false,"boss_relics":[{"not_picked":["Replay:Drink Me","Honey Jar"],"picked":"Astrolabe"},{"not_picked":["sneckomod:SneckoTalon","Runic Pyramid"],"picked":"Cursed Key"}],"items_purged_floors":[10,22,33],"is_endless":false,"potions_floor_spawned":[1,12,14,20,27,43,47,50],"ascension_level":5}}