{"host":"r081svdj6e9i7zze","time":1613448907,"event":{"mods":["AchievementEnabler","BaseMod","Colored Map","Minty Spire (QoL Compilation)","SuperFastMode"],"gold_per_floor":[115,190,190,200,219,254,254,270,295,311,93,111,111,142,142,242,242,262,280,205,205,39,39,3,3,27,27,27,27,27,27],"floor_reached":30,"language":"KOR","playtime":1135,"items_purged":["Strike_R"],"score":236,"play_id":"2984992d-3d80-4920-953e-89873e56cb59","local_time":"20210216131507","is_ascension_mode":false,"campfire_choices":[{"data":"Seeing Red","floor":7,"key":"SMITH"},{"data":"Searing Blow","floor":15,"key":"SMITH"},{"data":"Searing Blow+1","floor":23,"key":"SMITH"},{"data":"Searing Blow+2","floor":25,"key":"SMITH"},{"data":"Searing Blow+3","floor":29,"key":"SMITH"}],"circlet_count":0,"master_deck":["Strike_R","Strike_R","Strike_R+1","Defend_R","Defend_R","Defend_R","Defend_R","Bash","Clash","Sever Soul","Seeing Red+1","Metallicize","Searing Blow+4","Headbutt","Second Wind+1","Reaper","Bludgeon","Sever Soul+1","Rage","Pommel Strike","Inflame","Shockwave","Cleave","Bash"],"relics":["Burning Blood","NeowsBlessing","Bag of Marbles","Oddly Smooth Stone","Bronze Scales","Lantern","Enchiridion","Sling","Nunchaku"],"acts_visited":["Exordium","TheCity"],"potions_floor_usage":[10,14,14,16,16],"damage_taken":[{"damage":0,"enemies":"2 Louse","floor":1,"turns":1},{"damage":0,"enemies":"Small Slimes","floor":4,"turns":2},{"damage":0,"enemies":"Cultist","floor":5,"turns":1},{"damage":27,"enemies":"Gremlin Nob","floor":6,"turns":4},{"damage":9,"enemies":"Large Slime","floor":8,"turns":3},{"damage":8,"enemies":"Exordium Thugs","floor":10,"turns":3},{"damage":11,"enemies":"Exordium Wildlife","floor":12,"turns":3},{"damage":21,"enemies":"3 Sentries","floor":14,"turns":7},{"damage":22,"enemies":"Hexaghost","floor":16,"turns":9},{"damage":15,"enemies":"3 Byrds","floor":18,"turns":4},{"damage":20,"enemies":"Spheric Guardian","floor":19,"turns":3},{"damage":45,"enemies":"Shelled Parasite and Fungi","floor":30,"turns":3}],"seed_played":"5804582003022666126","potions_obtained":[{"floor":3,"key":"FearPotion"},{"floor":3,"key":"SmokeBomb"},{"floor":3,"key":"EntropicBrew"},{"floor":14,"key":"EntropicBrew"},{"floor":19,"key":"Explosive Potion"}],"is_trial":false,"path_per_floor":["M","?","?","M","M","E","R","M","T","M","$","M","?","E","R","B",null,"M","M","?","?","$","R","$","R","T","?","?","R","M"],"character_chosen":"IRONCLAD","items_purchased":["Bronze Scales","Sling","Pommel Strike","Inflame"],"campfire_rested":0,"item_purchase_floors":[11,22,22,24],"current_hp_per_floor":[80,69,69,75,80,59,59,56,56,54,54,49,33,18,18,8,80,71,57,57,41,41,41,41,41,41,41,41,41,0,0],"gold":27,"neow_bonus":"THREE_ENEMY_KILL","is_daily":false,"chose_seed":false,"campfire_upgraded":5,"win_rate":0.0,"timestamp":1613448907,"path_taken":["M","?","?","M","M","E","R","M","T","M","$","?","?","E","R","BOSS","M","M","?","?","$","R","?","R","T","?","?","R","M"],"items_purchased_type":["Relic","Relic","Card","Card"],"build_version":"2020-12-22","purchased_purges":1,"victory":false,"max_hp_per_floor":[80,80,80,80,80,80,80,80,80,80,80,80,80,80,80,80,80,80,80,80,80,80,80,80,80,80,80,80,80,80,80],"card_choices":[{"not_picked":["Cleave","Sword Boomerang"],"picked":"Clash","floor":1},{"not_picked":["Havoc","Warcry"],"picked":"Sever Soul","floor":4},{"not_picked":["Dropkick","Wild Strike"],"picked":"Seeing Red","floor":5},{"not_picked":["Reckless Charge","Warcry"],"picked":"Metallicize","floor":6},{"not_picked":["Carnage","Havoc"],"picked":"Searing Blow","floor":8},{"not_picked":["Metallicize","Pommel Strike"],"picked":"Headbutt","floor":10},{"not_picked":["Sever Soul","Dark Embrace"],"picked":"Second Wind","floor":12},{"not_picked":["Uppercut","Wild Strike"],"picked":"Reaper","floor":14},{"not_picked":["Juggernaut","Demon Form"],"picked":"Bludgeon","floor":16},{"not_picked":["Iron Wave","Warcry"],"picked":"Sever Soul+1","floor":18},{"not_picked":["Reckless Charge+1","Iron Wave"],"picked":"Rage","floor":19}],"player_experience":62296,"relics_obtained":[{"floor":6,"key":"Bag of Marbles"},{"floor":9,"key":"Oddly Smooth Stone"},{"floor":14,"key":"Lantern"},{"floor":21,"key":"Enchiridion"},{"floor":26,"key":"Nunchaku"}],"event_choices":[{"damage_healed":0,"gold_gain":75,"player_choice":"Gather Gold","damage_taken":11,"max_hp_gain":0,"max_hp_loss":0,"event_name":"World of Goop","floor":2,"gold_loss":0},{"damage_healed":0,"gold_gain":0,"player_choice":"Got Potions","damage_taken":0,"max_hp_gain":0,"max_hp_loss":0,"event_name":"Lab","floor":3,"gold_loss":0},{"damage_healed":0,"gold_gain":0,"player_choice":"Entered Light","damage_taken":16,"max_hp_gain":0,"max_hp_loss":0,"event_name":"Shining Light","floor":13,"gold_loss":0,"cards_upgraded":["Second Wind","Strike_R"]},{"cards_removed":["Strike_R"],"damage_healed":0,"gold_gain":0,"player_choice":"Gave Gold","damage_taken":0,"max_hp_gain":0,"max_hp_loss":0,"event_name":"Beggar","floor":20,"gold_loss":75},{"damage_healed":0,"gold_gain":0,"player_choice":"Obtained Book","damage_taken":16,"max_hp_gain":0,"max_hp_loss":0,"event_name":"Cursed Tome","floor":21,"gold_loss":0},{"damage_healed":0,"gold_gain":0,"player_choice":"Read","damage_taken":0,"max_hp_gain":0,"max_hp_loss":0,"event_name":"The Library","floor":27,"gold_loss":0,"cards_obtained":["Shockwave"]},{"damage_healed":0,"gold_gain":0,"player_choice":"2 cards matched","damage_taken":0,"max_hp_gain":0,"max_hp_loss":0,"event_name":"Match and Keep!","floor":28,"gold_loss":0,"cards_obtained":["Cleave","Bash"]}],"is_beta":false,"boss_relics":[{"not_picked":["Mark of Pain","Ectoplasm","Fusion Hammer"]}],"items_purged_floors":[11],"is_endless":false,"potions_floor_spawned":[5,8,14,19],"killed_by":"Shelled Parasite and Fungi","ascension_level":0}}