{"host":"nj4msrt0z6tj4wtb","time":1613490894,"event":{"mods":["AchievementEnabler","BaseMod","Colored Map","Colored Powertips","DeckTracker","Highlight Path","Keyboard Shortcuts","Minty Spire (QoL Compilation)","Quick Restart","Random Character Button","StSLib","SuperFastMode"],"gold_per_floor":[213,233,233,233,233,233,252,283,307,341,353,353,224,256,256,256,256],"floor_reached":16,"language":"KOR","playtime":455,"items_purged":["Strike_R"],"score":167,"play_id":"5d36b7b7-9223-4481-8a8b-7a0bf2b06bbd","local_time":"20210217005454","is_ascension_mode":true,"campfire_choices":[{"data":"Perfected Strike","floor":6.0,"key":"SMITH"},{"data":"Dark Embrace","floor":12.0,"key":"SMITH"},{"data":"Spot Weakness","floor":15.0,"key":"SMITH"}],"circlet_count":0,"master_deck":["Strike_R","Strike_R","Strike_R","Strike_R","Defend_R","Defend_R","Defend_R","Defend_R","Bash","Perfected Strike+1","Cleave","Spot Weakness+1","Dark Embrace+1","Wild Strike","Pommel Strike"],"relics":["Burning Blood","Anchor","Pear","Vajra","Gremlin Horn","Letter Opener"],"acts_visited":["Exordium"],"potions_floor_usage":[16,16,16],"damage_taken":[{"damage":0.0,"enemies":"Small Slimes","floor":1.0,"turns":3.0},{"damage":6.0,"enemies":"2 Louse","floor":2.0,"turns":3.0},{"damage":2.0,"enemies":"Jaw Worm","floor":7.0,"turns":2.0},{"damage":20.0,"enemies":"3 Sentries","floor":8.0,"turns":8.0},{"damage":24.0,"enemies":"Gremlin Nob","floor":10.0,"turns":4.0},{"damage":4.0,"enemies":"Exordium Thugs","floor":11.0,"turns":2.0},{"damage":40.0,"enemies":"Lagavulin","floor":14.0,"turns":4.0},{"damage":31,"enemies":"The Guardian","floor":16,"turns":8}],"seed_played":"5635356696509319967","potions_obtained":[{"floor":8.0,"key":"SpeedPotion"},{"floor":10.0,"key":"GamblersBrew"},{"floor":11.0,"key":"Swift Potion"},{"floor":14.0,"key":"Swift Potion"}],"is_trial":false,"path_per_floor":["M","M","?","?","?","R","M","E","T","E","M","R","$","E","R","B"],"character_chosen":"IRONCLAD","items_purchased":["Wild Strike"],"campfire_rested":0,"item_purchase_floors":[13],"current_hp_per_floor":[80,80,85,85,82,82,85,81,81,63,65,65,65,31,31,0,0],"gold":256,"neow_bonus":"HUNDRED_GOLD","is_daily":false,"chose_seed":false,"campfire_upgraded":3,"win_rate":0.0,"timestamp":1613490894,"path_taken":["M","M","?","?","?","R","M","E","T","E","?","R","?","E","R","BOSS"],"items_purchased_type":["Card"],"build_version":"2020-12-22","purchased_purges":1,"victory":false,"max_hp_per_floor":[80,80,85,85,85,85,85,95,95,95,95,95,95,95,95,95,95],"card_choices":[{"not_picked":["Havoc","Clash","Headbutt"],"picked":"SKIP","floor":1.0},{"not_picked":["True Grit","Rupture"],"picked":"Perfected Strike","floor":2.0},{"not_picked":["Bloodletting","Headbutt","Armaments"],"picked":"SKIP","floor":7.0},{"not_picked":["Shockwave","Heavy Blade"],"picked":"Cleave","floor":8.0},{"not_picked":["Clash","Burning Pact"],"picked":"Spot Weakness","floor":10.0},{"not_picked":["Intimidate","Thunderclap"],"picked":"Dark Embrace","floor":11.0},{"not_picked":["Combust","True Grit"],"picked":"Pommel Strike","floor":14.0}],"player_experience":666091,"relics_obtained":[{"floor":8.0,"key":"Pear"},{"floor":9.0,"key":"Vajra"},{"floor":10.0,"key":"Gremlin Horn"},{"floor":14.0,"key":"Letter Opener"}],"event_choices":[{"damage_healed":0.0,"max_hp_gain":5.0,"max_hp_loss":0.0,"gold_gain":0.0,"event_name":"Big Fish","player_choice":"Donut","floor":3.0,"gold_loss":0.0,"damage_taken":0.0},{"damage_healed":0.0,"max_hp_gain":0.0,"max_hp_loss":0.0,"gold_gain":0.0,"event_name":"Liars Game","player_choice":"Ignored","floor":4.0,"gold_loss":0.0,"damage_taken":0.0},{"damage_healed":0.0,"max_hp_gain":0.0,"max_hp_loss":0.0,"gold_gain":0.0,"event_name":"Scrap Ooze","player_choice":"Success","floor":5.0,"gold_loss":0.0,"damage_taken":3.0,"relics_obtained":["Anchor"]}],"is_beta":false,"boss_relics":[],"items_purged_floors":[13],"is_endless":false,"potions_floor_spawned":[8,10,11,14],"killed_by":"The Guardian","ascension_level":4}}