{"host":"cqp8djd9d6qkqkjg","time":1613436717,"event":{"mods":["Act Like it!","BaseMod","Downfall","Hermit","Marisa£®ÏF”Í°°ƒß¿Ì…≥£©","Minty Spire (QoL Compilation)","READ ME - Guardian Mod","Reimu£®≤©¿ˆ¡È√Œ£©","Reliquary","Replay The Spire","StSLib","Yakumo Yukari mod"],"gold_per_floor":[99,114,134,134,149,149,149,163,163,163,194,211,0,0,14,14,14,14],"floor_reached":16,"language":"ZHS","playtime":1155,"items_purged":[],"score":127,"play_id":"52188046-1611-4649-84a8-7f11f24f9493","local_time":"20210216085157","is_ascension_mode":false,"campfire_choices":[{"data":"Guardian:TwinSlam","floor":1,"key":"SMITH"},{"data":"Guardian:DonusPower","floor":6,"key":"SMITH"},{"data":"Guardian:Suspension","floor":6,"key":"SMITH"},{"data":"Guardian:MultiBeam","floor":10,"key":"SMITH"},{"data":"Guardian:CurlUp","floor":10,"key":"SMITH"}],"circlet_count":0,"master_deck":["Guardian:Strike_Guardian","Guardian:Strike_Guardian","Guardian:Strike_Guardian","Guardian:Defend_Guardian+1","Guardian:Defend_Guardian+1","Guardian:Defend_Guardian+1","Guardian:Defend_Guardian+1","Guardian:CurlUp+1","Guardian:TwinSlam+1","Guardian:Suspension+1","Guardian:DonusPower+1","Guardian:MultiBeam+1","Guardian:RevengeProtocol","Guardian:Gem_Fragmented","expansioncontent:DashGenerateEvil","Guardian:Gem_Blue","Guardian:Planning"],"relics":["Guardian:ModeShifter","Replay:Arrowhead","Replay:Bottled Eggs","Mango"],"acts_visited":["Exordium"],"potions_floor_usage":[12],"damage_taken":[{"damage":11,"enemies":"Jaw Worm","floor":2,"turns":3},{"damage":5,"enemies":"Small Slimes","floor":3,"turns":4},{"damage":4,"enemies":"2 Louse","floor":5,"turns":3},{"damage":11,"enemies":"Large Slime","floor":8,"turns":7},{"damage":10,"enemies":"Gremlin Nob","floor":11,"turns":5},{"damage":12,"enemies":"Exordium Thugs","floor":12,"turns":4},{"damage":0,"enemies":"downfall:FleeingMerchant","floor":13,"turns":4},{"damage":3,"enemies":"3 Louse","floor":15,"turns":3},{"damage":37,"enemies":"WA_ARCHETYPE_RETAIN","floor":16,"turns":7}],"seed_played":"7126349058557247611","potions_obtained":[{"floor":2,"key":"Swift Potion"},{"floor":12,"key":"Block Potion"},{"floor":15,"key":"Adrenaline Potion"}],"is_trial":false,"path_per_floor":["R","M","M","?","M","R","T","M","?","R","E","M","$","?","M","B"],"character_chosen":"GUARDIAN","items_purchased":["expansioncontent:DashGenerateEvil"],"campfire_rested":0,"item_purchase_floors":[13],"current_hp_per_floor":[88,77,72,60,56,56,56,45,45,45,49,37,37,31,28,0,0,0],"gold":14,"neow_bonus":"TEN_PERCENT_HP_BONUS","is_daily":false,"chose_seed":false,"campfire_upgraded":5,"win_rate":0.0,"timestamp":1613436717,"path_taken":["R","M","M","?","M","R","T","M","?","R","E","M","$","?","M","BOSS"],"items_purchased_type":["Card"],"build_version":"2020-12-22","purchased_purges":0,"victory":false,"max_hp_per_floor":[88,88,88,88,88,88,88,88,88,88,102,102,102,102,102,102,102,102],"card_choices":[{"not_picked":["Guardian:Incinerate","Guardian:Planning"],"picked":"Guardian:Suspension","floor":2},{"not_picked":["Guardian:WalkerClaw","Guardian:Gem_Lightblue"],"picked":"Guardian:DonusPower","floor":3},{"not_picked":["Guardian:VentSteam","Guardian:TemporalShield","Guardian:WalkerClaw"],"picked":"SKIP","floor":5},{"not_picked":["Guardian:GuardianWhirl","Guardian:Gem_Lightblue"],"picked":"Guardian:MultiBeam","floor":8},{"not_picked":["Guardian:WalkerClaw","Guardian:GuardianWhirl"],"picked":"Guardian:RevengeProtocol","floor":11},{"not_picked":["Guardian:Repulse","Guardian:PrimingBeam","Guardian:RollAttack"],"picked":"SKIP","floor":12},{"not_picked":["Guardian:CrystalBeam","Guardian:Gem_Green"],"picked":"Guardian:Gem_Fragmented","floor":13},{"not_picked":["Guardian:DecasProtection","Guardian:DonusPower"],"picked":"Guardian:Planning","floor":15}],"player_experience":294470,"relics_obtained":[{"floor":7,"key":"Replay:Bottled Eggs"},{"floor":11,"key":"Mango"}],"event_choices":[{"damage_healed":0,"gold_gain":0,"player_choice":"Success","damage_taken":12,"relics_obtained":["Replay:Arrowhead"],"max_hp_gain":0,"max_hp_loss":0,"event_name":"Scrap Ooze","floor":4,"gold_loss":0}],"is_beta":false,"boss_relics":[],"items_purged_floors":[],"is_endless":false,"potions_floor_spawned":[2,12,15],"killed_by":"WA_ARCHETYPE_RETAIN","ascension_level":0}}