{"host":"8vqkh0x3c7vpgzzm","time":1613485700,"event":{"mods":["AchievementEnabler","BaseMod","Colored Map","Colored Powertips","Curses Come First","DeckTracker","Highlight Path","Minty Spire (QoL Compilation)","Permanent Neow","Quick Restart","Random Character Mod","Rare Cards Sparkle","Relic Sorter","Relic Stats","StSLib","SuperFastMode","Unceasing Turn Reminder","egg","everything is the same but u backflip on backflip"],"gold_per_floor":[115,127,127,139,139,139,19,34,81,81,93,93,110,10,10,112,112,131,144,243,261,43,43,57,57,127,140,140,140,140,156,156,252,252,271,321,321],"floor_reached":36,"language":"ENG","playtime":1469,"items_purged":["Defend_R","Strike_R","Strike_R"],"score":381,"play_id":"e0d0013b-a566-4077-87dd-8e69f15c7294","local_time":"20210216152820","is_ascension_mode":false,"campfire_choices":[{"floor":6,"key":"RECALL"},{"floor":10,"key":"REST"},{"floor":15,"key":"REST"},{"floor":23,"key":"REST"},{"floor":25,"key":"REST"},{"floor":28,"key":"REST"},{"floor":30,"key":"REST"},{"floor":32,"key":"REST"}],"circlet_count":0,"master_deck":["Strike_R","Strike_R","Defend_R","Defend_R","Defend_R","Bash","Armaments","Disarm","Carnage","Shrug It Off","Cleave","Feed","Pummel","Impervious","Thunderclap","Rage+1","Blind","Combust+1","Pommel Strike","Juggernaut","Armaments+1"],"relics":["Fusion Hammer","Incense Burner"],"acts_visited":["Exordium","TheCity","TheBeyond"],"potions_floor_usage":[18,21,24,33,33,33,33,36,36],"damage_taken":[{"damage":1,"enemies":"Cultist","floor":1,"turns":3},{"damage":0,"enemies":"Jaw Worm","floor":2,"turns":4},{"damage":0,"enemies":"Small Slimes","floor":4,"turns":4},{"damage":0,"enemies":"Gremlin Gang","floor":8,"turns":7},{"damage":11,"enemies":"Exordium Wildlife","floor":11,"turns":2},{"damage":3,"enemies":"Red Slaver","floor":13,"turns":4},{"damage":41,"enemies":"Hexaghost","floor":16,"turns":11},{"damage":15,"enemies":"2 Thieves","floor":18,"turns":4},{"damage":9,"enemies":"3 Byrds","floor":19,"turns":6},{"damage":41,"enemies":"Cultist and Chosen","floor":21,"turns":9},{"damage":40,"enemies":"Snecko","floor":24,"turns":12},{"damage":11,"enemies":"Centurion and Healer","floor":27,"turns":9},{"damage":25,"enemies":"Snake Plant","floor":31,"turns":5},{"damage":65,"enemies":"Champ","floor":33,"turns":15},{"damage":11,"enemies":"3 Shapes","floor":35,"turns":6},{"damage":103,"enemies":"2 Orb Walkers","floor":36,"turns":7}],"seed_played":"2840700289752917469","potions_obtained":[{"floor":1,"key":"SkillPotion"},{"floor":2,"key":"SpeedPotion"},{"floor":11,"key":"AttackPotion"},{"floor":16,"key":"Swift Potion"},{"floor":21,"key":"SpeedPotion"},{"floor":27,"key":"GamblersBrew"},{"floor":31,"key":"EntropicBrew"},{"floor":35,"key":"BloodPotion"}],"is_trial":false,"path_per_floor":["M","M","?","M","?","R","$","M","T","R","M","T","M","$","R","B",null,"M","M","?","M","$","R","M","R","T","M","R","?","R","M","R","B",null,"M","?"],"character_chosen":"IRONCLAD","items_purchased":["Shrug It Off","Blind"],"campfire_rested":7,"item_purchase_floors":[7,22],"current_hp_per_floor":[79,79,79,79,79,79,79,79,79,80,69,69,69,69,83,45,86,71,65,65,27,27,54,18,46,46,35,63,63,91,66,94,29,96,88,4,4],"gold":321,"neow_bonus":"BOSS_RELIC","is_daily":false,"chose_seed":false,"campfire_upgraded":0,"win_rate":0.0,"timestamp":1613485700,"path_taken":["M","?","?","M","?","R","$","M","T","R","?","?","?","?","R","BOSS","M","M","?","M","$","R","M","R","T","M","R","?","R","M","R","BOSS","M","?"],"items_purchased_type":["Card","Card"],"build_version":"2020-12-22","purchased_purges":3,"victory":false,"max_hp_per_floor":[80,80,80,80,80,80,80,80,80,80,80,80,83,83,83,86,86,86,89,89,92,92,92,96,96,96,96,96,96,96,96,96,96,96,99,99,99],"relic_stats":{"counters":[16,108],"obtain_stats":[{"Fusion Hammer":0,"Incense Burner":36,"Burning Blood":0},{"Fusion Hammer":0,"Incense Burner":16,"Burning Blood":0},{"Fusion Hammer":0,"Incense Burner":108,"Burning Blood":0}]},"card_choices":[{"not_picked":["Iron Wave","Reckless Charge"],"picked":"Armaments","floor":1},{"not_picked":["Twin Strike","Havoc"],"picked":"Disarm","floor":2},{"not_picked":["Clash","Searing Blow"],"picked":"Carnage","floor":4},{"not_picked":["Iron Wave","Rupture"],"picked":"Cleave","floor":8},{"not_picked":["Cleave","Bloodletting"],"picked":"Feed","floor":11},{"not_picked":["Perfected Strike","Clash"],"picked":"Pummel","floor":13},{"not_picked":["Bludgeon","Limit Break"],"picked":"Impervious","floor":16},{"not_picked":["Wild Strike","Anger","True Grit"],"picked":"SKIP","floor":18},{"not_picked":["Perfected Strike","Rampage","Thunderclap"],"picked":"SKIP","floor":19},{"not_picked":["Perfected Strike","Rampage"],"picked":"Thunderclap","floor":19},{"not_picked":["Heavy Blade","Sword Boomerang"],"picked":"Rage+1","floor":21},{"not_picked":["Second Wind","Headbutt"],"picked":"Combust+1","floor":24},{"not_picked":["Perfected Strike","Headbutt","Sever Soul"],"picked":"SKIP","floor":27},{"not_picked":["Heavy Blade","Hemokinesis"],"picked":"Pommel Strike","floor":31},{"not_picked":["Impervious","Immolate"],"picked":"Juggernaut","floor":33},{"not_picked":["Bloodletting+1","Sever Soul"],"picked":"Armaments+1","floor":35}],"player_experience":567205,"relics_obtained":[{"floor":36,"key":"Incense Burner"}],"event_choices":[{"damage_healed":0,"gold_gain":0,"player_choice":"Ignored","damage_taken":0,"max_hp_gain":0,"max_hp_loss":0,"event_name":"Liars Game","floor":3,"gold_loss":0},{"cards_removed":["Strike_R"],"damage_healed":0,"gold_gain":0,"player_choice":"Purged","damage_taken":0,"max_hp_gain":0,"max_hp_loss":0,"event_name":"Purifier","floor":5,"gold_loss":0},{"damage_healed":0,"gold_gain":99,"player_choice":"Stole From Cult","damage_taken":0,"max_hp_gain":0,"max_hp_loss":0,"event_name":"Nest","floor":20,"gold_loss":0},{"damage_healed":0,"gold_gain":0,"player_choice":"Ignored","damage_taken":0,"max_hp_gain":0,"max_hp_loss":0,"event_name":"Ghosts","floor":29,"gold_loss":0},{"damage_healed":0,"gold_gain":0,"player_choice":"Fight","damage_taken":0,"max_hp_gain":0,"max_hp_loss":0,"event_name":"Mysterious Sphere","floor":36,"gold_loss":0}],"is_beta":false,"boss_relics":[{"not_picked":["Runic Pyramid","Sozu","Black Star"]},{"not_picked":["Runic Dome","SlaversCollar","Tiny House"]}],"items_purged_floors":[7,14,22],"is_endless":false,"potions_floor_spawned":[1,2,11,16,21,27,31,35],"killed_by":"2 Orb Walkers","ascension_level":0}}