{"host":"thn8o1tmql8xszd5","time":1613435591,"event":{"mods":["2.2 Compatiblity","AchievementEnabler","BaseMod","Bestiary","Block Reminder","Colored Map","Curses Come First","DeckTracker","Downfall","Highlight Path","Minty Spire (QoL Compilation)","Permanent Neow","Relic Sorter","Relic Stats","Spire Arcade","StSLib"],"gold_per_floor":[199,209,225,225,235,145,196,209,220,240,267,267,115,131,147,252,252,152,165,165,4,20,20,20,20,47,47,47,47],"floor_reached":27,"language":"ENG","playtime":1372,"items_purged":["Clumsy"],"score":235,"play_id":"59d81e26-c7c4-47bb-a432-4aaf224754c3","local_time":"20210215193311","is_ascension_mode":false,"campfire_choices":[{"data":"bronze:Replicate","floor":1,"key":"SMITH"},{"floor":18,"key":"RECALL"}],"circlet_count":0,"master_deck":["bronze:Strike","bronze:Defend","bronze:Defend","bronze:Defend","bronze:Defend","bronze:Replicate+1","bronze:Goto","bronze:Repair","bronze:WildBeam","bronze:DelayedSlice","bronze:FindAndReplace","bronze:WhirlingStrike","bronze:ForLoop","bronze:ForceShield","bronze:ClassDefault+1","bronze:Explode","bronze:Shield","bronze:RecursiveStrike","bronze:Verify+1","bronze:Allocate","bronze:Repulsor+1","bronze:DarkDash","bronze:WhirlingStrike+1"],"relics":["bronze:BronzeCore","Centennial Puzzle","Frozen Egg 2","Busted Crown","downfall:HeartBlessingGreen","Du-Vu Doll","InkBottle"],"acts_visited":["Exordium","TheCity"],"potions_floor_usage":[11,11,16,16,26,27,27],"damage_taken":[{"damage":2,"enemies":"Small Slimes","floor":2,"turns":4},{"damage":2,"enemies":"Cultist","floor":3,"turns":3},{"damage":0,"enemies":"2 Louse","floor":5,"turns":2},{"damage":1,"enemies":"downfall:FleeingMerchant","floor":6,"turns":4},{"damage":4,"enemies":"Blue Slaver","floor":8,"turns":2},{"damage":0,"enemies":"2 Fungi Beasts","floor":9,"turns":2},{"damage":5,"enemies":"downfall:LooterAlt","floor":10,"turns":2},{"damage":2,"enemies":"3 Sentries","floor":11,"turns":3},{"damage":0,"enemies":"3 Sentries","floor":12,"turns":1},{"damage":11,"enemies":"downfall:FleeingMerchant","floor":13,"turns":4},{"damage":0,"enemies":"Gremlin Gang","floor":14,"turns":2},{"damage":0,"enemies":"3 Louse","floor":15,"turns":2},{"damage":65,"enemies":"IC_STATUS_ARCHETYPE","floor":16,"turns":9},{"damage":17,"enemies":"Spheric Guardian","floor":19,"turns":4},{"damage":2,"enemies":"downfall:FleeingMerchant","floor":21,"turns":4},{"damage":10,"enemies":"Chosen","floor":22,"turns":3},{"damage":57,"enemies":"Book of Stabbing","floor":26,"turns":7},{"damage":14,"enemies":"Shelled Parasite and Fungi","floor":27,"turns":3}],"seed_played":"7329990467777693039","potions_obtained":[{"floor":2,"key":"EssenceOfSteel"},{"floor":5,"key":"DistilledChaos"},{"floor":9,"key":"LiquidBronze"},{"floor":11,"key":"champ:CounterPotion"},{"floor":12,"key":"Explosive Potion"},{"floor":15,"key":"DuplicationPotion"},{"floor":16,"key":"hexamod:SoulburnPotion"},{"floor":19,"key":"SpeedPotion"},{"floor":26,"key":"Weak Potion"}],"is_trial":false,"path_per_floor":["R","M","M","?","M","$","T","M","M","M","E","?","$","M","M","B",null,"R","M","?","$","M","?","T","?","E","M"],"character_chosen":"THE_AUTOMATON","items_purchased":["bronze:RecursiveStrike","bronze:Repulsor+1","bronze:DarkDash"],"campfire_rested":0,"item_purchase_floors":[13,21,21],"current_hp_per_floor":[70,68,70,70,70,70,70,66,70,65,70,70,66,70,70,5,70,70,60,47,52,42,67,67,67,10,0,0,0],"gold":47,"neow_bonus":"HUNDRED_GOLD","is_daily":false,"chose_seed":false,"campfire_upgraded":1,"win_rate":0.0,"timestamp":1613435591,"path_taken":["R","M","M","?","?","$","T","M","M","M","E","?","$","M","M","BOSS","R","M","?","$","M","?","T","?","E","M"],"items_purchased_type":["Card","Card","Card"],"build_version":"2020-12-22","purchased_purges":1,"victory":false,"max_hp_per_floor":[70,70,70,70,70,70,70,70,70,70,70,70,70,70,70,70,70,70,70,75,75,75,75,75,75,75,75,75,75],"relic_stats":{"Centennial Puzzle":[27],"Busted Crown":8,"counters":[18,61],"obtain_stats":[{"Du-Vu Doll":24,"Centennial Puzzle":7,"bronze:BronzeCore":0,"Busted Crown":17,"downfall:HeartBlessingGreen":18,"Frozen Egg 2":11,"InkBottle":26},{"Du-Vu Doll":16,"Centennial Puzzle":4,"bronze:BronzeCore":0,"Busted Crown":13,"downfall:HeartBlessingGreen":13,"Frozen Egg 2":8,"InkBottle":17},{"Du-Vu Doll":51,"Centennial Puzzle":13,"bronze:BronzeCore":0,"Busted Crown":40,"downfall:HeartBlessingGreen":40,"Frozen Egg 2":22,"InkBottle":58}],"InkBottle":[1]},"card_choices":[{"not_picked":["bronze:Repulsor","bronze:Turbo"],"picked":"bronze:Repair","floor":2},{"not_picked":["bronze:FollowUp","bronze:BugBarrage"],"picked":"bronze:WildBeam","floor":3},{"not_picked":["bronze:Optimize","bronze:Constructor"],"picked":"bronze:DelayedSlice","floor":5},{"not_picked":["bronze:OilSpill","bronze:Philosophize"],"picked":"bronze:FindAndReplace","floor":6},{"not_picked":["bronze:Safeguard","bronze:Overload"],"picked":"bronze:WhirlingStrike","floor":8},{"not_picked":["bronze:Iterate","bronze:WildBeam"],"picked":"bronze:ForLoop","floor":9},{"not_picked":["bronze:Turbo","bronze:FollowUp"],"picked":"bronze:ForceShield","floor":10},{"not_picked":["bronze:Frontload","bronze:WildBeam"],"picked":"bronze:ClassDefault+1","floor":11},{"not_picked":[],"picked":"bronze:Explode","floor":12},{"not_picked":["bronze:Philosophize","bronze:WhirlingStrike"],"picked":"bronze:Shield","floor":13},{"not_picked":["bronze:Repair","bronze:BitShift","bronze:BuggyMess"],"picked":"SKIP","floor":14},{"not_picked":["bronze:Break","bronze:Backtrace","bronze:DelayedSlice"],"picked":"SKIP","floor":15},{"not_picked":["bronze:AlphaBuild","bronze:HardenedForm+1"],"picked":"bronze:Verify+1","floor":16},{"not_picked":[],"picked":"bronze:Allocate","floor":19},{"not_picked":["bronze:Deprecate"],"picked":"SKIP","floor":21},{"not_picked":["bronze:Backtrace+1"],"picked":"SKIP","floor":22},{"not_picked":[],"picked":"bronze:WhirlingStrike+1","floor":26}],"player_experience":852738,"relics_obtained":[{"floor":7,"key":"Centennial Puzzle"},{"floor":11,"key":"Frozen Egg 2"},{"floor":24,"key":"Du-Vu Doll"},{"floor":26,"key":"InkBottle"}],"event_choices":[{"damage_healed":25,"gold_gain":0,"player_choice":"Heal","damage_taken":0,"max_hp_gain":0,"max_hp_loss":0,"event_name":"The Library","floor":23,"gold_loss":0}],"is_beta":false,"boss_relics":[{"not_picked":["Velvet Choker","Astrolabe"],"picked":"Busted Crown"}],"items_purged_floors":[6],"is_endless":false,"potions_floor_spawned":[2,5,9,11,12,15,16,19,26],"killed_by":"Shelled Parasite and Fungi","ascension_level":0}}