{"host":"bg8va46pgqgvtzim","time":1613467110,"event":{"mods":["BaseMod","Minty Spire (QoL Compilation)","Quick Restart","StSLib","SuperFastMode"],"gold_per_floor":[109,109,128,128,147,157,171,185,37,70,70,99,178,203,203,230,282,282,295,370,384,419,435,71,87,103,103,103,199,199,215,215,229,252,264,110,110,110,138,154,166,166,243,319,319,335,353,373,386,386,421,421,421,521,521,531,531,531,541,139,150,170,170,200,216,244,244,244,259,309,320,340,390,409,409,435,435,435,435],"floor_reached":80,"language":"ZHS","playtime":2335,"items_purged":["Reprogram","Strike_B","Defend_B"],"score":1493,"play_id":"875bdef8-4ccf-4adf-98c9-acb36a416407","local_time":"20210216171830","is_ascension_mode":true,"campfire_choices":[{"data":"Defragment","floor":11.0,"key":"SMITH"},{"data":"Dualcast","floor":15.0,"key":"SMITH"},{"data":"Zap","floor":18.0,"key":"SMITH"},{"data":"Apotheosis","floor":27.0,"key":"SMITH"},{"floor":28.0,"key":"REST"},{"data":"Recycle","floor":38.0,"key":"SMITH"},{"data":"Heatsinks","floor":42.0,"key":"SMITH"},{"data":"Fission","floor":45.0,"key":"SMITH"},{"data":"Biased Cognition","floor":50.0,"key":"SMITH"},{"data":"Creative AI","floor":52.0,"key":"SMITH"},{"floor":53.0,"key":"RECALL"},{"data":"Coolheaded","floor":63,"key":"SMITH"},{"data":"Reboot","floor":77,"key":"SMITH"},{"data":"Heatsinks","floor":78,"key":"SMITH"}],"circlet_count":0,"master_deck":["Zap+1","Ball Lightning+1","Glacier","White Noise","Compile Driver","Turbo","Defragment+1","Hologram","Undo","Loop","Apotheosis+1","Heatsinks+1","Fission+1","Biased Cognition+1","Sweeping Beam","Recycle+1","Genetic Algorithm","Core Surge+1","Storm","Capacitor","Self Repair","Skim+1","Creative AI+1","Creative AI","Skim+1","Heatsinks+1","Coolheaded+1","White Noise+1","Storm","Reboot+1","Gash+1"],"relics":["Cracked Core","Oddly Smooth Stone","Tiny Chest","Mummified Hand","Unceasing Top","Dream Catcher","Calipers","SacredBark","DataDisk","Anchor","Ancient Tea Set","The Courier","Molten Egg 2","Blue Candle","Inserter","Letter Opener","OrangePellets","Lantern","Whetstone","Strawberry","CaptainsWheel","Shuriken","FossilizedHelix","Du-Vu Doll","Toy Ornithopter"],"acts_visited":["Exordium","TheCity","TheBeyond"],"potions_floor_usage":[79],"damage_taken":[{"damage":1.0,"enemies":"Jaw Worm","floor":1.0,"turns":5.0},{"damage":0.0,"enemies":"2 Louse","floor":3.0,"turns":2.0},{"damage":1.0,"enemies":"Cultist","floor":5.0,"turns":4.0},{"damage":7.0,"enemies":"Exordium Thugs","floor":6.0,"turns":5.0},{"damage":7.0,"enemies":"Blue Slaver","floor":7.0,"turns":3.0},{"damage":5.0,"enemies":"Looter","floor":8.0,"turns":3.0},{"damage":30.0,"enemies":"Gremlin Nob","floor":10.0,"turns":6.0},{"damage":2.0,"enemies":"3 Sentries","floor":12.0,"turns":8.0},{"damage":0.0,"enemies":"Lagavulin","floor":14.0,"turns":7.0},{"damage":0.0,"enemies":"3 Louse","floor":19.0,"turns":3.0},{"damage":0.0,"enemies":"Large Slime","floor":21.0,"turns":3.0},{"damage":0.0,"enemies":"Gremlin Nob","floor":22.0,"turns":4.0},{"damage":0.0,"enemies":"2 Fungi Beasts","floor":23.0,"turns":3.0},{"damage":0.0,"enemies":"3 Louse","floor":25.0,"turns":4.0},{"damage":0.0,"enemies":"Exordium Thugs","floor":26.0,"turns":4.0},{"damage":0.0,"enemies":"The Guardian","floor":29.0,"turns":7.0},{"damage":0.0,"enemies":"Spheric Guardian","floor":31.0,"turns":4.0},{"damage":0.0,"enemies":"Shell Parasite","floor":33.0,"turns":3.0},{"damage":0.0,"enemies":"Centurion and Healer","floor":35.0,"turns":2.0},{"damage":0.0,"enemies":"Book of Stabbing","floor":39.0,"turns":3.0},{"damage":0.0,"enemies":"Cultist and Chosen","floor":40.0,"turns":3.0},{"damage":0.0,"enemies":"Snake Plant","floor":41.0,"turns":3.0},{"damage":18.0,"enemies":"Shelled Parasite and Fungi","floor":46.0,"turns":3.0},{"damage":0.0,"enemies":"Chosen and Byrds","floor":47.0,"turns":5.0},{"damage":0.0,"enemies":"Centurion and Healer","floor":48.0,"turns":3.0},{"damage":0.0,"enemies":"Cultist and Chosen","floor":49.0,"turns":2.0},{"damage":8.0,"enemies":"Gremlin Leader","floor":51.0,"turns":2.0},{"damage":0.0,"enemies":"Champ","floor":54.0,"turns":2.0},{"damage":0.0,"enemies":"Orb Walker","floor":56.0,"turns":1.0},{"damage":0.0,"enemies":"3 Darklings","floor":59.0,"turns":2.0},{"damage":0,"enemies":"Spire Growth","floor":61,"turns":1},{"damage":0,"enemies":"Transient","floor":62,"turns":1},{"damage":0,"enemies":"Reptomancer","floor":64,"turns":1},{"damage":0,"enemies":"3 Darklings","floor":65,"turns":1},{"damage":0,"enemies":"Giant Head","floor":66,"turns":4},{"damage":0,"enemies":"Writhing Mass","floor":69,"turns":2},{"damage":0,"enemies":"2 Orb Walkers","floor":70,"turns":2},{"damage":0,"enemies":"Transient","floor":71,"turns":3},{"damage":0,"enemies":"3 Darklings","floor":72,"turns":2},{"damage":0,"enemies":"Mind Bloom Boss Battle","floor":73,"turns":1},{"damage":0,"enemies":"Sphere and 2 Shapes","floor":74,"turns":2},{"damage":0,"enemies":"Nemesis","floor":76,"turns":3},{"damage":0,"enemies":"Time Eater","floor":79,"turns":3}],"seed_played":"704877214366217563","potions_obtained":[{"floor":1.0,"key":"Ancient Potion"},{"floor":5.0,"key":"Strength Potion"},{"floor":8.0,"key":"GamblersBrew"},{"floor":19.0,"key":"SmokeBomb"},{"floor":22.0,"key":"FocusPotion"},{"floor":25.0,"key":"AttackPotion"},{"floor":29.0,"key":"SpeedPotion"},{"floor":33.0,"key":"SkillPotion"},{"floor":40.0,"key":"EntropicBrew"},{"floor":41.0,"key":"FocusPotion"},{"floor":46.0,"key":"DistilledChaos"},{"floor":66,"key":"DuplicationPotion"}],"is_trial":false,"path_per_floor":["M","?","M","?","M","M","M","M","$","E","R","E","T","E","R","T","T","R","M","?","M","E","M","$","M","M","R","R","B",null,"M","?","M","T","M","$","?","R","E","M","M","R","T","T","R","M","M","M","M","R","E","R","R","B",null,"M","?","T","M","$","M","M","R","E","M","E","T","T","M","?","M","M","?","M","?","E","R","R","B",null],"character_chosen":"DEFECT","items_purchased":["Defragment","Apotheosis","Heatsinks","Anchor","OrangePellets","Lantern","Heatsinks"],"campfire_rested":1,"item_purchase_floors":[9,24,24,36,60,60,60],"current_hp_per_floor":[67,67,67,67,66,59,52,47,47,17,17,15,15,15,15,15,15,15,15,4,4,4,4,4,4,4,4,24,24,68,68,68,68,68,68,68,68,68,68,68,68,68,68,68,68,50,57,67,68,68,68,68,68,68,68,68,68,68,68,68,68,68,68,68,68,75,75,75,75,75,75,75,75,75,75,75,75,75,75],"gold":435,"neow_bonus":"REMOVE_TWO","is_daily":false,"chose_seed":false,"campfire_upgraded":12,"win_rate":0.0,"timestamp":1613467110,"path_taken":["M","?","M","?","M","M","?","M","$","E","R","E","?","E","R","T","T","R","M","?","M","E","M","$","M","M","R","R","BOSS","M","?","M","?","M","$","?","R","E","M","M","R","T","T","R","M","M","?","M","R","E","R","R","BOSS","M","?","?","M","$","M","M","R","E","M","E","T","T","M","?","M","M","?","M","?","E","R","R","BOSS"],"items_purchased_type":["Card","Card","Card","Relic","Relic","Relic","Card"],"build_version":"2020-12-22","purchased_purges":3,"victory":true,"max_hp_per_floor":[68,68,68,68,68,68,68,68,68,68,68,68,68,68,68,68,68,68,68,68,68,68,68,68,68,68,68,68,68,68,68,68,68,68,68,68,68,68,68,68,68,68,68,68,68,68,68,68,68,68,68,68,68,68,68,68,68,68,68,68,68,68,68,68,68,75,75,75,75,75,75,75,75,75,75,75,75,75,75],"card_choices":[{"not_picked":["Chill","Turbo"],"picked":"Ball Lightning","floor":1.0},{"not_picked":["Darkness","Static Discharge"],"picked":"Glacier","floor":3.0},{"not_picked":["Cold Snap","Hologram"],"picked":"White Noise","floor":5.0},{"not_picked":["Loop","Cold Snap"],"picked":"Compile Driver","floor":6.0},{"not_picked":["Rebound","Chaos"],"picked":"Turbo","floor":7.0},{"not_picked":["Stack","Turbo","Streamline"],"picked":"SKIP","floor":8.0},{"not_picked":["Darkness","Compile Driver"],"picked":"Hologram","floor":10.0},{"not_picked":["FTL","Static Discharge","Cold Snap"],"picked":"SKIP","floor":12.0},{"not_picked":["Barrage","Rip and Tear"],"picked":"Undo","floor":14.0},{"not_picked":["Hyperbeam","Gash","Rip and Tear"],"picked":"SKIP","floor":19.0},{"not_picked":["Melter","Auto Shields","Turbo"],"picked":"SKIP","floor":21.0},{"not_picked":["Ball Lightning","Static Discharge","Conserve Battery"],"picked":"SKIP","floor":22.0},{"not_picked":["Chaos","Sweeping Beam"],"picked":"Loop","floor":23.0},{"not_picked":["Stack","Leap","Streamline"],"picked":"SKIP","floor":25.0},{"not_picked":["Conserve Battery","Gash","Turbo"],"picked":"SKIP","floor":26.0},{"not_picked":["Stack","Genetic Algorithm"],"picked":"Fission","floor":28.0},{"not_picked":["Machine Learning","Fission"],"picked":"Biased Cognition","floor":29.0},{"not_picked":["Turbo","FTL","Ball Lightning+1"],"picked":"SKIP","floor":31.0},{"not_picked":["Streamline","Steam+1"],"picked":"Genetic Algorithm","floor":33.0},{"not_picked":["Leap+1","Turbo","Compile Driver+1"],"picked":"SKIP","floor":35.0},{"not_picked":["Auto Shields","Sweeping Beam+1"],"picked":"Core Surge","floor":39.0},{"not_picked":["Ball Lightning","Reinforced Body"],"picked":"Storm","floor":40.0},{"not_picked":["Beam Cell","White Noise"],"picked":"Capacitor","floor":41.0},{"not_picked":["Ball Lightning+1","Gash+1"],"picked":"Self Repair","floor":46.0},{"not_picked":["Redo+1","Go for the Eyes+1","Hologram"],"picked":"SKIP","floor":47.0},{"not_picked":["Rebound+1","Steam"],"picked":"Skim+1","floor":48.0},{"not_picked":["Rebound+1","Sweeping Beam+1","Stack"],"picked":"SKIP","floor":49.0},{"not_picked":["Tempest","Hello World"],"picked":"Creative AI","floor":51.0},{"not_picked":["Fission","Hyperbeam+1"],"picked":"Creative AI","floor":54.0},{"not_picked":["Gash+1","Rebound+1"],"picked":"Skim+1","floor":56.0},{"not_picked":["Self Repair","Conserve Battery+1","Cold Snap+1"],"picked":"SKIP","floor":59},{"not_picked":["Fusion","FTL+1","Go for the Eyes+1"],"picked":"SKIP","floor":61},{"not_picked":["Conserve Battery+1","Stack+1"],"picked":"Coolheaded","floor":62},{"not_picked":["Streamline+1","Scrape+1","Sweeping Beam+1"],"picked":"SKIP","floor":64},{"not_picked":["Stack","Beam Cell+1","Redo"],"picked":"SKIP","floor":65},{"not_picked":["Steam+1","Cold Snap+1","Doom and Gloom+1"],"picked":"SKIP","floor":66},{"not_picked":["Sweeping Beam+1","Fission"],"picked":"White Noise+1","floor":69},{"not_picked":["Redo","Go for the Eyes+1","Rebound+1"],"picked":"SKIP","floor":71},{"not_picked":["Redo","Scrape+1"],"picked":"Storm","floor":72},{"not_picked":["Ball Lightning+1","Reprogram+1"],"picked":"Reboot","floor":73},{"not_picked":["Leap","Sunder+1","Compile Driver+1"],"picked":"SKIP","floor":74},{"not_picked":["Reinforced Body","Darkness+1"],"picked":"Gash+1","floor":76}],"player_experience":2462019,"relics_obtained":[{"floor":10.0,"key":"Oddly Smooth Stone"},{"floor":12.0,"key":"Tiny Chest"},{"floor":13.0,"key":"Mummified Hand"},{"floor":14.0,"key":"Unceasing Top"},{"floor":16.0,"key":"Dream Catcher"},{"floor":22.0,"key":"Calipers"},{"floor":34.0,"key":"DataDisk"},{"floor":39.0,"key":"Ancient Tea Set"},{"floor":43.0,"key":"The Courier"},{"floor":44.0,"key":"Molten Egg 2"},{"floor":51.0,"key":"Blue Candle"},{"floor":58.0,"key":"Letter Opener"},{"floor":64,"key":"Whetstone"},{"floor":66,"key":"Strawberry"},{"floor":67,"key":"CaptainsWheel"},{"floor":68,"key":"Shuriken"},{"floor":70,"key":"FossilizedHelix"},{"floor":73,"key":"Du-Vu Doll"},{"floor":76,"key":"Toy Ornithopter"}],"event_choices":[{"damage_healed":0.0,"max_hp_gain":0.0,"max_hp_loss":0.0,"gold_gain":0.0,"event_name":"Liars Game","player_choice":"Ignored","floor":2.0,"gold_loss":0.0,"damage_taken":0.0},{"damage_healed":0.0,"max_hp_gain":0.0,"max_hp_loss":0.0,"gold_gain":0.0,"cards_transformed":["Strike_B"],"event_name":"Transmorgrifier","player_choice":"Transformed","floor":4.0,"gold_loss":0.0,"damage_taken":0.0,"cards_obtained":["Reprogram"]},{"damage_healed":0.0,"max_hp_gain":0.0,"max_hp_loss":0.0,"gold_gain":75.0,"event_name":"World of Goop","player_choice":"Gather Gold","floor":20.0,"gold_loss":0.0,"damage_taken":11.0},{"damage_healed":0.0,"max_hp_gain":0.0,"max_hp_loss":0.0,"gold_gain":0.0,"cards_transformed":["Defend_B","Defend_B"],"event_name":"Drug Dealer","player_choice":"Became Test Subject","floor":32.0,"gold_loss":0.0,"damage_taken":0.0,"cards_obtained":["Sweeping Beam","Recycle"]},{"cards_removed":["Defend_B"],"damage_healed":0.0,"max_hp_gain":0.0,"max_hp_loss":0.0,"gold_gain":0.0,"event_name":"Back to Basics","player_choice":"Elegance","floor":37.0,"gold_loss":0.0,"damage_taken":0.0},{"damage_healed":0.0,"max_hp_gain":0.0,"max_hp_loss":0.0,"gold_gain":0.0,"event_name":"Tomb of Lord Red Mask","player_choice":"Ignored","floor":57.0,"gold_loss":0.0,"damage_taken":0.0},{"damage_healed":0,"gold_gain":0,"player_choice":"Fight","damage_taken":0,"max_hp_gain":0,"max_hp_loss":0,"event_name":"Mysterious Sphere","floor":70,"gold_loss":0},{"damage_healed":0,"gold_gain":0,"player_choice":"Fight","damage_taken":0,"max_hp_gain":0,"max_hp_loss":0,"event_name":"MindBloom","floor":73,"gold_loss":0},{"cards_removed":["Dualcast"],"damage_healed":0,"gold_gain":0,"player_choice":"Removed Skill","damage_taken":0,"max_hp_gain":0,"max_hp_loss":0,"event_name":"Falling","floor":75,"gold_loss":0}],"is_beta":false,"boss_relics":[{"not_picked":["Ectoplasm","Astrolabe"],"picked":"SacredBark"},{"not_picked":["Cursed Key","SlaversCollar"],"picked":"Inserter"}],"items_purged_floors":[9,24,60],"is_endless":false,"potions_floor_spawned":[1,5,8,19,22,25,29,33,40,41,46,48,49,56,59,62,64,66,70,73,74],"ascension_level":1}}