{"host":"vld99k9l4elccfy8","time":1613458554,"event":{"mods":["AchievementEnabler","BaseMod","Bestiary","Block Reminder","Colored Map","Colored Powertips","Custom Start","Highlight Path","Minty Spire (QoL Compilation)","Permanent Neow","Rare Cards Sparkle"],"gold_per_floor":[110,110,127,144,158,186,205,205,205,205,221,52,52,72,72,167,167,151,180,204,204,53,53,53,53,79,79,99,99,99,99,99,199,199,215,226,41,91,141,141,68,79,79,79,179,196,246,256,256,256,256,256,30,56,56,56],"floor_reached":55,"language":"ENG","playtime":12967,"items_purged":[],"score":663,"play_id":"5f291009-af80-4a1b-8419-343e9a6ca60e","local_time":"20210215235554","is_ascension_mode":false,"campfire_choices":[{"floor":8.0,"key":"REST"},{"data":"Noxious Fumes","floor":15.0,"key":"SMITH"},{"floor":24.0,"key":"REST"},{"floor":27.0,"key":"RECALL"},{"data":"Envenom","floor":29.0,"key":"SMITH"},{"floor":32.0,"key":"REST"},{"data":"Phantasmal Killer","floor":40.0,"key":"SMITH"},{"floor":44.0,"key":"REST"},{"floor":49.0,"key":"REST"},{"data":"Crippling Poison","floor":52.0,"key":"SMITH"}],"circlet_count":0,"master_deck":["Strike_G+1","Strike_G+1","Strike_G+1","Strike_G+1","Strike_G+1","Defend_G+1","Defend_G+1","Defend_G+1","Defend_G+1","Defend_G+1","Survivor","Neutralize","CurseOfTheBell","Blur","Leg Sweep","Backstab","Poisoned Stab","Prepared","Outmaneuver","Envenom+1","Neutralize","Dagger Throw","Crippling Poison+1","Panacea","Noxious Fumes+1","Slice","Outmaneuver","Venomology","PiercingWail","Panacea","Noxious Fumes+1","Deadly Poison","RitualDagger","Phantasmal Killer+1","Bane+1","Escape Plan+1","Magnetism","Adrenaline","Madness","Madness","Unload","Parasite","PiercingWail+1","Blade Dance+1","Outmaneuver+1","Skewer+1","Bullet Time","Catalyst+1"],"relics":["Calling Bell","Smiling Mask","Pear","Du-Vu Doll","Juzu Bracelet","Shuriken","Blood Vial","SlaversCollar","Red Mask","Toy Ornithopter","MutagenicStrength","Ancient Tea Set","SsserpentHead","Runic Pyramid","Kunai","Calipers","Boot","Toolbox","Paper Crane"],"acts_visited":["Exordium","TheCity","TheBeyond","TheEnding"],"potions_floor_usage":[],"damage_taken":[{"damage":3.0,"enemies":"2 Louse","floor":1.0,"turns":3.0},{"damage":0.0,"enemies":"Small Slimes","floor":3.0,"turns":4.0},{"damage":0.0,"enemies":"Cultist","floor":4.0,"turns":7.0},{"damage":0.0,"enemies":"3 Louse","floor":5.0,"turns":3.0},{"damage":37.0,"enemies":"Lagavulin","floor":6.0,"turns":13.0},{"damage":4.0,"enemies":"Exordium Thugs","floor":7.0,"turns":7.0},{"damage":5.0,"enemies":"Looter","floor":11.0,"turns":3.0},{"damage":2.0,"enemies":"3 Louse","floor":14.0,"turns":3.0},{"damage":31.0,"enemies":"The Guardian","floor":16.0,"turns":10.0},{"damage":6.0,"enemies":"2 Thieves","floor":18.0,"turns":4.0},{"damage":43.0,"enemies":"Masked Bandits","floor":19.0,"turns":6.0},{"damage":23.0,"enemies":"3 Byrds","floor":28.0,"turns":8.0},{"damage":58.0,"enemies":"Collector","floor":33.0,"turns":9.0},{"damage":3.0,"enemies":"3 Shapes","floor":35.0,"turns":7.0},{"damage":3.0,"enemies":"Orb Walker","floor":36.0,"turns":3.0},{"damage":34.0,"enemies":"Writhing Mass","floor":42.0,"turns":6.0},{"damage":0.0,"enemies":"Mind Bloom Boss Battle","floor":45.0,"turns":7.0},{"damage":24.0,"enemies":"Jaw Worm Horde","floor":46.0,"turns":7.0},{"damage":22.0,"enemies":"Transient","floor":48.0,"turns":5.0},{"damage":80.0,"enemies":"Awakened One","floor":50.0,"turns":11.0},{"damage":59,"enemies":"Shield and Spear","floor":54,"turns":7},{"damage":31,"enemies":"The Heart","floor":55,"turns":2}],"seed_played":"-5887602121064677707","potions_obtained":[{"floor":3.0,"key":"SpeedPotion"},{"floor":4.0,"key":"SteroidPotion"},{"floor":6.0,"key":"SpeedPotion"},{"floor":14.0,"key":"CultistPotion"},{"floor":16.0,"key":"ColorlessPotion"},{"floor":28.0,"key":"CultistPotion"},{"floor":45.0,"key":"DistilledChaos"},{"floor":46.0,"key":"Block Potion"},{"floor":48.0,"key":"Swift Potion"}],"is_trial":false,"path_per_floor":["M","?","M","M","M","E","M","R","T","?","M","$","?","M","R","B",null,"M","?","T","?","$","?","R","?","T","R","M","R","?","?","R","B",null,"M","M","$","?","?","R","$","M","T","R","?","M","T","M","R","B",null,"R","$","E","B"],"character_chosen":"THE_SILENT","items_purchased":["Blood Vial","Slice","Toy Ornithopter","Magnetism","Adrenaline","Unload","Toolbox","Bullet Time"],"campfire_rested":5,"item_purchase_floors":[12,12,22,37,37,41,53,53],"current_hp_per_floor":[77,77,77,77,77,40,36,60,60,60,55,55,55,55,55,26,80,74,33,33,33,33,33,57,57,57,57,56,56,50,50,74,22,80,77,76,76,66,66,66,66,44,44,68,70,53,53,38,62,24,80,80,80,21,0,0],"gold":56,"neow_bonus":"BOSS_RELIC","is_daily":false,"chose_seed":false,"campfire_upgraded":4,"win_rate":0.0,"timestamp":1613458554,"path_taken":["M","?","M","M","M","E","M","R","T","?","M","$","?","M","R","BOSS","M","?","?","?","$","?","R","?","T","R","M","R","?","?","R","BOSS","M","M","?","?","?","R","$","M","T","R","?","M","?","M","R","BOSS","R","$","E","BOSS"],"items_purchased_type":["Relic","Card","Relic","Card","Card","Card","Relic","Card"],"build_version":"2020-12-22","purchased_purges":0,"victory":false,"max_hp_per_floor":[80,80,80,80,80,80,80,80,80,80,80,80,80,80,80,80,80,80,80,80,80,80,80,80,80,80,80,80,80,80,80,80,80,80,80,80,80,80,80,80,80,80,80,80,80,80,80,80,80,80,80,80,80,80,80,80],"card_choices":[{"not_picked":["Well Laid Plans","Expertise"],"picked":"Blur","floor":1.0},{"not_picked":["Underhanded Strike","Dagger Throw"],"picked":"Leg Sweep","floor":3.0},{"not_picked":["Well Laid Plans","Acrobatics"],"picked":"Backstab","floor":4.0},{"not_picked":["Leg Sweep","Outmaneuver"],"picked":"Poisoned Stab","floor":5.0},{"not_picked":["Calculated Gamble","Underhanded Strike"],"picked":"Prepared","floor":6.0},{"not_picked":["Dodge and Roll","Underhanded Strike"],"picked":"Outmaneuver","floor":7.0},{"not_picked":["Setup","Infinite Blades"],"picked":"Noxious Fumes","floor":11.0},{"not_picked":["Reflex","Eviscerate"],"picked":"Outmaneuver","floor":14.0},{"not_picked":["Malaise","Burst"],"picked":"Venomology","floor":16.0},{"not_picked":["Underhanded Strike","Dagger Spray+1"],"picked":"PiercingWail","floor":18.0},{"not_picked":["Dagger Throw+1","Dagger Spray"],"picked":"Bane","floor":19.0},{"not_picked":["Bouncing Flask","Deflect"],"picked":"Deadly Poison","floor":28.0},{"not_picked":["Wraith Form v2","After Image"],"picked":"Phantasmal Killer","floor":33.0},{"not_picked":["Deadly Poison","Deflect+1"],"picked":"Bane+1","floor":35.0},{"not_picked":["PiercingWail","Underhanded Strike+1"],"picked":"Escape Plan+1","floor":36.0},{"not_picked":["Deadly Poison","Backflip"],"picked":"PiercingWail+1","floor":42.0},{"not_picked":["Backflip","Dagger Spray"],"picked":"Blade Dance+1","floor":45.0},{"not_picked":["Bouncing Flask","Blade Dance"],"picked":"Outmaneuver+1","floor":46.0},{"not_picked":["Dagger Throw","PiercingWail"],"picked":"Skewer+1","floor":48.0},{"not_picked":["Die Die Die","Underhanded Strike"],"picked":"Catalyst+1","floor":54}],"player_experience":420090,"relics_obtained":[{"floor":0.0,"key":"Smiling Mask"},{"floor":0.0,"key":"Pear"},{"floor":0.0,"key":"Du-Vu Doll"},{"floor":6.0,"key":"Juzu Bracelet"},{"floor":9.0,"key":"Shuriken"},{"floor":19.0,"key":"Red Mask"},{"floor":26.0,"key":"Ancient Tea Set"},{"floor":43.0,"key":"Kunai"},{"floor":45.0,"key":"Calipers"},{"floor":47.0,"key":"Boot"},{"floor":54,"key":"Paper Crane"}],"event_choices":[{"damage_healed":0.0,"max_hp_gain":0.0,"max_hp_loss":0.0,"gold_gain":0.0,"event_name":"The Cleric","player_choice":"Leave","floor":2.0,"gold_loss":0.0,"damage_taken":0.0},{"damage_healed":0.0,"max_hp_gain":0.0,"max_hp_loss":0.0,"gold_gain":0.0,"event_name":"Match and Keep!","player_choice":"5 cards matched","floor":10.0,"gold_loss":0.0,"damage_taken":0.0,"cards_obtained":["Envenom","Neutralize","Dagger Throw","Crippling Poison","Panacea"]},{"damage_healed":0.0,"max_hp_gain":0.0,"max_hp_loss":0.0,"gold_gain":0.0,"event_name":"Dead Adventurer","player_choice":"Searched \u00271\u0027 times","floor":13.0,"gold_loss":0.0,"damage_taken":0.0},{"damage_healed":0.0,"max_hp_gain":0.0,"max_hp_loss":0.0,"gold_gain":0.0,"event_name":"Masked Bandits","player_choice":"Fought Bandits","floor":19.0,"gold_loss":0.0,"damage_taken":0.0},{"damage_healed":0.0,"max_hp_gain":0.0,"max_hp_loss":0.0,"gold_gain":0.0,"event_name":"Back to Basics","player_choice":"Simplicity","floor":21.0,"gold_loss":0.0,"damage_taken":0.0,"cards_upgraded":["Strike_G","Strike_G","Strike_G","Strike_G","Strike_G","Defend_G","Defend_G","Defend_G","Defend_G","Defend_G"]},{"damage_healed":0.0,"max_hp_gain":0.0,"max_hp_loss":0.0,"gold_gain":0.0,"event_name":"Drug Dealer","player_choice":"Inject Mutagens","floor":23.0,"gold_loss":0.0,"damage_taken":0.0,"relics_obtained":["MutagenicStrength"]},{"damage_healed":0.0,"max_hp_gain":0.0,"max_hp_loss":0.0,"gold_gain":0.0,"event_name":"Duplicator","player_choice":"Copied","floor":25.0,"gold_loss":0.0,"damage_taken":0.0,"cards_obtained":["Panacea"]},{"damage_healed":0.0,"max_hp_gain":0.0,"max_hp_loss":0.0,"gold_gain":0.0,"event_name":"Duplicator","player_choice":"Copied","floor":25.0,"gold_loss":0.0,"damage_taken":0.0,"cards_obtained":["Noxious Fumes"]},{"damage_healed":0.0,"max_hp_gain":0.0,"max_hp_loss":0.0,"gold_gain":0.0,"event_name":"Nest","player_choice":"Joined the Cult","floor":30.0,"gold_loss":0.0,"damage_taken":6.0,"cards_obtained":["RitualDagger"]},{"damage_healed":0.0,"max_hp_gain":0.0,"max_hp_loss":0.0,"gold_gain":0.0,"event_name":"FaceTrader","player_choice":"Trade","floor":31.0,"gold_loss":0.0,"damage_taken":0.0,"relics_obtained":["SsserpentHead"]},{"damage_healed":0.0,"max_hp_gain":0.0,"max_hp_loss":0.0,"gold_gain":0.0,"event_name":"Winding Halls","player_choice":"Embrace Madness","floor":38.0,"gold_loss":0.0,"damage_taken":10.0,"cards_obtained":["Madness","Madness"]},{"cards_removed":["Bane"],"damage_healed":0.0,"max_hp_gain":0.0,"max_hp_loss":0.0,"gold_gain":0.0,"event_name":"Falling","player_choice":"Removed Attack","floor":39.0,"gold_loss":0.0,"damage_taken":0.0},{"damage_healed":0.0,"max_hp_gain":0.0,"max_hp_loss":0.0,"gold_gain":0.0,"event_name":"MindBloom","player_choice":"Fight","floor":45.0,"gold_loss":0.0,"damage_taken":0.0}],"is_beta":false,"boss_relics":[{"not_picked":["WristBlade","Velvet Choker"],"picked":"SlaversCollar"},{"not_picked":["Empty Cage","HoveringKite"],"picked":"Runic Pyramid"}],"items_purged_floors":[],"is_endless":false,"potions_floor_spawned":[3,4,6,14,16,28,45,46,48],"killed_by":"The Heart","ascension_level":0}}