{"host":"eft627g0ddukeijo","time":1613477816,"event":{"mods":["AchievementEnabler","BaseMod","Bestiary","Better Note","Block Reminder","Colored Powertips","Filter the Spire","Highlight Path","Minty Spire (QoL Compilation)","Permanent Neow","Quick Restart","Rare Cards Sparkle","Relic Stats","Slay-I","StSLib","Weighted Paths"],"gold_per_floor":[116,129,149,160,4,35,35,35,35,35,35,52,52,12,12,112,112,131,143,143,143],"floor_reached":20,"language":"ENG","playtime":8790,"items_purged":[],"score":218,"play_id":"0bf28f64-edd0-4258-83e5-903ed35c7a06","local_time":"20210216211656","is_ascension_mode":true,"campfire_choices":[{"floor":8.0,"key":"REST"},{"floor":10.0,"key":"REST"},{"floor":13.0,"key":"REST"},{"floor":15.0,"key":"RECALL"}],"circlet_count":0,"master_deck":["Strike_P","Strike_P","Strike_P","Strike_P","Defend_P","Defend_P","Defend_P+1","Defend_P","Eruption","Vigilance","Blasphemy","BowlingBash","TalkToTheHand","Adaptation","ClearTheMind","Judgement","Consecrate"],"relics":["PureWater","Tiny Chest","War Paint","Art of War","Blue Candle","Velvet Choker"],"acts_visited":["Exordium","TheCity"],"potions_floor_usage":[],"damage_taken":[{"damage":0.0,"enemies":"Small Slimes","floor":1.0,"turns":2.0},{"damage":0.0,"enemies":"Cultist","floor":2.0,"turns":1.0},{"damage":0.0,"enemies":"Jaw Worm","floor":3.0,"turns":1.0},{"damage":10.0,"enemies":"Lots of Slimes","floor":4.0,"turns":5.0},{"damage":28.0,"enemies":"Lagavulin","floor":6.0,"turns":10.0},{"damage":3.0,"enemies":"Looter","floor":12.0,"turns":3.0},{"damage":58.0,"enemies":"The Guardian","floor":16.0,"turns":14.0},{"damage":27.0,"enemies":"Shell Parasite","floor":18.0,"turns":10.0},{"damage":18.0,"enemies":"2 Thieves","floor":19.0,"turns":4.0},{"damage":16,"enemies":"Sentry and Sphere","floor":20,"turns":2}],"seed_played":"-3645493538312300640","potions_obtained":[{"floor":1.0,"key":"AttackPotion"},{"floor":3.0,"key":"Swift Potion"},{"floor":4.0,"key":"Dexterity Potion"},{"floor":14.0,"key":"SteroidPotion"},{"floor":14.0,"key":"Energy Potion"},{"floor":14.0,"key":"SmokeBomb"}],"is_trial":false,"path_per_floor":["M","M","M","M","$","E","$","R","T","R","?","M","R","?","R","B",null,"M","M","M"],"character_chosen":"WATCHER","items_purchased":["Tiny Chest"],"campfire_rested":3,"item_purchase_floors":[5],"current_hp_per_floor":[51,51,51,41,41,13,13,34,34,55,55,52,72,72,72,14,58,31,13,0,0],"gold":143,"neow_bonus":"THREE_RARE_CARDS","is_daily":false,"chose_seed":false,"campfire_upgraded":0,"win_rate":0.0,"timestamp":1613477816,"path_taken":["M","M","M","M","$","E","$","R","T","R","?","?","R","?","R","BOSS","M","M","M"],"items_purchased_type":["Relic"],"build_version":"2020-12-22","purchased_purges":0,"victory":false,"max_hp_per_floor":[72,72,72,72,72,72,72,72,72,72,72,72,72,72,72,72,72,72,72,72,72],"relic_stats":{"counters":[10,52],"Blue Candle":[0],"Tiny Chest":0,"Art of War":[4],"War Paint":["Defend_P","Halt"],"obtain_stats":[{"Blue Candle":11,"Velvet Choker":17,"Tiny Chest":5,"Art of War":9,"PureWater":0,"War Paint":6},{"Blue Candle":5,"Velvet Choker":7,"Tiny Chest":4,"Art of War":5,"PureWater":0,"War Paint":5},{"Blue Candle":19,"Velvet Choker":36,"Tiny Chest":9,"Art of War":19,"PureWater":0,"War Paint":19}]},"card_choices":[{"not_picked":["DeusExMachina","SpiritShield"],"picked":"Blasphemy","floor":0.0},{"not_picked":["EmptyBody","Fasting2","CrushJoints"],"picked":"SKIP","floor":1.0},{"not_picked":["Sanctity","CrushJoints"],"picked":"BowlingBash","floor":2.0},{"not_picked":["FlyingSleeves","Protect"],"picked":"TalkToTheHand","floor":3.0},{"not_picked":["DeceiveReality","CrushJoints"],"picked":"Halt","floor":4.0},{"not_picked":["CrushJoints","DevaForm"],"picked":"Adaptation","floor":6.0},{"not_picked":["Pray","SashWhip"],"picked":"ClearTheMind","floor":12.0},{"not_picked":["Vault","DeusExMachina"],"picked":"Judgement","floor":16.0},{"not_picked":["FollowUp+1","BattleHymn","BowlingBash+1"],"picked":"SKIP","floor":18.0},{"not_picked":["Perseverance+1","EmptyMind"],"picked":"Consecrate","floor":19.0}],"player_experience":609170,"relics_obtained":[{"floor":6.0,"key":"War Paint"},{"floor":9.0,"key":"Art of War"}],"event_choices":[{"cards_removed":["Halt"],"damage_healed":0.0,"max_hp_gain":0.0,"max_hp_loss":0.0,"gold_gain":0.0,"event_name":"WeMeetAgain","player_choice":"Gave Card","floor":11.0,"gold_loss":0.0,"damage_taken":0.0,"relics_obtained":["Blue Candle"]},{"damage_healed":0.0,"max_hp_gain":0.0,"max_hp_loss":0.0,"gold_gain":0.0,"event_name":"The Woman in Blue","player_choice":"Bought 3 Potions","floor":14.0,"gold_loss":0.0,"damage_taken":0.0}],"is_beta":false,"boss_relics":[{"not_picked":["Cursed Key","Runic Pyramid"],"picked":"Velvet Choker"}],"items_purged_floors":[],"is_endless":false,"potions_floor_spawned":[1,3,4],"killed_by":"Sentry and Sphere","ascension_level":5}}