{"host":"mnpd8gh7cwxsn5kh","time":1613513069,"event":{"mods":["BaseMod","Bestiary","Block Reminder","Colored Map","Colored Powertips","Highlight Path","Minty Spire (QoL Compilation)","Relic Sorter","Relic Stats"],"gold_per_floor":[117,117,131,150,115,143,143,174,174,174,187,203,203,219,219,298,298,311,361,371,218,235,268,268,298,298,318,318,330,356,366,366,441,441,451,451,471,489,489,518,362,362,362,395,20,55,73,103,103,103],"floor_reached":51,"language":"ENG","playtime":7017,"items_purged":["Strike_G","Doubt","Normality"],"score":1615,"play_id":"cbc46d49-71c7-4cf3-a73b-78b2c8bef33b","local_time":"20210216230429","is_ascension_mode":true,"campfire_choices":[{"data":"Bane","floor":7.0,"key":"SMITH"},{"data":"Neutralize","floor":10.0,"key":"SMITH"},{"data":"Bouncing Flask","floor":13.0,"key":"SMITH"},{"data":"Leg Sweep","floor":15.0,"key":"SMITH"},{"floor":24.0,"key":"REST"},{"floor":28.0,"key":"REST"},{"data":"Backflip","floor":32.0,"key":"SMITH"},{"floor":49,"key":"REST"}],"circlet_count":0,"master_deck":["AscendersBane","Strike_G","Strike_G","Strike_G","Defend_G","Defend_G","Defend_G","Defend_G","Survivor","Neutralize+1","Venomology","Bouncing Flask+1","Poisoned Stab","Quick Slash","Poisoned Stab","Bane+1","Dagger Spray","Leg Sweep+1","Deadly Poison","Adrenaline","Leg Sweep","Bane","Well Laid Plans","Acrobatics","Predator","Leg Sweep","Writhe","Tools of the Trade","Blade Dance","Blade Dance","Backflip+1","After Image","Dash+1","Acrobatics","Blade Dance+1","Escape Plan+1","Cloak And Dagger+1","Accuracy","Acrobatics+1","Dash+1","Malaise+1","Adrenaline+1","Catalyst+1","PiercingWail+1"],"relics":["Ring of the Snake","PreservedInsect","Shuriken","Ancient Tea Set","Cursed Key","Tingsha","Letter Opener","Paper Crane","Bag of Preparation","SlaversCollar","Molten Egg 2","Toxic Egg 2","Ninja Scroll","TungstenRod","Snake Skull","Ornamental Fan"],"acts_visited":["Exordium","TheCity","TheBeyond"],"potions_floor_usage":[48,48,50,50],"damage_taken":[{"damage":2.0,"enemies":"Cultist","floor":1.0,"turns":4.0},{"damage":14.0,"enemies":"Jaw Worm","floor":3.0,"turns":6.0},{"damage":7.0,"enemies":"Small Slimes","floor":4.0,"turns":4.0},{"damage":10.0,"enemies":"Lagavulin","floor":6.0,"turns":5.0},{"damage":3.0,"enemies":"Gremlin Nob","floor":8.0,"turns":3.0},{"damage":7.0,"enemies":"Exordium Thugs","floor":11.0,"turns":3.0},{"damage":3.0,"enemies":"Exordium Wildlife","floor":12.0,"turns":4.0},{"damage":0.0,"enemies":"Gremlin Gang","floor":14.0,"turns":2.0},{"damage":14.0,"enemies":"The Guardian","floor":16.0,"turns":10.0},{"damage":14.0,"enemies":"Spheric Guardian","floor":18.0,"turns":4.0},{"damage":1.0,"enemies":"3 Byrds","floor":20.0,"turns":5.0},{"damage":16.0,"enemies":"Shelled Parasite and Fungi","floor":22.0,"turns":7.0},{"damage":27.0,"enemies":"Book of Stabbing","floor":23.0,"turns":5.0},{"damage":6.0,"enemies":"Slavers","floor":25.0,"turns":5.0},{"damage":0.0,"enemies":"Centurion and Healer","floor":27.0,"turns":4.0},{"damage":2.0,"enemies":"Chosen and Byrds","floor":29.0,"turns":5.0},{"damage":0.0,"enemies":"Gremlin Leader","floor":30.0,"turns":3.0},{"damage":2.0,"enemies":"Shelled Parasite and Fungi","floor":31.0,"turns":4.0},{"damage":36.0,"enemies":"Champ","floor":33.0,"turns":12.0},{"damage":0.0,"enemies":"3 Shapes","floor":35.0,"turns":5.0},{"damage":0.0,"enemies":"3 Darklings","floor":37.0,"turns":6.0},{"damage":0.0,"enemies":"4 Shapes","floor":38.0,"turns":7.0},{"damage":5.0,"enemies":"Giant Head","floor":40.0,"turns":6.0},{"damage":20.0,"enemies":"Reptomancer","floor":44.0,"turns":5.0},{"damage":16.0,"enemies":"Giant Head","floor":46.0,"turns":6.0},{"damage":0.0,"enemies":"Jaw Worm Horde","floor":47.0,"turns":5.0},{"damage":1,"enemies":"Reptomancer","floor":48,"turns":5},{"damage":14,"enemies":"Donu and Deca","floor":50,"turns":9}],"seed_played":"-8275667061074771224","potions_obtained":[{"floor":4.0,"key":"LiquidMemories"},{"floor":14.0,"key":"BlessingOfTheForge"},{"floor":18.0,"key":"Block Potion"},{"floor":23.0,"key":"Weak Potion"},{"floor":27.0,"key":"CunningPotion"},{"floor":30.0,"key":"FairyPotion"},{"floor":47.0,"key":"Weak Potion"},{"floor":48,"key":"BlessingOfTheForge"}],"is_trial":false,"path_per_floor":["M","?","M","M","?","E","R","E","T","R","M","M","R","M","R","B",null,"M","?","M","$","M","E","R","E","T","M","R","M","E","M","R","B",null,"M","?","M","M","T","E","$","T","T","E","$","E","M","E","R","B",null],"character_chosen":"THE_SILENT","items_purchased":["Well Laid Plans","Cloak And Dagger+1","Acrobatics+1","Dash+1","Malaise+1"],"campfire_rested":3,"item_purchase_floors":[21,41,45,45,45],"current_hp_per_floor":[57,57,43,36,51,41,41,38,38,38,31,28,28,28,28,14,49,35,35,34,34,18,13,31,25,25,25,43,41,41,39,39,3,46,46,46,46,46,46,41,41,41,41,21,21,5,5,4,22,8],"gold":103,"neow_bonus":"TRANSFORM_TWO_CARDS","is_daily":false,"chose_seed":false,"campfire_upgraded":5,"win_rate":0.0,"timestamp":1613513069,"path_taken":["M","?","M","M","?","E","R","E","T","R","M","M","R","M","R","BOSS","M","?","M","$","M","E","R","E","T","M","R","M","E","M","R","BOSS","M","?","M","M","?","E","$","?","T","E","$","E","M","E","R","BOSS"],"items_purchased_type":["Card","Card","Card","Card","Card"],"build_version":"2020-12-22","purchased_purges":3,"victory":true,"max_hp_per_floor":[60,60,60,60,60,60,60,60,60,60,60,60,60,60,60,60,60,60,60,60,60,60,60,60,60,60,60,60,60,60,60,60,60,60,60,60,60,60,60,60,60,60,60,60,60,60,60,60,60,60],"relic_stats":{"counters":[28,149],"Shuriken":[70],"Ornamental Fan":[40],"Tingsha":[113],"PreservedInsect":533,"Snake Skull":[16],"Bag of Preparation":[12],"Letter Opener":[209],"Cursed Key":3,"obtain_stats":[{"Tingsha":23,"PreservedInsect":6,"Snake Skull":46,"Bag of Preparation":30,"Letter Opener":25,"Paper Crane":26,"Ancient Tea Set":9,"Cursed Key":17,"SlaversCollar":34,"Shuriken":8,"Ninja Scroll":42,"Ornamental Fan":48,"Molten Egg 2":39,"Toxic Egg 2":40,"TungstenRod":44,"Ring of the Snake":0},{"Tingsha":13,"PreservedInsect":4,"Snake Skull":25,"Bag of Preparation":17,"Letter Opener":14,"Paper Crane":14,"Ancient Tea Set":5,"Cursed Key":9,"SlaversCollar":19,"Shuriken":5,"Ninja Scroll":23,"Ornamental Fan":27,"Molten Egg 2":22,"Toxic Egg 2":23,"TungstenRod":24,"Ring of the Snake":0},{"Tingsha":62,"PreservedInsect":19,"Snake Skull":130,"Bag of Preparation":79,"Letter Opener":67,"Paper Crane":67,"Ancient Tea Set":22,"Cursed Key":41,"SlaversCollar":95,"Shuriken":22,"Ninja Scroll":119,"Ornamental Fan":140,"Molten Egg 2":113,"Toxic Egg 2":119,"TungstenRod":124,"Ring of the Snake":0}],"TungstenRod":7,"Ring of the Snake":[56]},"card_choices":[{"not_picked":["Outmaneuver","Quick Slash"],"picked":"Poisoned Stab","floor":1.0},{"not_picked":["Backflip","Infinite Blades"],"picked":"Quick Slash","floor":3.0},{"not_picked":["Backflip","Well Laid Plans"],"picked":"Poisoned Stab","floor":4.0},{"not_picked":["Outmaneuver","PiercingWail"],"picked":"Bane","floor":6.0},{"not_picked":["Quick Slash","Caltrops","Riddle With Holes"],"picked":"SKIP","floor":8.0},{"not_picked":["Bane","Concentrate"],"picked":"Dagger Spray","floor":11.0},{"not_picked":["Flechettes","Quick Slash"],"picked":"Leg Sweep","floor":12.0},{"not_picked":["Bane","Flechettes"],"picked":"Deadly Poison","floor":14.0},{"not_picked":["Die Die Die","Phantasmal Killer"],"picked":"Adrenaline","floor":16.0},{"not_picked":["Calculated Gamble","Heel Hook"],"picked":"Leg Sweep","floor":18.0},{"not_picked":["Slice","Flying Knee"],"picked":"Bane","floor":20.0},{"not_picked":["Flying Knee","Poisoned Stab"],"picked":"Acrobatics","floor":22.0},{"not_picked":["Flying Knee","Deflect"],"picked":"Predator","floor":23.0},{"not_picked":["Slice","Masterful Stab"],"picked":"Leg Sweep","floor":25.0},{"not_picked":["Sucker Punch","Well Laid Plans"],"picked":"Tools of the Trade","floor":27.0},{"not_picked":["Masterful Stab","Dagger Spray"],"picked":"Blade Dance","floor":29.0},{"not_picked":["Deflect","Escape Plan"],"picked":"Blade Dance","floor":30.0},{"not_picked":["Unload","Blade Dance"],"picked":"Backflip","floor":31.0},{"not_picked":["Glass Knife","Malaise"],"picked":"After Image","floor":33.0},{"not_picked":["Concentrate","Flying Knee"],"picked":"Dash+1","floor":35.0},{"not_picked":["Prepared","Escape Plan"],"picked":"Acrobatics","floor":37.0},{"not_picked":["Quick Slash","Poisoned Stab"],"picked":"Blade Dance+1","floor":38.0},{"not_picked":["Well Laid Plans","Masterful Stab+1"],"picked":"Escape Plan+1","floor":40.0},{"not_picked":["Dagger Spray+1","Concentrate+1"],"picked":"Accuracy","floor":44.0},{"not_picked":["Flying Knee+1","Acrobatics+1"],"picked":"Adrenaline+1","floor":46.0},{"not_picked":["Dagger Spray+1","Footwork"],"picked":"Catalyst+1","floor":47.0},{"not_picked":["Flying Knee+1","Prepared+1"],"picked":"PiercingWail+1","floor":48}],"player_experience":573934,"relics_obtained":[{"floor":6.0,"key":"PreservedInsect"},{"floor":8.0,"key":"Shuriken"},{"floor":9.0,"key":"Ancient Tea Set"},{"floor":23.0,"key":"Tingsha"},{"floor":25.0,"key":"Letter Opener"},{"floor":26.0,"key":"Paper Crane"},{"floor":30.0,"key":"Bag of Preparation"},{"floor":39.0,"key":"Molten Egg 2"},{"floor":40.0,"key":"Toxic Egg 2"},{"floor":42.0,"key":"Ninja Scroll"},{"floor":44.0,"key":"TungstenRod"},{"floor":46.0,"key":"Snake Skull"},{"floor":48,"key":"Ornamental Fan"}],"event_choices":[{"damage_healed":0.0,"max_hp_gain":0.0,"max_hp_loss":0.0,"gold_gain":0.0,"event_name":"Scrap Ooze","player_choice":"Fled","floor":2.0,"gold_loss":0.0,"damage_taken":0.0},{"damage_healed":15.0,"max_hp_gain":0.0,"max_hp_loss":0.0,"gold_gain":0.0,"event_name":"The Cleric","player_choice":"Healed","floor":5.0,"gold_loss":35.0,"damage_taken":0.0},{"damage_healed":0.0,"max_hp_gain":0.0,"max_hp_loss":0.0,"gold_gain":50.0,"event_name":"Nest","player_choice":"Stole From Cult","floor":19.0,"gold_loss":0.0,"damage_taken":0.0},{"damage_healed":0.0,"max_hp_gain":0.0,"max_hp_loss":0.0,"gold_gain":0.0,"event_name":"Tomb of Lord Red Mask","player_choice":"Ignored","floor":36.0,"gold_loss":0.0,"damage_taken":0.0}],"is_beta":false,"boss_relics":[{"not_picked":["Tiny House","Astrolabe"],"picked":"Cursed Key"},{"not_picked":["Busted Crown","Snecko Eye"],"picked":"SlaversCollar"}],"items_purged_floors":[21,41,45],"is_endless":false,"potions_floor_spawned":[4,12,14,18,23,27,30,40,44,47,48],"ascension_level":18}}