{"host":"erh089znuovh6twj","time":1613519819,"event":{"mods":["AchievementEnabler","Act Like it!","Aspiration","BaseMod","Better Note","Better Skull","Better Third Choice","BetterRewards","Defuse TimeMaze Blight","Energized Spire","Hermit","Highlight Path","Hubris","Infinite Spire","Minty Spire (QoL Compilation)","Permanent Neow","Quick Restart","Replay The Spire","StSLib","The Jungle","everything is the same but u backflip on backflip"],"gold_per_floor":[109,109,122,134,145,170,170,188,188,188,213,3,17,29,29,130,180,195,195,195,195,210,210,239,258,258,258,288,288,288],"floor_reached":29,"language":"ENG","playtime":990,"items_purged":["hermit:Defend_Hermit"],"score":289,"play_id":"26ebbb95-dc8d-4b07-9e98-4d5f1ee3a21a","local_time":"20210216185659","is_ascension_mode":true,"campfire_choices":[{"floor":7,"key":"REST"},{"floor":15,"key":"REST"},{"data":"hermit:Manifest","floor":23,"key":"SMITH"}],"circlet_count":0,"master_deck":["hermit:Strike_Hermit","hermit:Strike_Hermit+1","hermit:Strike_Hermit","hermit:Strike_Hermit","hermit:Defend_Hermit","hermit:Defend_Hermit","hermit:Defend_Hermit","hermit:Snapshot","hermit:Covet","Pain","hermit:Enervate","hermit:Grudge+1","hermit:Manifest+1","hermit:ShadowCloak","hermit:Misfire","Injury","hermit:RoundhouseKick+1","hermit:FinalCanter+1","hermit:CursedWeapon+1","hermit:Malice+1","hermit:FinalCanter+1","hermit:Spite+1","hermit:Quickdraw+1","infinitespire:Punishment+1","hermit:ShadowCloak","hermit:Enervate+1","hermit:Misfire+1","hermit:Roulette+1"],"relics":["hermit:Momento","aspiration:Nostalgia","infinitespire:DarkRift","WarpedTongs","hubris:Potato","infinitespire:EmpoweringShard","Molten Egg 2","Replay:Mystery Machine","Tiny House","MutagenicStrength","Replay:Bottled Eggs","Bottled Flame","hubris:CrystalStatue","aspiration:RitualStick","White Beast Statue"],"acts_visited":["Exordium","TheCity"],"potions_floor_usage":[6,13,14,16,16,18,25],"damage_taken":[{"damage":10,"enemies":"Jaw Worm","floor":1,"turns":4},{"damage":0,"enemies":"Cultist","floor":3,"turns":2},{"damage":0,"enemies":"Small Slimes","floor":4,"turns":2},{"damage":11,"enemies":"Exordium Thugs","floor":5,"turns":5},{"damage":29,"enemies":"3 Sentries","floor":6,"turns":5},{"damage":10,"enemies":"3 Louse","floor":8,"turns":3},{"damage":18,"enemies":"Gremlin Nob","floor":11,"turns":4},{"damage":5,"enemies":"Blue Slaver","floor":13,"turns":3},{"damage":0,"enemies":"Large Slime","floor":14,"turns":4},{"damage":1,"enemies":"The Guardian","floor":16,"turns":7},{"damage":10,"enemies":"Shell Parasite","floor":18,"turns":4},{"damage":0,"enemies":"Spheric Guardian","floor":22,"turns":1},{"damage":32,"enemies":"Slavers","floor":24,"turns":3},{"damage":1,"enemies":"Centurion and Healer","floor":25,"turns":2},{"damage":18,"enemies":"Gremlin Leader","floor":28,"turns":2},{"damage":9,"enemies":"Colosseum Slavers","floor":29,"turns":1}],"seed_played":"-2635373305981056817","potions_obtained":[{"floor":5,"key":"Adrenaline Potion"},{"floor":11,"key":"CultistPotion"},{"floor":13,"key":"BlessingOfTheForge"},{"floor":14,"key":"Dexterity Potion"},{"floor":17,"key":"GamblersBrew"},{"floor":24,"key":"Swift Potion"},{"floor":25,"key":"CultistPotion"}],"is_trial":false,"path_per_floor":["M","?","M","M","M","E","R","M","T","?","E","$","M","M","R","B",null,"M","?","AVR","?","M","R","E","M","T","?","E","?"],"character_chosen":"HERMIT","items_purchased":["hermit:FinalCanter+1","SkillPotion"],"campfire_rested":2,"item_purchase_floors":[12,12],"current_hp_per_floor":[65,65,65,65,54,25,47,37,37,37,19,19,14,14,36,35,80,70,70,70,70,70,70,38,37,37,21,3,0,0],"gold":288,"neow_bonus":"NOSTALGIA","is_daily":false,"chose_seed":false,"campfire_upgraded":1,"win_rate":0.0,"timestamp":1613519819,"path_taken":["M","?","?","M","M","E","R","M","T","?","E","?","M","M","R","BOSS","M","?","AVR","?","M","R","E","M","T","?","E","?"],"items_purchased_type":["Card","Potion"],"build_version":"2020-12-22","purchased_purges":1,"victory":false,"max_hp_per_floor":[75,75,75,75,75,75,75,75,75,75,75,75,75,75,75,75,80,80,80,80,80,80,80,80,80,80,80,80,80,80],"card_choices":[{"not_picked":["hermit:BodyArmor","hermit:HighCaliber","hermit:HoleUp"],"picked":"SKIP","floor":1},{"not_picked":["hermit:WideOpen","hermit:HighCaliber"],"picked":"hermit:Enervate","floor":3},{"not_picked":["hermit:CursedWeapon","hermit:Maintenance"],"picked":"hermit:Grudge","floor":4},{"not_picked":["hermit:BodyArmor","hermit:Desperado"],"picked":"hermit:Manifest","floor":5},{"not_picked":["hermit:DeadOrAlive","hermit:Combo"],"picked":"hermit:ShadowCloak","floor":6},{"not_picked":["hermit:TrackingShot","hermit:EyeOfTheStorm"],"picked":"hermit:Misfire","floor":8},{"not_picked":["hermit:Feint","hermit:LuckOfTheDraw"],"picked":"hermit:RoundhouseKick+1","floor":11},{"not_picked":["hermit:DeadMansHand","hermit:EyeOfTheStorm"],"picked":"hermit:CursedWeapon+1","floor":13},{"not_picked":["hermit:PistolWhip+1","hermit:Combo"],"picked":"hermit:Malice+1","floor":14},{"not_picked":["hermit:Reprieve","hermit:OverwhelmingPower"],"picked":"hermit:FinalCanter+1","floor":16},{"not_picked":["hermit:CalledShot+1","hermit:Roulette+1"],"picked":"hermit:Spite+1","floor":17},{"not_picked":["hermit:Virtue","hermit:PistolWhip+1"],"picked":"hermit:Quickdraw+1","floor":18},{"not_picked":["hermit:Feint+1","hermit:LowProfile+1","hermit:Ricochet+1"],"picked":"SKIP","floor":22},{"not_picked":["hermit:DeadOrAlive+1","hermit:Feint"],"picked":"hermit:Enervate+1","floor":24},{"not_picked":["hermit:Vantage","hermit:Scavenge"],"picked":"hermit:Misfire+1","floor":25},{"not_picked":["hermit:Vantage","hermit:Desperado+1"],"picked":"hermit:Roulette+1","floor":28}],"player_experience":381802,"relics_obtained":[{"floor":6,"key":"hubris:Potato"},{"floor":9,"key":"infinitespire:EmpoweringShard"},{"floor":11,"key":"Replay:Mystery Machine"},{"floor":24,"key":"Bottled Flame"},{"floor":26,"key":"hubris:CrystalStatue"},{"floor":28,"key":"White Beast Statue"}],"event_choices":[{"damage_healed":0,"gold_gain":0,"player_choice":"Rummage","damage_taken":0,"relics_obtained":["WarpedTongs"],"max_hp_gain":0,"max_hp_loss":0,"event_name":"Accursed Blacksmith","floor":2,"gold_loss":0,"cards_obtained":["Pain"]},{"damage_healed":0,"gold_gain":0,"player_choice":"Inject Mutagens","damage_taken":0,"relics_obtained":["MutagenicStrength"],"max_hp_gain":0,"max_hp_loss":0,"event_name":"Drug Dealer","floor":19,"gold_loss":0},{"damage_healed":0,"gold_gain":0,"player_choice":"Fight","damage_taken":0,"max_hp_gain":0,"max_hp_loss":0,"event_name":"Colosseum","floor":29,"gold_loss":0}],"is_beta":false,"boss_relics":[{"not_picked":["Astrolabe","energizedSpire:MagnifyingGlass"],"picked":"Tiny House"}],"items_purged_floors":[20],"is_endless":false,"potions_floor_spawned":[5,11,13,14,24,25],"killed_by":"Colosseum Slavers","ascension_level":1}}