{"host":"0mhttqdumuceah7q","time":1613484934,"event":{"mods":["AchievementEnabler","BaseMod","Colored Map","DeckTracker","Minty Spire (QoL Compilation)","Permanent Neow"],"gold_per_floor":[112,112,112,112,187,187,214,214,214,243,260,277,277,277,277,381,381,392,317,327,340,357,383,383,414,468,468,501,501,501,518,518,619,919,929,942,363,363,376,376,395,412,412,438,488,516,528,542,542,542],"floor_reached":51,"language":"KOR","playtime":1829,"items_purged":["Defend_R"],"score":1030,"play_id":"8df180b9-7fb5-4209-888e-ebc74aa338bb","local_time":"20210216231534","is_ascension_mode":true,"campfire_choices":[{"data":"Perfected Strike","floor":6,"key":"SMITH"},{"data":"Searing Blow","floor":13,"key":"SMITH"},{"data":"Searing Blow+1","floor":15,"key":"SMITH"},{"data":"Demon Form","floor":24,"key":"SMITH"},{"data":"Double Tap","floor":27,"key":"SMITH"},{"data":"Ghostly","floor":30,"key":"SMITH"},{"data":"Ghostly","floor":32,"key":"SMITH"},{"data":"Battle Trance","floor":40,"key":"SMITH"},{"data":"Heavy Blade","floor":49,"key":"SMITH"}],"circlet_count":0,"master_deck":["Strike_R+1","Strike_R","Strike_R+1","Strike_R","Strike_R","Defend_R","Defend_R","Perfected Strike+1","Searing Blow+2","Uppercut","Headbutt","Sword Boomerang","Demon Form+1","Twin Strike+1","Carnage+1","Clash","Warcry","Double Tap+1","Pummel+1","Ghostly+1","Ghostly","Ghostly","Ghostly","Ghostly+1","Twin Strike","Feed","CurseOfTheBell","Perfected Strike","Battle Trance+1","Heavy Blade+1","Twin Strike","Pain","Evolve+1","Warcry+1","Heavy Blade+1","Flex","Heavy Blade+1","Twin Strike+1"],"relics":["Burning Blood","NeowsBlessing","Toy Ornithopter","Strawberry","Torii","Magic Flower","Gambling Chip","Velvet Choker","Lizard Tail","HornCleat","Anchor","StrikeDummy","Calling Bell","Old Coin","Paper Frog","Bag of Marbles","Potion Belt","Kunai","WarpedTongs","Self Forming Clay","Ice Cream","Du-Vu Doll"],"acts_visited":["Exordium","TheCity","TheBeyond"],"potions_floor_usage":[21,23,25,44,44,45],"damage_taken":[{"damage":0,"enemies":"Jaw Worm","floor":1,"turns":1},{"damage":0,"enemies":"3 Sentries","floor":7,"turns":1},{"damage":0,"enemies":"Lagavulin","floor":10,"turns":1},{"damage":0,"enemies":"Small Slimes","floor":11,"turns":2},{"damage":6,"enemies":"2 Louse","floor":12,"turns":2},{"damage":57,"enemies":"The Guardian","floor":16,"turns":10},{"damage":7,"enemies":"Chosen","floor":18,"turns":4},{"damage":6,"enemies":"Spheric Guardian","floor":20,"turns":3},{"damage":43,"enemies":"Shelled Parasite and Fungi","floor":21,"turns":4},{"damage":14,"enemies":"Cultist and Chosen","floor":22,"turns":4},{"damage":50,"enemies":"Slavers","floor":23,"turns":4},{"damage":80,"enemies":"Book of Stabbing","floor":25,"turns":6},{"damage":34,"enemies":"Gremlin Leader","floor":28,"turns":4},{"damage":2,"enemies":"Centurion and Healer","floor":31,"turns":5},{"damage":29,"enemies":"Collector","floor":33,"turns":9},{"damage":1,"enemies":"3 Shapes","floor":35,"turns":3},{"damage":3,"enemies":"3 Darklings","floor":36,"turns":4},{"damage":0,"enemies":"Spire Growth","floor":39,"turns":3},{"damage":0,"enemies":"4 Shapes","floor":41,"turns":4},{"damage":20,"enemies":"3 Darklings","floor":42,"turns":5},{"damage":37,"enemies":"Giant Head","floor":44,"turns":7},{"damage":9,"enemies":"Mind Bloom Boss Battle","floor":45,"turns":6},{"damage":4,"enemies":"Nemesis","floor":46,"turns":5},{"damage":3,"enemies":"Sphere and 2 Shapes","floor":47,"turns":4},{"damage":0,"enemies":"Writhing Mass","floor":48,"turns":2},{"damage":12,"enemies":"Time Eater","floor":50,"turns":6}],"seed_played":"-6568998939891254867","potions_obtained":[{"floor":11,"key":"PowerPotion"},{"floor":16,"key":"ElixirPotion"},{"floor":18,"key":"FairyPotion"},{"floor":22,"key":"BlessingOfTheForge"},{"floor":23,"key":"DuplicationPotion"},{"floor":25,"key":"Dexterity Potion"},{"floor":28,"key":"Swift Potion"},{"floor":36,"key":"DistilledChaos"},{"floor":39,"key":"Ancient Potion"},{"floor":41,"key":"BloodPotion"},{"floor":45,"key":"Fire Potion"},{"floor":46,"key":"FairyPotion"}],"is_trial":false,"path_per_floor":["M","?","$","?","?","R","E","?","T","E","M","M","R","T","R","B",null,"M","?","M","M","M","E","R","E","T","R","E","?","R","M","R","B",null,"M","M","$","?","M","R","M","M","T","E","?","E","M","M","R","B",null],"character_chosen":"IRONCLAD","items_purchased":["Heavy Blade","Twin Strike","Potion Belt","Kunai"],"campfire_rested":0,"item_purchase_floors":[37,37,37,37],"current_hp_per_floor":[80,73,73,66,55,55,68,51,51,57,66,69,69,69,69,21,87,87,87,87,53,48,15,15,74,74,74,49,43,43,43,43,23,43,46,46,46,46,46,46,49,38,38,23,45,49,49,49,49,46],"gold":542,"neow_bonus":"THREE_ENEMY_KILL","is_daily":false,"chose_seed":false,"campfire_upgraded":9,"win_rate":0.0,"timestamp":1613484934,"path_taken":["M","?","$","?","?","R","E","?","T","E","M","M","R","?","R","BOSS","M","?","M","M","M","E","R","E","T","R","E","?","R","M","R","BOSS","M","M","$","?","?","R","M","M","T","E","?","E","M","M","R","BOSS"],"items_purchased_type":["Card","Card","Relic","Relic"],"build_version":"2020-12-22","purchased_purges":1,"victory":true,"max_hp_per_floor":[80,80,80,80,80,80,87,87,87,87,87,87,87,87,87,87,87,87,87,87,87,87,87,87,87,87,87,87,43,43,43,43,43,43,46,46,46,46,46,46,49,49,49,49,49,49,49,49,49,49],"card_choices":[{"not_picked":["Headbutt","Shrug It Off"],"picked":"Perfected Strike","floor":1},{"not_picked":["Dark Embrace","Power Through"],"picked":"Searing Blow","floor":7},{"not_picked":["Juggernaut","Dark Embrace"],"picked":"Uppercut","floor":10},{"not_picked":["Thunderclap","Sword Boomerang"],"picked":"Headbutt","floor":11},{"not_picked":["Intimidate","Havoc"],"picked":"Sword Boomerang","floor":12},{"not_picked":["Fiend Fire","Feed"],"picked":"Demon Form","floor":16},{"not_picked":["Clothesline","Spot Weakness"],"picked":"Twin Strike+1","floor":18},{"not_picked":["Armaments","Burning Pact+1"],"picked":"Carnage+1","floor":20},{"not_picked":["Heavy Blade+1","Infernal Blade"],"picked":"Clash","floor":21},{"not_picked":["Clothesline","Rampage"],"picked":"Warcry","floor":22},{"not_picked":["Pommel Strike","Brutality"],"picked":"Double Tap","floor":23},{"not_picked":["Shockwave","Clash"],"picked":"Pummel+1","floor":25},{"not_picked":["Shrug It Off","Iron Wave","Shockwave"],"picked":"SKIP","floor":28},{"not_picked":["Battle Trance","Hemokinesis"],"picked":"Twin Strike","floor":31},{"not_picked":["Impervious","Immolate"],"picked":"Feed","floor":33},{"not_picked":["Power Through","Pommel Strike+1"],"picked":"Perfected Strike","floor":35},{"not_picked":["Dark Embrace+1","Armaments"],"picked":"Battle Trance","floor":36},{"not_picked":["Body Slam+1","Anger"],"picked":"Evolve+1","floor":39},{"not_picked":["Sword Boomerang+1","Infernal Blade+1"],"picked":"Warcry+1","floor":41},{"not_picked":["Rampage","Burning Pact"],"picked":"Heavy Blade+1","floor":42},{"not_picked":["Clothesline","Carnage+1"],"picked":"Flex","floor":44},{"not_picked":["Thunderclap+1","Juggernaut"],"picked":"Heavy Blade+1","floor":46},{"not_picked":["Infernal Blade","Sentinel+1","Ghostly Armor"],"picked":"SKIP","floor":47},{"not_picked":["Clothesline","Havoc"],"picked":"Twin Strike+1","floor":48}],"player_experience":114174,"relics_obtained":[{"floor":7,"key":"Strawberry"},{"floor":9,"key":"Torii"},{"floor":10,"key":"Magic Flower"},{"floor":14,"key":"Gambling Chip"},{"floor":23,"key":"Lizard Tail"},{"floor":25,"key":"HornCleat"},{"floor":26,"key":"Anchor"},{"floor":28,"key":"StrikeDummy"},{"floor":34,"key":"Old Coin"},{"floor":34,"key":"Paper Frog"},{"floor":34,"key":"Bag of Marbles"},{"floor":44,"key":"Self Forming Clay"},{"floor":45,"key":"Ice Cream"},{"floor":46,"key":"Du-Vu Doll"}],"event_choices":[{"damage_healed":0,"gold_gain":0,"player_choice":"Success","damage_taken":7,"relics_obtained":["Toy Ornithopter"],"max_hp_gain":0,"max_hp_loss":0,"event_name":"Scrap Ooze","floor":2,"gold_loss":0},{"cards_removed":["Bash"],"damage_healed":0,"gold_gain":0,"player_choice":"Card Removal","damage_taken":7,"max_hp_gain":0,"max_hp_loss":0,"event_name":"Golden Wing","floor":4,"gold_loss":0},{"damage_healed":0,"gold_gain":75,"player_choice":"Gather Gold","damage_taken":11,"max_hp_gain":0,"max_hp_loss":0,"event_name":"World of Goop","floor":5,"gold_loss":0},{"damage_healed":0,"gold_gain":0,"player_choice":"Entered Light","damage_taken":17,"max_hp_gain":0,"max_hp_loss":0,"event_name":"Shining Light","floor":8,"gold_loss":0,"cards_upgraded":["Strike_R","Strike_R"]},{"cards_removed":["Defend_R"],"damage_healed":0,"gold_gain":0,"player_choice":"Gave Gold","damage_taken":0,"max_hp_gain":0,"max_hp_loss":0,"event_name":"Beggar","floor":19,"gold_loss":75},{"damage_healed":0,"gold_gain":0,"player_choice":"Became a Ghost","damage_taken":0,"max_hp_gain":0,"max_hp_loss":44,"event_name":"Ghosts","floor":29,"gold_loss":0,"cards_obtained":["Ghostly","Ghostly","Ghostly","Ghostly","Ghostly"]},{"damage_healed":0,"gold_gain":0,"player_choice":"Rummage","damage_taken":0,"relics_obtained":["WarpedTongs"],"max_hp_gain":0,"max_hp_loss":0,"event_name":"Accursed Blacksmith","floor":38,"gold_loss":0,"cards_obtained":["Pain"]},{"damage_healed":0,"gold_gain":0,"player_choice":"Fight","damage_taken":0,"max_hp_gain":0,"max_hp_loss":0,"event_name":"MindBloom","floor":45,"gold_loss":0}],"is_beta":false,"boss_relics":[{"not_picked":["Snecko Eye","Philosopher\u0027s Stone"],"picked":"Velvet Choker"},{"not_picked":["Fusion Hammer","Tiny House"],"picked":"Calling Bell"}],"items_purged_floors":[37],"is_endless":false,"potions_floor_spawned":[11,16,18,22,23,25,28,36,39,41,45,46],"ascension_level":2}}