{"host":"3n5xmnb54n2y5mb4","time":1613508389,"event":{"mods":["BaseMod","Colored Map","Colored Powertips","Downfall","Minty Spire (QoL Compilation)","Permanent Neow","StSLib","Unceasing Turn Reminder","everything is the same but u backflip on backflip"],"gold_per_floor":[119,70,70,87,106,133,133,152,152,168,184,184,184,198,198,198,198],"floor_reached":16,"language":"ENG","playtime":584,"items_purged":[],"score":161,"play_id":"c6efe400-444e-48f7-9834-79753c9b4b79","local_time":"20210216154629","is_ascension_mode":true,"campfire_choices":[{"floor":7,"key":"REST"},{"floor":15,"key":"REST"}],"circlet_count":0,"master_deck":["AscendersBane","Strike_G","Strike_G","Strike_G","Strike_G","Strike_G","Defend_G","Defend_G","Defend_G","Defend_G","Defend_G","Survivor","Neutralize+1","Footwork","Backflip","Heel Hook","Flechettes","All Out Attack","Dash","Heel Hook","Masterful Stab","Calculated Gamble"],"relics":["Ring of the Snake","NeowsBlessing","Juzu Bracelet","Vajra","Pantograph"],"acts_visited":["Exordium"],"potions_floor_usage":[6,16],"damage_taken":[{"damage":0,"enemies":"2 Louse","floor":1,"turns":1},{"damage":0,"enemies":"Cultist","floor":4,"turns":1},{"damage":0,"enemies":"Jaw Worm","floor":5,"turns":1},{"damage":48,"enemies":"3 Sentries","floor":6,"turns":20},{"damage":10,"enemies":"Exordium Wildlife","floor":8,"turns":4},{"damage":6,"enemies":"Large Slime","floor":10,"turns":8},{"damage":7,"enemies":"3 Louse","floor":11,"turns":3},{"damage":11,"enemies":"Exordium Thugs","floor":14,"turns":4},{"damage":51,"enemies":"Hexaghost","floor":16,"turns":9}],"seed_played":"8915334200471436311","potions_obtained":[{"floor":5,"key":"DistilledChaos"},{"floor":8,"key":"Strength Potion"},{"floor":10,"key":"hexamod:SoulburnPotion"},{"floor":14,"key":"LiquidBronze"}],"is_trial":false,"path_per_floor":["M","$","?","M","M","E","R","M","T","M","M","T","?","M","R","B"],"character_chosen":"THE_SILENT","items_purchased":["Backflip"],"campfire_rested":2,"item_purchase_floors":[2],"current_hp_per_floor":[63,63,63,63,63,15,36,26,26,20,13,13,13,2,23,0,0],"gold":198,"neow_bonus":"THREE_ENEMY_KILL","is_daily":false,"chose_seed":false,"campfire_upgraded":0,"win_rate":0.0,"timestamp":1613508389,"path_taken":["M","$","?","M","?","E","R","M","T","M","M","?","?","M","R","BOSS"],"items_purchased_type":["Card"],"build_version":"2020-12-22","purchased_purges":0,"victory":false,"max_hp_per_floor":[70,70,70,70,70,70,70,70,70,70,70,70,70,70,70,70,70],"card_choices":[{"not_picked":["Backflip","Blade Dance"],"picked":"Footwork","floor":1},{"not_picked":["Choke","Dagger Throw"],"picked":"Heel Hook","floor":4},{"not_picked":["Cloak And Dagger","Bane"],"picked":"Flechettes","floor":5},{"not_picked":["Flying Knee","Prepared"],"picked":"All Out Attack","floor":6},{"not_picked":["Outmaneuver","Choke"],"picked":"Dash","floor":8},{"not_picked":["Poisoned Stab","Deadly Poison"],"picked":"Heel Hook","floor":10},{"not_picked":["Burst","Blur"],"picked":"Masterful Stab","floor":11},{"not_picked":["Dagger Throw","Eviscerate"],"picked":"Calculated Gamble","floor":14}],"player_experience":1103108,"relics_obtained":[{"floor":6,"key":"Juzu Bracelet"},{"floor":9,"key":"Vajra"},{"floor":12,"key":"Pantograph"}],"event_choices":[{"damage_healed":0,"gold_gain":0,"player_choice":"Upgraded","damage_taken":0,"max_hp_gain":0,"max_hp_loss":0,"event_name":"Upgrade Shrine","floor":3,"gold_loss":0,"cards_upgraded":["Neutralize"]},{"damage_healed":0,"gold_gain":0,"player_choice":"Fled","damage_taken":0,"max_hp_gain":0,"max_hp_loss":0,"event_name":"Scrap Ooze","floor":13,"gold_loss":0}],"is_beta":false,"boss_relics":[],"items_purged_floors":[],"is_endless":false,"potions_floor_spawned":[5,8,10,14],"killed_by":"Hexaghost","ascension_level":11}}