{"host":"n605f8gctjc87d7h","time":1613438368,"event":{"mods":["Aspiration","Bard","BaseMod","Better Match","Better Note","Better Skull","Better Third Choice","Conspire","Downfall","Halation","Hermit","Infinite Spire","Minty Spire (QoL Compilation)","Reliquary","Replay The Spire","Retaliation","Shade Mod","Spicy Shops","StSLib","The IronCluck","The Jungle","The Runesmith"],"gold_per_floor":[114,128,128,128,128,128,144,173,173,173,203,214,214,214,214],"floor_reached":14,"language":"ENG","playtime":1182,"items_purged":[],"score":132,"play_id":"2730a10a-ec55-4580-a6b6-37af370380a9","local_time":"20210215171928","is_ascension_mode":true,"campfire_choices":[{"data":"DeceiveReality","floor":6,"key":"SMITH"},{"floor":10,"key":"REST"}],"circlet_count":0,"master_deck":["Strike_P","Strike_P","Strike_P","Strike_P","Defend_P","Defend_P","Defend_P","Defend_P","Eruption+1","Vigilance","Replay:AtTheReady","DeceiveReality+1","Indignation","WaveOfTheHand","WreathOfFlame"],"relics":["PureWater","halation:YellowSoulGem","conspire:BottledYoYo","Replay:Accelerometer","Ice Cream","reliquary:Dhvaja"],"acts_visited":["Exordium"],"potions_floor_usage":[8],"damage_taken":[{"damage":0,"enemies":"Small Slimes","floor":1,"turns":4},{"damage":0,"enemies":"Jaw Worm","floor":2,"turns":3},{"damage":0,"enemies":"conspire:RoseBush","floor":7,"turns":4},{"damage":19,"enemies":"Replay:BlueRogue","floor":8,"turns":14},{"damage":13,"enemies":"3 Sentries","floor":11,"turns":22},{"damage":0,"enemies":"Large Slime","floor":12,"turns":9},{"damage":65,"enemies":"Gremlin Nob","floor":14,"turns":5}],"seed_played":"2769391689904969690","potions_obtained":[{"floor":7,"key":"StancePotion"}],"is_trial":false,"path_per_floor":["M","M","?","T","?","R","M","E","T","R","E","M","?","E"],"character_chosen":"WATCHER","items_purchased":[],"campfire_rested":1,"item_purchase_floors":[],"current_hp_per_floor":[72,72,72,72,72,72,72,53,53,76,63,63,63,0,0],"gold":214,"neow_bonus":"TEN_PERCENT_HP_BONUS","is_daily":false,"chose_seed":false,"campfire_upgraded":1,"win_rate":0.0,"timestamp":1613438368,"path_taken":["M","M","?","?","?","R","M","E","T","R","E","M","?","E"],"items_purchased_type":[],"build_version":"2020-12-22","purchased_purges":0,"victory":false,"max_hp_per_floor":[79,79,79,79,79,79,79,79,79,79,79,79,79,79,79],"card_choices":[{"not_picked":["CarveReality","Worship"],"picked":"Replay:AtTheReady","floor":1},{"not_picked":["Consecrate","FollowUp"],"picked":"DeceiveReality","floor":2},{"not_picked":["EmptyFist","Evaluate","BowlingBash"],"picked":"SKIP","floor":7},{"not_picked":["Replay:AtTheReady","Replay:BluntJabs"],"picked":"Indignation","floor":8},{"not_picked":["FlyingSleeves","MentalFortress"],"picked":"WaveOfTheHand","floor":11},{"not_picked":["TalkToTheHand","Wireheading"],"picked":"WreathOfFlame","floor":12}],"player_experience":879548,"relics_obtained":[{"floor":4,"key":"conspire:BottledYoYo"},{"floor":8,"key":"Replay:Accelerometer"},{"floor":9,"key":"Ice Cream"},{"floor":11,"key":"reliquary:Dhvaja"}],"event_choices":[{"damage_healed":0,"gold_gain":0,"player_choice":"Grow","damage_taken":0,"max_hp_gain":0,"max_hp_loss":0,"event_name":"Living Wall","floor":5,"gold_loss":0,"cards_upgraded":["Eruption"]},{"damage_healed":0,"gold_gain":0,"player_choice":"Ignored","damage_taken":0,"max_hp_gain":0,"max_hp_loss":0,"event_name":"Golden Idol","floor":13,"gold_loss":0}],"is_beta":false,"boss_relics":[],"items_purged_floors":[],"is_endless":false,"potions_floor_spawned":[7],"killed_by":"Gremlin Nob","ascension_level":7}}