{"host":"2no1vwhhkhf0ohz3","time":1613453280,"event":{"mods":["AchievementEnabler","BaseMod","Colored Map","DeckTracker","Keyboard Shortcuts","Minty Spire (QoL Compilation)","SuperFastMode"],"gold_per_floor":[109,184,199,199,211,211,236,236,290,290,325,325,342,359,359,464,464,474,399,399,135,135,163,163,182,207,207,240,258,286,301,301,400,400,416,117,117,129,149,149,179,196,196,196,196,196],"floor_reached":45,"language":"KOR","playtime":3112,"items_purged":["Strike_R","Writhe"],"score":831,"play_id":"85a39367-232a-4ae0-9e73-66e1178d2975","local_time":"20210216142800","is_ascension_mode":true,"campfire_choices":[{"data":"Blood for Blood","floor":6.0,"key":"SMITH"},{"data":"Bash","floor":8.0,"key":"SMITH"},{"data":"Shockwave","floor":12.0,"key":"SMITH"},{"data":"Demon Form","floor":15.0,"key":"SMITH"},{"floor":24.0,"key":"REST"},{"data":"Impervious","floor":27.0,"key":"SMITH"},{"floor":32.0,"key":"REST"},{"data":"Limit Break","floor":40.0,"key":"SMITH"},{"data":"Berserk","floor":44.0,"key":"SMITH"}],"circlet_count":0,"master_deck":["AscendersBane","Strike_R","Strike_R","Defend_R","Defend_R","Defend_R","Defend_R","Bash+1","Blood for Blood+1","Bloodletting+1","Wild Strike","Shockwave+1","Battle Trance","Demon Form+1","Impervious+1","Reaper","Shrug It Off+1","Pummel+1","Disarm","Warcry","Limit Break+1","Pommel Strike+1","Reaper+1","Berserk+1","Armaments+1","Pommel Strike+1","Twin Strike+1","True Grit+1"],"relics":["Black Blood","NeowsBlessing","Happy Flower","Orichalcum","Regal Pillow","SacredBark","Bronze Scales","Molten Egg 2","Bag of Marbles","Strawberry","Pen Nib","Brimstone","Toxic Egg 2","Singing Bowl"],"acts_visited":["Exordium","TheCity","TheBeyond"],"potions_floor_usage":[45],"damage_taken":[{"damage":0.0,"enemies":"Jaw Worm","floor":1.0,"turns":1.0},{"damage":0.0,"enemies":"2 Louse","floor":3.0,"turns":1.0},{"damage":0.0,"enemies":"Cultist","floor":5.0,"turns":1.0},{"damage":28.0,"enemies":"Lagavulin","floor":7.0,"turns":5.0},{"damage":27.0,"enemies":"3 Sentries","floor":11.0,"turns":8.0},{"damage":12.0,"enemies":"Large Slime","floor":13.0,"turns":5.0},{"damage":6.0,"enemies":"2 Fungi Beasts","floor":14.0,"turns":3.0},{"damage":22.0,"enemies":"The Guardian","floor":16.0,"turns":10.0},{"damage":40.0,"enemies":"Spheric Guardian","floor":18.0,"turns":6.0},{"damage":21.0,"enemies":"Book of Stabbing","floor":23.0,"turns":5.0},{"damage":33.0,"enemies":"Shell Parasite","floor":25.0,"turns":5.0},{"damage":27.0,"enemies":"Slavers","floor":28.0,"turns":3.0},{"damage":34.0,"enemies":"Shelled Parasite and Fungi","floor":29.0,"turns":5.0},{"damage":26.0,"enemies":"Book of Stabbing","floor":30.0,"turns":6.0},{"damage":24.0,"enemies":"Snake Plant","floor":31.0,"turns":3.0},{"damage":80.0,"enemies":"Collector","floor":33.0,"turns":8.0},{"damage":34.0,"enemies":"3 Shapes","floor":35.0,"turns":12.0},{"damage":71.0,"enemies":"3 Darklings","floor":38.0,"turns":5.0},{"damage":82.0,"enemies":"Spire Growth","floor":39.0,"turns":6.0},{"damage":40.0,"enemies":"Giant Head","floor":41.0,"turns":7.0},{"damage":62.0,"enemies":"Jaw Worm Horde","floor":42.0,"turns":5.0},{"damage":53,"enemies":"Reptomancer","floor":45,"turns":4}],"seed_played":"2535553228235716102","potions_obtained":[{"floor":5.0,"key":"Ancient Potion"},{"floor":7.0,"key":"Strength Potion"},{"floor":28.0,"key":"Block Potion"},{"floor":31.0,"key":"Weak Potion"},{"floor":35.0,"key":"Swift Potion"},{"floor":38.0,"key":"PowerPotion"}],"is_trial":false,"path_per_floor":["M","?","M","?","M","R","E","R","T","?","E","R","M","M","R","B",null,"M","$","?","$","?","E","R","M","T","R","E","M","E","M","R","B",null,"M","$","?","M","M","R","E","M","T","R","E"],"character_chosen":"IRONCLAD","items_purchased":["Reaper","Brimstone","Reaper+1"],"campfire_rested":2,"item_purchase_floors":[21,36,36],"current_hp_per_floor":[78,67,73,73,79,79,57,57,57,57,36,36,30,30,30,14,64,30,30,30,30,30,15,54,39,39,39,61,46,37,19,60,28,72,50,50,50,87,17,17,69,35,35,35,0,0],"gold":196,"neow_bonus":"THREE_ENEMY_KILL","is_daily":false,"chose_seed":false,"campfire_upgraded":7,"win_rate":0.0,"timestamp":1613453280,"path_taken":["M","?","M","?","?","R","E","R","T","?","E","R","?","M","R","BOSS","M","$","?","$","?","E","R","M","T","R","E","?","E","M","R","BOSS","M","$","?","M","M","R","E","?","T","R","E"],"items_purchased_type":["Card","Relic","Card"],"build_version":"2020-12-22","purchased_purges":2,"victory":false,"max_hp_per_floor":[80,80,80,80,80,80,80,80,80,80,80,80,80,80,80,80,80,80,80,80,80,80,80,80,80,80,80,87,87,87,87,87,87,87,87,87,87,87,87,87,87,87,87,87,87,87],"card_choices":[{"not_picked":["Havoc","Clash"],"picked":"Blood for Blood","floor":1.0},{"not_picked":["Anger","Seeing Red"],"picked":"Bloodletting","floor":3.0},{"not_picked":["Clash","Havoc"],"picked":"Wild Strike","floor":5.0},{"not_picked":["Bloodletting","Second Wind"],"picked":"Shockwave","floor":7.0},{"not_picked":["Clothesline","Sword Boomerang"],"picked":"Battle Trance","floor":11.0},{"not_picked":["Heavy Blade","Wild Strike"],"picked":"Demon Form","floor":13.0},{"not_picked":["Entrench","Iron Wave","Disarm"],"picked":"SKIP","floor":14.0},{"not_picked":["Fiend Fire","Brutality"],"picked":"Impervious","floor":16.0},{"not_picked":["Carnage","Armaments","Infernal Blade+1"],"picked":"SKIP","floor":18.0},{"not_picked":["Thunderclap+1","Sword Boomerang+1"],"picked":"Shrug It Off+1","floor":23.0},{"not_picked":["Clothesline+1","Evolve"],"picked":"Pummel+1","floor":25.0},{"not_picked":["Cleave+1","Juggernaut","Anger+1"],"picked":"SKIP","floor":28.0},{"not_picked":["Carnage+1","Feel No Pain","Heavy Blade+1"],"picked":"SKIP","floor":29.0},{"not_picked":["Intimidate+1","Havoc"],"picked":"Disarm","floor":30.0},{"not_picked":["Headbutt+1","Armaments"],"picked":"Warcry","floor":31.0},{"not_picked":["Exhume","Bludgeon+1"],"picked":"Limit Break","floor":33.0},{"not_picked":["Sentinel","Searing Blow+1"],"picked":"Pommel Strike+1","floor":35.0},{"not_picked":["Twin Strike+1","Shrug It Off+1"],"picked":"Armaments+1","floor":38.0},{"not_picked":["Heavy Blade+1","Armaments+1"],"picked":"Pommel Strike+1","floor":39.0},{"not_picked":["Brutality","Fire Breathing+1"],"picked":"Twin Strike+1","floor":41.0},{"not_picked":["Sentinel+1","Iron Wave+1"],"picked":"True Grit+1","floor":42.0}],"player_experience":314693,"relics_obtained":[{"floor":7.0,"key":"Happy Flower"},{"floor":9.0,"key":"Orichalcum"},{"floor":11.0,"key":"Regal Pillow"},{"floor":23.0,"key":"Molten Egg 2"},{"floor":26.0,"key":"Bag of Marbles"},{"floor":28.0,"key":"Strawberry"},{"floor":30.0,"key":"Pen Nib"},{"floor":41.0,"key":"Toxic Egg 2"},{"floor":43.0,"key":"Singing Bowl"}],"event_choices":[{"damage_healed":0.0,"max_hp_gain":0.0,"max_hp_loss":0.0,"gold_gain":75.0,"event_name":"World of Goop","player_choice":"Gather Gold","floor":2.0,"gold_loss":0.0,"damage_taken":11.0},{"damage_healed":0.0,"max_hp_gain":0.0,"max_hp_loss":0.0,"gold_gain":0.0,"event_name":"Liars Game","player_choice":"Ignored","floor":4.0,"gold_loss":0.0,"damage_taken":0.0},{"damage_healed":0.0,"max_hp_gain":0.0,"max_hp_loss":0.0,"gold_gain":0.0,"event_name":"Upgrade Shrine","player_choice":"Upgraded","floor":10.0,"gold_loss":0.0,"damage_taken":0.0,"cards_upgraded":["Bloodletting"]},{"damage_healed":0.0,"max_hp_gain":0.0,"max_hp_loss":0.0,"gold_gain":0.0,"event_name":"The Mausoleum","player_choice":"Opened","floor":20.0,"gold_loss":0.0,"damage_taken":0.0,"relics_obtained":["Bronze Scales"],"cards_obtained":["Writhe"]},{"cards_removed":["Strike_R"],"damage_healed":0.0,"max_hp_gain":0.0,"max_hp_loss":0.0,"gold_gain":0.0,"event_name":"Bonfire Elementals","player_choice":"Offered Basic","floor":22.0,"gold_loss":0.0,"damage_taken":0.0},{"damage_healed":0.0,"max_hp_gain":0.0,"max_hp_loss":0.0,"gold_gain":0.0,"cards_transformed":["Strike_R"],"event_name":"Transmorgrifier","player_choice":"Transformed","floor":37.0,"gold_loss":0.0,"damage_taken":0.0,"cards_obtained":["Berserk"]}],"is_beta":false,"boss_relics":[{"not_picked":["Coffee Dripper","Snecko Eye"],"picked":"SacredBark"},{"not_picked":["Busted Crown","Calling Bell"],"picked":"Black Blood"}],"items_purged_floors":[19,21],"is_endless":false,"potions_floor_spawned":[5,7,14,16,18,28,29,31,35,38],"killed_by":"Reptomancer","ascension_level":11}}