{"host":"c6xy0a74zz7y4nf6","time":1613453645,"event":{"mods":["BaseMod","Minty Spire (QoL Compilation)","StSLib","The Death Knight","The Exalted"],"gold_per_floor":[114,46,63,80,100,100,100,110,110,142,155,180,180,180,180],"floor_reached":14,"language":"ENG","playtime":556,"items_purged":[],"score":107,"play_id":"022472d6-169b-4c74-86d0-9d74b3f464e2","local_time":"20210215233405","is_ascension_mode":true,"campfire_choices":[{"data":"DeathKnight:FrosPresence","floor":6,"key":"SMITH"}],"circlet_count":0,"master_deck":["DeathKnight:Strike_DeathKnight","DeathKnight:Strike_DeathKnight","DeathKnight:Strike_DeathKnight","DeathKnight:Strike_DeathKnight","DeathKnight:Defend_DeathKnight","DeathKnight:Defend_DeathKnight","DeathKnight:Defend_DeathKnight+1","DeathKnight:Defend_DeathKnight","DeathKnight:Defend_DeathKnight","DeathKnight:RuneTap+1","DeathKnight:RuneStrike+1","DeathKnight:ShatteringStrikes","DeathKnight:DeathAndDecay","DeathKnight:PlagueStrike","DeathKnight:FrosPresence+1","DeathKnight:DeathStrike","DeathKnight:Rot"],"relics":["DeathKnight:BrokenRuneblade","HornCleat","Bromod:ArcaneAegis","DeathKnight:TomeOfBloodSpecialization"],"acts_visited":["Exordium"],"potions_floor_usage":[11,12,12],"damage_taken":[{"damage":6,"enemies":"Cultist","floor":1,"turns":3},{"damage":1,"enemies":"2 Louse","floor":3,"turns":2},{"damage":0,"enemies":"Small Slimes","floor":4,"turns":3},{"damage":9,"enemies":"2 Fungi Beasts","floor":5,"turns":3},{"damage":12,"enemies":"3 Louse","floor":8,"turns":3},{"damage":6,"enemies":"Gremlin Nob","floor":10,"turns":4},{"damage":0,"enemies":"Looter","floor":11,"turns":1},{"damage":22,"enemies":"3 Sentries","floor":12,"turns":6},{"damage":13,"enemies":"Gremlin Nob","floor":14,"turns":3}],"seed_played":"-42411025288475501","potions_obtained":[{"floor":4,"key":"DeathKnight:PlagueVial"},{"floor":5,"key":"DistilledChaos"},{"floor":8,"key":"BlessingOfTheForge"}],"is_trial":false,"path_per_floor":["M","$","M","M","M","R","?","M","T","E","M","E","?","E"],"character_chosen":"DEATH_KNIGHT","items_purchased":["DeathKnight:PlagueStrike"],"campfire_rested":0,"item_purchase_floors":[2],"current_hp_per_floor":[69,69,68,68,59,59,44,32,32,26,26,11,11,0,0],"gold":180,"neow_bonus":"TRANSFORM_CARD","is_daily":false,"chose_seed":false,"campfire_upgraded":1,"win_rate":0.0,"timestamp":1613453645,"path_taken":["M","$","M","?","M","R","?","M","T","E","M","E","?","E"],"items_purchased_type":["Card"],"build_version":"2020-12-22","purchased_purges":0,"victory":false,"max_hp_per_floor":[75,75,75,75,75,75,75,75,75,75,75,75,75,75,75],"card_choices":[{"not_picked":["DeathKnight:DeathCoil","DeathKnight:BloodStrike"],"picked":"DeathKnight:DeathAndDecay","floor":1},{"not_picked":["DeathKnight:DreadStrike","DeathKnight:UnholyFrenzy"],"picked":"DeathKnight:FrosPresence","floor":3},{"not_picked":["DeathKnight:Hysteria","DeathKnight:PathOfFrost","DeathKnight:DreadStrike"],"picked":"SKIP","floor":4},{"not_picked":["DeathKnight:FesteringStrike","DeathKnight:Razorice","DeathKnight:Obliterate"],"picked":"SKIP","floor":5},{"not_picked":["DeathKnight:PathOfFrost","DeathKnight:WraithWalk","DeathKnight:DeathsAdvance"],"picked":"SKIP","floor":8},{"not_picked":["DeathKnight:Parry","DeathKnight:HornOfWinter","DeathKnight:ThirstingStrike"],"picked":"SKIP","floor":10},{"not_picked":["DeathKnight:Ossuary","DeathKnight:DeathCoil"],"picked":"DeathKnight:DeathStrike","floor":11},{"not_picked":["DeathKnight:Frostscythe","DeathKnight:MutagenicPlague"],"picked":"DeathKnight:Rot","floor":12}],"player_experience":115803,"relics_obtained":[{"floor":9,"key":"HornCleat"},{"floor":10,"key":"Bromod:ArcaneAegis"},{"floor":12,"key":"DeathKnight:TomeOfBloodSpecialization"}],"event_choices":[{"damage_healed":0,"gold_gain":0,"player_choice":"Entered Light","damage_taken":15,"max_hp_gain":0,"max_hp_loss":0,"event_name":"Shining Light","floor":7,"gold_loss":0,"cards_upgraded":["DeathKnight:RuneStrike","DeathKnight:Defend_DeathKnight"]},{"damage_healed":0,"gold_gain":0,"player_choice":"Upgraded","damage_taken":0,"max_hp_gain":0,"max_hp_loss":0,"event_name":"Upgrade Shrine","floor":13,"gold_loss":0,"cards_upgraded":["DeathKnight:RuneTap"]}],"is_beta":false,"boss_relics":[],"items_purged_floors":[],"is_endless":false,"potions_floor_spawned":[4,5,8],"killed_by":"Gremlin Nob","ascension_level":1}}