{"host":"p9t7qd83igtcp2bh","time":1613454610,"event":{"mods":["2.2 Compatiblity","AchievementEnabler","BaseMod","Colored Map","Colored Powertips","Custom Start","DeckTracker","Keyboard Shortcuts","Minty Spire (QoL Compilation)","Permanent Neow","StSLib","SuperFastMode","everything is the same but u backflip on backflip"],"gold_per_floor":[117,134,134,6,24,56,56,69,93,127,127,142,142,61,61,156,156,169,84,84,84,34,69,89,114,114,139,139,139,139],"floor_reached":29,"language":"KOR","playtime":743,"items_purged":["Writhe"],"score":623,"play_id":"9a14f5ec-0ed1-412b-a94a-5085a574a60e","local_time":"20210216145010","is_ascension_mode":true,"campfire_choices":[{"data":"Eruption","floor":7.0,"key":"SMITH"},{"data":"CrushJoints","floor":11.0,"key":"SMITH"},{"data":"DevaForm","floor":15.0,"key":"SMITH"}],"circlet_count":0,"master_deck":["AscendersBane","Eruption+1","Vigilance","CutThroughFate","BowlingBash","SignatureMove","Evaluate","WaveOfTheHand","DevaForm+1","EmptyFist","CrushJoints+1","Evaluate","MentalFortress","Devotion","EmptyBody","Swivel","Alpha","SashWhip","Halt","Tantrum","Evaluate","Vault","Crescendo"],"relics":["PureWater","Boot","Oddly Smooth Stone","Vajra","Golden Idol","Pandora\u0027s Box","Ice Cream","Smiling Mask","Blue Candle","Bottled Tornado"],"acts_visited":["Exordium","TheCity"],"potions_floor_usage":[23,25],"damage_taken":[{"damage":4.0,"enemies":"2 Louse","floor":1.0,"turns":4.0},{"damage":0.0,"enemies":"Cultist","floor":2.0,"turns":2.0},{"damage":0.0,"enemies":"Small Slimes","floor":5.0,"turns":2.0},{"damage":0.0,"enemies":"Lagavulin","floor":6.0,"turns":3.0},{"damage":0.0,"enemies":"2 Fungi Beasts","floor":8.0,"turns":3.0},{"damage":10.0,"enemies":"3 Sentries","floor":10.0,"turns":6.0},{"damage":0.0,"enemies":"Looter","floor":12.0,"turns":2.0},{"damage":0.0,"enemies":"Slime Boss","floor":16.0,"turns":5.0},{"damage":4.0,"enemies":"2 Thieves","floor":18.0,"turns":5.0},{"damage":38,"enemies":"Gremlin Leader","floor":23,"turns":6},{"damage":4,"enemies":"Spheric Guardian","floor":24,"turns":3},{"damage":28,"enemies":"Shelled Parasite and Fungi","floor":25,"turns":6},{"damage":18,"enemies":"Centurion and Healer","floor":27,"turns":5},{"damage":9,"enemies":"Snake Plant","floor":29,"turns":1}],"seed_played":"2020928966354710579","potions_obtained":[{"floor":1.0,"key":"BlessingOfTheForge"},{"floor":5.0,"key":"FairyPotion"},{"floor":10.0,"key":"SteroidPotion"},{"floor":16.0,"key":"PowerPotion"},{"floor":23,"key":"Energy Potion"}],"is_trial":false,"path_per_floor":["M","M","?","$","M","E","R","M","T","E","R","M","?","$","R","B",null,"M","?","?","?","$","E","M","M","T","M","?","M"],"character_chosen":"WATCHER","items_purchased":["SignatureMove","Evaluate","MentalFortress"],"campfire_rested":0,"item_purchase_floors":[4,4,14],"current_hp_per_floor":[39,39,78,78,78,78,78,78,78,68,68,68,41,41,41,41,69,65,65,65,65,65,27,23,23,23,5,5,0,0],"gold":139,"neow_bonus":"TRANSFORM_TWO_CARDS","is_daily":false,"chose_seed":false,"campfire_upgraded":3,"win_rate":0.0,"timestamp":1613454610,"path_taken":["M","M","?","?","M","E","R","M","T","E","R","?","?","$","R","BOSS","M","?","?","?","$","E","M","M","T","?","?","M"],"items_purchased_type":["Card","Card","Card"],"build_version":"2020-12-22","purchased_purges":1,"victory":false,"max_hp_per_floor":[68,68,78,78,78,78,78,78,78,78,78,78,78,78,78,78,78,78,78,78,78,78,78,78,78,78,78,78,78,78],"card_choices":[{"not_picked":["InnerPeace","FollowUp"],"picked":"CutThroughFate","floor":1.0},{"not_picked":["ClearTheMind","WaveOfTheHand"],"picked":"BowlingBash","floor":2.0},{"not_picked":["ClearTheMind","Worship"],"picked":"WaveOfTheHand","floor":5.0},{"not_picked":["Evaluate","Halt"],"picked":"DevaForm","floor":6.0},{"not_picked":["CrushJoints","PathToVictory"],"picked":"EmptyFist","floor":8.0},{"not_picked":["DeceiveReality","BowlingBash"],"picked":"CrushJoints","floor":10.0},{"not_picked":["Swivel","Weave"],"picked":"Evaluate","floor":12.0},{"not_picked":["SpiritShield","Alpha"],"picked":"Devotion","floor":16.0},{"not_picked":["SignatureMove","EmptyBody"],"picked":"Tantrum","floor":18.0},{"not_picked":["EmptyBody","PathToVictory"],"picked":"Evaluate","floor":23},{"not_picked":["Meditate","Prostrate","Swivel"],"picked":"SKIP","floor":24},{"not_picked":["MentalFortress","Study+1","BattleHymn"],"picked":"SKIP","floor":25},{"not_picked":["Consecrate","FlyingSleeves","Evaluate"],"picked":"SKIP","floor":27}],"player_experience":729141,"relics_obtained":[{"floor":6.0,"key":"Boot"},{"floor":9.0,"key":"Oddly Smooth Stone"},{"floor":10.0,"key":"Vajra"},{"floor":23,"key":"Blue Candle"},{"floor":26,"key":"Bottled Tornado"}],"event_choices":[{"cards_removed":["MasterReality"],"damage_healed":29.0,"max_hp_gain":10.0,"max_hp_loss":0.0,"gold_gain":0.0,"event_name":"Bonfire Elementals","player_choice":"Offered Rare","floor":3.0,"gold_loss":0.0,"damage_taken":0.0},{"damage_healed":0.0,"max_hp_gain":0.0,"max_hp_loss":0.0,"gold_gain":0.0,"event_name":"Golden Idol","player_choice":"Take Damage","floor":13.0,"gold_loss":0.0,"damage_taken":27.0,"relics_obtained":["Golden Idol"]},{"damage_healed":0.0,"max_hp_gain":0.0,"max_hp_loss":0.0,"gold_gain":0.0,"event_name":"Addict","player_choice":"Obtained Relic","floor":19.0,"gold_loss":85.0,"damage_taken":0.0,"relics_obtained":["Ice Cream"]},{"damage_healed":0.0,"max_hp_gain":0.0,"max_hp_loss":0.0,"gold_gain":0.0,"event_name":"The Mausoleum","player_choice":"Opened","floor":20.0,"gold_loss":0.0,"damage_taken":0.0,"relics_obtained":["Smiling Mask"],"cards_obtained":["Writhe"]},{"damage_healed":0.0,"max_hp_gain":0.0,"max_hp_loss":0.0,"gold_gain":0.0,"event_name":"Vampires","player_choice":"Ignored","floor":21.0,"gold_loss":0.0,"damage_taken":0.0},{"damage_healed":0,"gold_gain":0,"cards_transformed":["WreathOfFlame","WreathOfFlame"],"player_choice":"Became Test Subject","damage_taken":0,"max_hp_gain":0,"max_hp_loss":0,"event_name":"Drug Dealer","floor":28,"gold_loss":0,"cards_obtained":["Vault","Crescendo"]}],"is_beta":false,"boss_relics":[{"not_picked":["Fusion Hammer","SlaversCollar"],"picked":"Pandora\u0027s Box"}],"items_purged_floors":[22],"is_endless":false,"potions_floor_spawned":[1,5,10,16,23],"killed_by":"Snake Plant","ascension_level":18}}