{"host":"tf5skwcwe0vlu2md","time":1613482392,"event":{"mods":["BaseMod","Downfall","Highlight Path","Minty Spire (QoL Compilation)","Quick Restart","StSLib","The Hierophant"],"gold_per_floor":[115,125,125,136,148,183,183,183,183],"floor_reached":8,"playtime":359,"items_purged":[],"score":73,"play_id":"7e3affbd-9a0e-4f05-bb0c-ad2bec525951","local_time":"20210217003312","is_ascension_mode":true,"campfire_choices":[{"data":"Shockwave","floor":7,"key":"SMITH"}],"circlet_count":0,"master_deck":["Strike_R","Strike_R","Strike_R","Strike_R","Strike_R","Defend_R","Defend_R","Defend_R","Defend_R","Bash","Clothesline","Shockwave+1","Burning Pact","Uppercut","Clash"],"relics":["Burning Blood","Mercury Hourglass"],"acts_visited":["Exordium"],"potions_floor_usage":[],"damage_taken":[{"damage":9,"enemies":"Small Slimes","floor":1,"turns":4},{"damage":7,"enemies":"Jaw Worm","floor":2,"turns":3},{"damage":10,"enemies":"2 Louse","floor":4,"turns":3},{"damage":9,"enemies":"Looter","floor":5,"turns":4},{"damage":51,"enemies":"Lagavulin","floor":6,"turns":8},{"damage":40,"enemies":"3 Sentries","floor":8,"turns":4}],"seed_played":"2586246804157871024","potions_obtained":[{"floor":2,"key":"ElixirPotion"},{"floor":4,"key":"SteroidPotion"},{"floor":6,"key":"GamblersBrew"}],"is_trial":false,"path_per_floor":["M","M","?","M","M","E","R","E"],"character_chosen":"IRONCLAD","items_purchased":[],"campfire_rested":0,"item_purchase_floors":[],"current_hp_per_floor":[85,84,89,85,82,37,37,0,0],"gold":183,"neow_bonus":"TEN_PERCENT_HP_BONUS","is_daily":false,"chose_seed":false,"campfire_upgraded":1,"win_rate":0.0,"timestamp":1613482392,"path_taken":["M","M","?","M","M","E","R","E"],"items_purchased_type":[],"build_version":"2020-12-13","purchased_purges":0,"victory":false,"max_hp_per_floor":[88,88,93,93,93,93,93,93,93],"card_choices":[{"not_picked":["Iron Wave","Battle Trance"],"picked":"Clothesline","floor":1},{"not_picked":["Armaments","Anger"],"picked":"Shockwave","floor":2},{"not_picked":["Wild Strike","Headbutt"],"picked":"Burning Pact","floor":4},{"not_picked":["Cleave","Body Slam"],"picked":"Uppercut","floor":5},{"not_picked":["Flame Barrier","Pummel"],"picked":"Clash","floor":6}],"player_experience":262949,"relics_obtained":[{"floor":6,"key":"Mercury Hourglass"}],"event_choices":[{"damage_healed":0,"gold_gain":0,"player_choice":"Donut","damage_taken":0,"max_hp_gain":5,"max_hp_loss":0,"event_name":"Big Fish","floor":3,"gold_loss":0}],"is_beta":false,"boss_relics":[],"items_purged_floors":[],"is_endless":false,"potions_floor_spawned":[2,4,6],"killed_by":"3 Sentries","ascension_level":5}}