{"host":"98tf0o44tbkozlsr","time":1613480370,"event":{"mods":["BaseMod","Bestiary","Minty Spire (QoL Compilation)","Relic Stats","ojb\u0027s Info Mod"],"gold_per_floor":[115,115,115,135,135,147,174,187,260,260,272,305,305,325,325,399,399,416,428,428,10,29,29,29,57,83,115,126,151,168,168,168,245,245,265,265,310,72,397,423,423,438,438,438,471,471,496,513,513,513,513,513,513,1,29,29,29],"floor_reached":56,"language":"ENG","playtime":6797,"items_purged":["Defend_P","Strike_P"],"score":2291,"play_id":"0f82eb18-c363-4e38-89da-95edf1564984","local_time":"20210216045930","is_ascension_mode":true,"campfire_choices":[{"data":"BowlingBash","floor":10.0,"key":"SMITH"},{"data":"Wallop","floor":13.0,"key":"SMITH"},{"data":"WaveOfTheHand","floor":15.0,"key":"SMITH"},{"floor":23.0,"key":"REST"},{"floor":32.0,"key":"REST"},{"floor":41.0,"key":"REST"},{"floor":46.0,"key":"RECALL"},{"data":"Omniscience","floor":49.0,"key":"SMITH"},{"data":"Scrawl","floor":53.0,"key":"SMITH"}],"circlet_count":0,"master_deck":["AscendersBane","Strike_P","Strike_P","Strike_P","Defend_P","Defend_P","Eruption","Vigilance","BowlingBash+1","Wallop+1","Brilliance","DeceiveReality","WaveOfTheHand+1","Omniscience+1","ThirdEye+1","Flash of Steel","TalkToTheHand","TalkToTheHand+1","Ragnarok+1","FlurryOfBlows+1","Scrawl+1","TalkToTheHand+1","CutThroughFate+1","Fasting2+1","Secret Weapon","Dark Shackles","Wallop+1","Chrysalis"],"relics":["Philosopher\u0027s Stone","Du-Vu Doll","Singing Bowl","Nunchaku","Black Star","Happy Flower","Bag of Marbles","Molten Egg 2","Frozen Egg 2","Oddly Smooth Stone","Bronze Scales","Bottled Lightning","Red Mask","FaceOfCleric","Velvet Choker","Gambling Chip","Pen Nib","Old Coin","Question Card","Centennial Puzzle","Meat on the Bone","Dead Branch","Juzu Bracelet","Dream Catcher","OrangePellets","Ornamental Fan","Turnip"],"acts_visited":["TheBeyond","TheEnding"],"potions_floor_usage":[56],"damage_taken":[{"damage":0.0,"enemies":"Cultist","floor":1.0,"turns":2.0},{"damage":0.0,"enemies":"Small Slimes","floor":4.0,"turns":2.0},{"damage":5.0,"enemies":"Jaw Worm","floor":6.0,"turns":2.0},{"damage":16.0,"enemies":"Lagavulin","floor":7.0,"turns":6.0},{"damage":0.0,"enemies":"Red Slaver","floor":8.0,"turns":3.0},{"damage":3.0,"enemies":"Lots of Slimes","floor":11.0,"turns":4.0},{"damage":2.0,"enemies":"3 Sentries","floor":12.0,"turns":3.0},{"damage":3.0,"enemies":"Exordium Thugs","floor":14.0,"turns":3.0},{"damage":0.0,"enemies":"The Guardian","floor":16.0,"turns":12.0},{"damage":23.0,"enemies":"Chosen","floor":18.0,"turns":9.0},{"damage":16.0,"enemies":"Shell Parasite","floor":19.0,"turns":4.0},{"damage":24.0,"enemies":"Shelled Parasite and Fungi","floor":22.0,"turns":8.0},{"damage":0.0,"enemies":"Gremlin Leader","floor":25.0,"turns":4.0},{"damage":9.0,"enemies":"Book of Stabbing","floor":27.0,"turns":5.0},{"damage":0.0,"enemies":"Snake Plant","floor":28.0,"turns":1.0},{"damage":13.0,"enemies":"Masked Bandits","floor":29.0,"turns":4.0},{"damage":2.0,"enemies":"Chosen and Byrds","floor":30.0,"turns":4.0},{"damage":28.0,"enemies":"Automaton","floor":33.0,"turns":11.0},{"damage":7.0,"enemies":"3 Darklings","floor":35.0,"turns":3.0},{"damage":0.0,"enemies":"2 Orb Walkers","floor":37.0,"turns":3.0},{"damage":0.0,"enemies":"Mind Bloom Boss Battle","floor":39.0,"turns":7.0},{"damage":42.0,"enemies":"Nemesis","floor":40.0,"turns":5.0},{"damage":4.0,"enemies":"3 Shapes","floor":42.0,"turns":6.0},{"damage":0.0,"enemies":"Giant Head","floor":45.0,"turns":7.0},{"damage":0.0,"enemies":"Reptomancer","floor":47.0,"turns":2.0},{"damage":0.0,"enemies":"Maw","floor":48.0,"turns":7.0},{"damage":82.0,"enemies":"Time Eater","floor":50.0,"turns":13.0},{"damage":1.0,"enemies":"Awakened One","floor":51.0,"turns":23.0},{"damage":13.0,"enemies":"Shield and Spear","floor":55.0,"turns":5.0},{"damage":78,"enemies":"The Heart","floor":56,"turns":9}],"seed_played":"3817723755396036265","potions_obtained":[{"floor":5.0,"key":"DuplicationPotion"},{"floor":5.0,"key":"SkillPotion"},{"floor":8.0,"key":"Weak Potion"},{"floor":12.0,"key":"DistilledChaos"},{"floor":18.0,"key":"Energy Potion"},{"floor":19.0,"key":"Ambrosia"},{"floor":25.0,"key":"Dexterity Potion"},{"floor":33.0,"key":"Explosive Potion"},{"floor":35.0,"key":"GamblersBrew"},{"floor":37.0,"key":"Weak Potion"},{"floor":39.0,"key":"FairyPotion"},{"floor":48.0,"key":"LiquidBronze"}],"is_trial":false,"path_per_floor":["M","?","?","M","?","M","E","M","T","R","M","E","R","M","R","B",null,"M","M","$","$","M","R","?","E","T","E","M","?","M","?","R","B",null,"M","?","?","$","?","E","R","M","T","?","E","R","E","M","R","B","B",null,"R","$","E","B"],"character_chosen":"WATCHER","items_purchased":["Happy Flower","Bag of Marbles","Flash of Steel","Pen Nib","OrangePellets","Swift Potion","Chrysalis"],"campfire_rested":3,"item_purchase_floors":[21,21,21,38,54,54,54],"current_hp_per_floor":[61,54,59,59,59,54,38,38,38,38,37,35,35,34,34,34,66,45,29,29,29,5,28,28,28,28,19,21,10,8,8,32,5,64,58,58,61,61,62,23,49,46,46,38,41,41,54,57,57,24,36,84,84,84,74,0,0],"gold":29,"neow_bonus":"BOSS_RELIC","is_daily":false,"chose_seed":false,"campfire_upgraded":5,"win_rate":0.0,"timestamp":1613480370,"path_taken":["M","?","?","M","?","?","E","M","T","R","M","E","R","M","R","BOSS","M","M","?","$","?","R","?","E","T","E","M","?","M","?","R","BOSS","M","?","?","$","?","E","R","M","T","?","E","R","E","M","R","BOSS","BOSS","R","$","E","BOSS"],"items_purchased_type":["Relic","Relic","Card","Relic","Relic","Potion","Card"],"build_version":"2020-12-22","purchased_purges":2,"victory":false,"max_hp_per_floor":[68,68,73,73,73,73,73,73,73,73,75,75,75,77,77,77,77,79,79,79,79,79,79,79,79,79,79,81,83,83,83,83,84,84,85,81,84,84,85,88,88,89,89,91,94,94,95,98,98,99,100,100,100,100,103,103,103],"relic_stats":{"Singing Bowl":16,"Happy Flower":[42],"counters":[20,131],"Dead Branch":[67],"Pen Nib":[19],"Juzu Bracelet":0,"Question Card":8,"OrangePellets":[4],"Nunchaku":[32],"Centennial Puzzle":[15],"Dream Catcher":0,"FaceOfCleric":12,"Ornamental Fan":[24],"Bronze Scales":[513],"Gambling Chip":[21],"Turnip":[2],"Black Star":6,"obtain_stats":[{"Singing Bowl":0,"Juzu Bracelet":47,"Old Coin":39,"Nunchaku":0,"Centennial Puzzle":40,"Dream Catcher":47,"FaceOfCleric":31,"Gambling Chip":37,"Philosopher\u0027s Stone":0,"Red Mask":29,"Happy Flower":21,"Dead Branch":45,"Oddly Smooth Stone":26,"Velvet Choker":34,"Pen Nib":38,"Frozen Egg 2":25,"Question Card":40,"Du-Vu Doll":0,"OrangePellets":54,"Ornamental Fan":55,"Bronze Scales":27,"Molten Egg 2":25,"Turnip":55,"Black Star":0,"Bag of Marbles":21,"Bottled Lightning":27,"Meat on the Bone":45},{"Singing Bowl":0,"Juzu Bracelet":15,"Old Coin":11,"Nunchaku":0,"Centennial Puzzle":12,"Dream Catcher":15,"FaceOfCleric":7,"Gambling Chip":10,"Philosopher\u0027s Stone":0,"Red Mask":6,"Happy Flower":1,"Dead Branch":14,"Oddly Smooth Stone":3,"Velvet Choker":8,"Pen Nib":10,"Frozen Egg 2":3,"Question Card":12,"Du-Vu Doll":0,"OrangePellets":18,"Ornamental Fan":19,"Bronze Scales":4,"Molten Egg 2":3,"Turnip":19,"Black Star":0,"Bag of Marbles":1,"Bottled Lightning":4,"Meat on the Bone":14},{"Singing Bowl":0,"Juzu Bracelet":74,"Old Coin":54,"Nunchaku":0,"Centennial Puzzle":59,"Dream Catcher":74,"FaceOfCleric":30,"Gambling Chip":47,"Philosopher\u0027s Stone":0,"Red Mask":26,"Happy Flower":4,"Dead Branch":72,"Oddly Smooth Stone":16,"Velvet Choker":41,"Pen Nib":47,"Frozen Egg 2":16,"Question Card":59,"Du-Vu Doll":0,"OrangePellets":117,"Ornamental Fan":122,"Bronze Scales":21,"Molten Egg 2":16,"Turnip":122,"Black Star":0,"Bag of Marbles":4,"Bottled Lightning":21,"Meat on the Bone":72}],"Meat on the Bone":36},"card_choices":[{"not_picked":["PathToVictory","FlyingSleeves","Protect"],"picked":"SKIP","floor":1.0},{"not_picked":["FollowUp","EmptyBody"],"picked":"BowlingBash","floor":4.0},{"not_picked":["ConjureBlade","Fasting2"],"picked":"Wallop","floor":6.0},{"not_picked":["FollowUp","WreathOfFlame"],"picked":"Brilliance","floor":7.0},{"not_picked":["ClearTheMind","ThirdEye"],"picked":"DeceiveReality","floor":8.0},{"not_picked":["Prostrate","ThirdEye","ClearTheMind"],"picked":"Singing Bowl","floor":11.0},{"not_picked":["ClearTheMind","Perseverance"],"picked":"WaveOfTheHand","floor":12.0},{"not_picked":["Worship","ForeignInfluence","WindmillStrike"],"picked":"Singing Bowl","floor":14.0},{"not_picked":["Brilliance","Alpha"],"picked":"Omniscience","floor":16.0},{"not_picked":["WindmillStrike","CrushJoints+1","SashWhip"],"picked":"Singing Bowl","floor":18.0},{"not_picked":["Evaluate","Halt"],"picked":"ThirdEye+1","floor":19.0},{"not_picked":["Consecrate","SignatureMove"],"picked":"TalkToTheHand","floor":22.0},{"not_picked":["FlyingSleeves+1","Perseverance"],"picked":"TalkToTheHand+1","floor":25.0},{"not_picked":["EmptyMind","Meditate"],"picked":"Ragnarok+1","floor":27.0},{"not_picked":["Halt","Prostrate","SandsOfTime+1"],"picked":"Singing Bowl","floor":28.0},{"not_picked":["EmptyBody","Nirvana+1","SandsOfTime+1"],"picked":"Singing Bowl","floor":29.0},{"not_picked":["LikeWater+1","Crescendo"],"picked":"FlurryOfBlows+1","floor":30.0},{"not_picked":["Vault","Wish"],"picked":"Scrawl","floor":33.0},{"not_picked":["Meditate","InnerPeace"],"picked":"TalkToTheHand+1","floor":35.0},{"not_picked":["Evaluate","ClearTheMind+1","JustLucky+1"],"picked":"Singing Bowl","floor":37.0},{"not_picked":["Vengeance","Adaptation+1"],"picked":"CutThroughFate+1","floor":39.0},{"not_picked":["Weave+1","MasterReality+1","JustLucky+1"],"picked":"Singing Bowl","floor":40.0},{"not_picked":["WindmillStrike+1","Conclude+1","CrushJoints+1"],"picked":"Fasting2+1","floor":42.0},{"not_picked":["Panache+1","Bandage Up","HandOfGreed+1"],"picked":"Secret Weapon","floor":44.0},{"not_picked":["Panache+1","Discovery","Madness","Trip"],"picked":"Singing Bowl","floor":44.0},{"not_picked":["Deep Breath","Enlightenment","Good Instincts"],"picked":"Dark Shackles","floor":44.0},{"not_picked":["EmptyBody","Consecrate+1","EmptyMind+1","Evaluate+1"],"picked":"Singing Bowl","floor":45.0},{"not_picked":["Devotion+1","Protect","Halt+1"],"picked":"Wallop+1","floor":47.0},{"not_picked":["EmptyBody","EmptyMind","FollowUp+1","Protect+1"],"picked":"Singing Bowl","floor":48.0},{"not_picked":["FlurryOfBlows+1","WindmillStrike+1","Prostrate","Evaluate+1"],"picked":"Singing Bowl","floor":55.0}],"player_experience":937514,"relics_obtained":[{"floor":7.0,"key":"Du-Vu Doll"},{"floor":9.0,"key":"Singing Bowl"},{"floor":12.0,"key":"Nunchaku"},{"floor":25.0,"key":"Molten Egg 2"},{"floor":25.0,"key":"Frozen Egg 2"},{"floor":26.0,"key":"Oddly Smooth Stone"},{"floor":27.0,"key":"Bronze Scales"},{"floor":27.0,"key":"Bottled Lightning"},{"floor":29.0,"key":"Red Mask"},{"floor":37.0,"key":"Gambling Chip"},{"floor":39.0,"key":"Old Coin"},{"floor":40.0,"key":"Question Card"},{"floor":40.0,"key":"Centennial Puzzle"},{"floor":45.0,"key":"Meat on the Bone"},{"floor":45.0,"key":"Dead Branch"},{"floor":47.0,"key":"Juzu Bracelet"},{"floor":47.0,"key":"Dream Catcher"},{"floor":55.0,"key":"Ornamental Fan"},{"floor":55.0,"key":"Turnip"}],"event_choices":[{"cards_removed":["Defend_P"],"damage_healed":0.0,"max_hp_gain":0.0,"max_hp_loss":0.0,"gold_gain":0.0,"event_name":"Golden Wing","player_choice":"Card Removal","floor":2.0,"gold_loss":0.0,"damage_taken":7.0},{"damage_healed":0.0,"max_hp_gain":5.0,"max_hp_loss":0.0,"gold_gain":0.0,"event_name":"Big Fish","player_choice":"Donut","floor":3.0,"gold_loss":0.0,"damage_taken":0.0},{"damage_healed":0.0,"max_hp_gain":0.0,"max_hp_loss":0.0,"gold_gain":0.0,"event_name":"Lab","player_choice":"Got Potions","floor":5.0,"gold_loss":0.0,"damage_taken":0.0},{"damage_healed":0.0,"max_hp_gain":0.0,"max_hp_loss":0.0,"gold_gain":0.0,"event_name":"Cursed Tome","player_choice":"Ignored","floor":24.0,"gold_loss":0.0,"damage_taken":0.0},{"damage_healed":0.0,"max_hp_gain":0.0,"max_hp_loss":0.0,"gold_gain":0.0,"event_name":"Masked Bandits","player_choice":"Fought Bandits","floor":29.0,"gold_loss":0.0,"damage_taken":0.0},{"damage_healed":0.0,"max_hp_gain":0.0,"max_hp_loss":0.0,"gold_gain":0.0,"event_name":"FaceTrader","player_choice":"Trade","floor":31.0,"gold_loss":0.0,"damage_taken":0.0,"relics_obtained":["FaceOfCleric"]},{"damage_healed":0.0,"max_hp_gain":0.0,"max_hp_loss":4.0,"gold_gain":0.0,"event_name":"Winding Halls","player_choice":"Max HP","floor":36.0,"gold_loss":0.0,"damage_taken":0.0},{"damage_healed":0.0,"max_hp_gain":0.0,"max_hp_loss":0.0,"gold_gain":0.0,"event_name":"Mysterious Sphere","player_choice":"Fight","floor":37.0,"gold_loss":0.0,"damage_taken":0.0},{"damage_healed":0.0,"max_hp_gain":0.0,"max_hp_loss":0.0,"gold_gain":0.0,"event_name":"MindBloom","player_choice":"Fight","floor":39.0,"gold_loss":0.0,"damage_taken":0.0},{"damage_healed":0.0,"max_hp_gain":0.0,"max_hp_loss":0.0,"gold_gain":0.0,"event_name":"SensoryStone","player_choice":"Memory 3","floor":44.0,"gold_loss":0.0,"damage_taken":10.0}],"is_beta":false,"boss_relics":[{"not_picked":["Coffee Dripper","Ectoplasm"],"picked":"Black Star"},{"not_picked":["Runic Dome","Calling Bell"],"picked":"Velvet Choker"}],"items_purged_floors":[38,54],"is_endless":false,"potions_floor_spawned":[8,12,14,18,19,25,33,35,37,39,40,48],"killed_by":"The Heart","ascension_level":20}}