{"host":"0xtpc43j5kblke7u","time":1613450139,"event":{"mods":["AchievementEnabler","BaseMod","Colored Map","Highlight Path","Minty Spire (QoL Compilation)"],"gold_per_floor":[110,120,52,67,67,67,67,67,67],"floor_reached":8,"language":"ENG","playtime":299,"items_purged":[],"score":71,"play_id":"303244d1-c398-4ea5-a099-2e4678833f28","local_time":"20210215233539","is_ascension_mode":true,"campfire_choices":[{"data":"Hemokinesis","floor":7,"key":"SMITH"}],"circlet_count":0,"master_deck":["AscendersBane","Strike_R","Strike_R","Strike_R","Strike_R","Strike_R","Defend_R","Defend_R","Defend_R+1","Defend_R","Bash+1","Panacea+1","Intimidate","Ghostly Armor","Hemokinesis+1","Shrug It Off"],"relics":["Burning Blood"],"acts_visited":["Exordium"],"potions_floor_usage":[],"damage_taken":[{"damage":6,"enemies":"Cultist","floor":1,"turns":3},{"damage":10,"enemies":"2 Louse","floor":2,"turns":4},{"damage":11,"enemies":"Jaw Worm","floor":4,"turns":4},{"damage":54,"enemies":"Gremlin Nob","floor":8,"turns":5}],"seed_played":"1787264980397159282","potions_obtained":[],"is_trial":false,"path_per_floor":["M","M","$","M","?","?","R","E"],"character_chosen":"IRONCLAD","items_purchased":["Hemokinesis"],"campfire_rested":0,"item_purchase_floors":[3],"current_hp_per_floor":[72,68,68,63,63,47,47,0,0],"gold":67,"neow_bonus":"RANDOM_COLORLESS","is_daily":false,"chose_seed":false,"campfire_upgraded":1,"win_rate":0.0,"timestamp":1613450139,"path_taken":["M","?","$","M","?","?","R","E"],"items_purchased_type":["Card"],"build_version":"2020-12-22","purchased_purges":0,"victory":false,"max_hp_per_floor":[80,80,80,80,80,80,80,80,80],"card_choices":[{"not_picked":["Forethought","Madness"],"picked":"Panacea","floor":0},{"not_picked":["Headbutt","Clash"],"picked":"Intimidate","floor":1},{"not_picked":["True Grit","Armaments"],"picked":"Ghostly Armor","floor":2},{"not_picked":["Pummel","Sever Soul"],"picked":"Shrug It Off","floor":4}],"player_experience":687979,"relics_obtained":[],"event_choices":[{"damage_healed":0,"gold_gain":0,"player_choice":"Grow","damage_taken":0,"max_hp_gain":0,"max_hp_loss":0,"event_name":"Living Wall","floor":5,"gold_loss":0,"cards_upgraded":["Bash"]},{"damage_healed":0,"gold_gain":0,"player_choice":"Entered Light","damage_taken":16,"max_hp_gain":0,"max_hp_loss":0,"event_name":"Shining Light","floor":6,"gold_loss":0,"cards_upgraded":["Panacea","Defend_R"]}],"is_beta":false,"boss_relics":[],"items_purged_floors":[],"is_endless":false,"potions_floor_spawned":[],"killed_by":"Gremlin Nob","ascension_level":11}}