{"host":"pj7egx7jkoz18hom","time":1613484890,"event":{"mods":["AchievementEnabler","BaseMod","Keyboard Shortcuts","Minty Spire (QoL Compilation)","SuperFastMode"],"gold_per_floor":[119,119,142,158,178,213,213,246,314,338,338,38,79,94,94,214,214,234,333,333,349,368,403,403,418,488,94,110,110,130,151,151,151,151],"floor_reached":33,"language":"KOR","playtime":1305,"items_purged":["Bouncing Flask","Strike_G"],"score":320,"play_id":"588d8560-2dc3-42ed-8c05-88cc91363704","local_time":"20210216231450","is_ascension_mode":true,"campfire_choices":[{"data":"Footwork","floor":11,"key":"SMITH"},{"data":"Storm of Steel","floor":15,"key":"SMITH"},{"floor":29,"key":"REST"},{"floor":32,"key":"REST"}],"circlet_count":0,"master_deck":["Strike_G","Strike_G","Strike_G","Defend_G+1","Defend_G","Defend_G","Defend_G","Defend_G","Survivor","Neutralize","Die Die Die","Footwork+1","All Out Attack","Infinite Blades","Dagger Throw","Blade Dance+1","Finisher","Storm of Steel+1","Reflex","Cloak And Dagger","Blade Dance"],"relics":["Ring of the Snake","Golden Idol","Boot","The Specimen","Meat on the Bone","TwistedFunnel","Potion Belt","Runic Pyramid","Mummified Hand","InkBottle","Bottled Flame","Pen Nib","ClockworkSouvenir"],"acts_visited":["Exordium","TheCity"],"potions_floor_usage":[6,10,16,16,25,28],"damage_taken":[{"damage":2,"enemies":"Jaw Worm","floor":1,"turns":4},{"damage":0,"enemies":"2 Louse","floor":3,"turns":2},{"damage":0,"enemies":"Small Slimes","floor":4,"turns":2},{"damage":4,"enemies":"Exordium Thugs","floor":5,"turns":5},{"damage":14,"enemies":"Gremlin Nob","floor":6,"turns":4},{"damage":4,"enemies":"3 Sentries","floor":8,"turns":5},{"damage":2,"enemies":"Exordium Wildlife","floor":10,"turns":2},{"damage":17,"enemies":"Lagavulin","floor":13,"turns":5},{"damage":0,"enemies":"Blue Slaver","floor":14,"turns":1},{"damage":31,"enemies":"The Guardian","floor":16,"turns":10},{"damage":0,"enemies":"3 Byrds","floor":18,"turns":2},{"damage":10,"enemies":"Shell Parasite","floor":21,"turns":3},{"damage":9,"enemies":"Cultist and Chosen","floor":22,"turns":5},{"damage":26,"enemies":"Book of Stabbing","floor":23,"turns":5},{"damage":6,"enemies":"Centurion and Healer","floor":25,"turns":3},{"damage":28,"enemies":"Snake Plant","floor":28,"turns":3},{"damage":0,"enemies":"3 Cultists","floor":30,"turns":3},{"damage":4,"enemies":"Snecko","floor":31,"turns":3},{"damage":55,"enemies":"Collector","floor":33,"turns":6}],"seed_played":"-2893369515368357455","potions_obtained":[{"floor":3,"key":"Explosive Potion"},{"floor":5,"key":"LiquidBronze"},{"floor":6,"key":"Block Potion"},{"floor":13,"key":"PowerPotion"},{"floor":18,"key":"Ancient Potion"},{"floor":22,"key":"Explosive Potion"},{"floor":23,"key":"Fire Potion"},{"floor":28,"key":"Fruit Juice"}],"is_trial":false,"path_per_floor":["M","?","M","M","M","E","?","E","T","M","R","$","E","M","R","B",null,"M","?","?","M","M","E","T","M","T","$","M","R","M","M","R","B"],"character_chosen":"THE_SILENT","items_purchased":["Storm of Steel","TwistedFunnel","Pen Nib","ClockworkSouvenir"],"campfire_rested":2,"item_purchase_floors":[12,12,27,27],"current_hp_per_floor":[61,58,58,58,54,40,28,24,24,34,34,34,29,41,41,22,58,58,58,58,48,39,25,25,31,31,31,20,38,38,34,52,0,0],"gold":151,"neow_bonus":"THREE_RARE_CARDS","is_daily":false,"chose_seed":false,"campfire_upgraded":2,"win_rate":0.0,"timestamp":1613484890,"path_taken":["M","?","M","M","M","E","?","E","T","M","R","?","E","M","R","BOSS","M","?","?","M","?","E","?","M","T","$","M","R","M","M","R","BOSS"],"items_purchased_type":["Card","Relic","Relic","Relic"],"build_version":"2020-12-22","purchased_purges":2,"victory":false,"max_hp_per_floor":[63,58,58,58,58,58,58,58,58,58,58,58,58,58,58,58,58,58,58,58,58,58,58,58,58,58,58,63,63,63,63,63,63,63],"card_choices":[{"not_picked":["Venomology","Malaise"],"picked":"Die Die Die","floor":0},{"not_picked":["Bane","Deadly Poison"],"picked":"Footwork","floor":1},{"not_picked":["Quick Slash","Masterful Stab"],"picked":"All Out Attack","floor":3},{"not_picked":["All Out Attack","Deadly Poison"],"picked":"Infinite Blades","floor":4},{"not_picked":["Poisoned Stab","Outmaneuver"],"picked":"Dagger Throw","floor":5},{"not_picked":["Quick Slash","Footwork"],"picked":"Blade Dance","floor":6},{"not_picked":["Flying Knee","Poisoned Stab"],"picked":"Bouncing Flask","floor":8},{"not_picked":["Terror","Prepared"],"picked":"Finisher","floor":10},{"not_picked":["Slice","Malaise"],"picked":"Reflex","floor":13},{"not_picked":["Expertise","Poisoned Stab"],"picked":"Cloak And Dagger","floor":14},{"not_picked":["Dodge and Roll","Underhanded Strike+1","Dash"],"picked":"SKIP","floor":18},{"not_picked":["Blur","Finisher+1","Backflip"],"picked":"SKIP","floor":21},{"not_picked":["Dagger Throw+1","Dagger Spray"],"picked":"Blade Dance","floor":22},{"not_picked":["Deflect","Quick Slash","Flechettes"],"picked":"SKIP","floor":23},{"not_picked":["Slice+1","Underhanded Strike","Heel Hook+1"],"picked":"SKIP","floor":25},{"not_picked":["Finisher","Dagger Throw+1","Endless Agony"],"picked":"SKIP","floor":28},{"not_picked":["Cloak And Dagger","Slice","Venomology"],"picked":"SKIP","floor":30},{"not_picked":["Slice+1","Dash+1","Acrobatics"],"picked":"SKIP","floor":31}],"player_experience":119705,"relics_obtained":[{"floor":6,"key":"Boot"},{"floor":8,"key":"The Specimen"},{"floor":9,"key":"Meat on the Bone"},{"floor":13,"key":"Potion Belt"},{"floor":23,"key":"Mummified Hand"},{"floor":24,"key":"InkBottle"},{"floor":26,"key":"Bottled Flame"}],"event_choices":[{"damage_healed":0,"gold_gain":0,"player_choice":"Lose Max HP","damage_taken":0,"relics_obtained":["Golden Idol"],"max_hp_gain":0,"max_hp_loss":5,"event_name":"Golden Idol","floor":2,"gold_loss":0},{"damage_healed":0,"gold_gain":0,"player_choice":"Entered Light","damage_taken":12,"max_hp_gain":0,"max_hp_loss":0,"event_name":"Shining Light","floor":7,"gold_loss":0,"cards_upgraded":["Blade Dance","Defend_G"]},{"damage_healed":0,"gold_gain":99,"player_choice":"Stole From Cult","damage_taken":0,"max_hp_gain":0,"max_hp_loss":0,"event_name":"Nest","floor":19,"gold_loss":0},{"cards_removed":["Strike_G"],"damage_healed":0,"gold_gain":0,"player_choice":"Card Removal","damage_taken":0,"max_hp_gain":0,"max_hp_loss":0,"event_name":"Wheel of Change","floor":20,"gold_loss":0}],"is_beta":false,"boss_relics":[{"not_picked":["Astrolabe","SacredBark"],"picked":"Runic Pyramid"}],"items_purged_floors":[12,27],"is_endless":false,"potions_floor_spawned":[3,5,6,13,18,22,23,28],"killed_by":"Collector","ascension_level":2}}