{"host":"njcl8kinlkfw245p","time":1613511970,"event":{"mods":["BaseMod","Block Reminder","Colored Map","Googly Eyes","KinomotoSakuraMod(????)","Minty Spire (QoL Compilation)","StSLib","The Senshi","Unceasing Turn Reminder","everything is the same but u backflip on backflip"],"gold_per_floor":[119,269,279,153,173,173,173,201,201,201,24,58,78,110,110,184,184,197,229,239,239,258,258,258],"floor_reached":23,"language":"ENG","playtime":1545,"items_purged":["Doubt"],"score":458,"play_id":"6c2f92dd-6f23-4173-bf46-f3ea5d369bbc","local_time":"20210216134610","is_ascension_mode":true,"campfire_choices":[{"data":"theSenshi:MoonPrismPowerMakeUp","floor":6,"key":"SMITH"},{"floor":10,"key":"REST"},{"data":"theSenshi:MoonCrystalPowerMakeUp","floor":15,"key":"SMITH"}],"circlet_count":0,"master_deck":["AscendersBane","theSenshi:SailorKick","theSenshi:SailorKick","theSenshi:SailorKick","theSenshi:SailorBlock","theSenshi:SailorBlock","theSenshi:SailorBlock","theSenshi:SailorBlock","theSenshi:RoseThrow","theSenshi:MoonPrismPowerMakeUp+1","CurseOfTheBell","theSenshi:MoonKick","theSenshi:UranusStrength","theSenshi:SailorJupiterAssists","theSenshi:SailorChibiMoonAssists","theSenshi:SailorMarsAssists","theSenshi:SailorJupiterAssists","theSenshi:TuxedoMaskAssists","theSenshi:MoonCrystalPowerMakeUp+1","theSenshi:SailorV","theSenshi:SailorMercuryAssists","theSenshi:MoonHealingEscalation","theSenshi:MoonGorgeousMeditation","theSenshi:SchoolBag+1","theSenshi:SailorVenusAssists","theSenshi:MoonTiaraMagic","Decay","theSenshi:MoonCosmicPowerMakeUp+1"],"relics":["Calling Bell","theSenshi:CutieMoonRodRelic","InkBottle","Mango","Ornamental Fan","PreservedInsect","Pen Nib","Darkstone Periapt","Sozu","Red Mask"],"acts_visited":["Exordium","TheCity"],"potions_floor_usage":[20,23],"damage_taken":[{"damage":2,"enemies":"Cultist","floor":1,"turns":5},{"damage":13,"enemies":"2 Louse","floor":3,"turns":3},{"damage":2,"enemies":"Small Slimes","floor":5,"turns":4},{"damage":34,"enemies":"Gremlin Nob","floor":8,"turns":6},{"damage":8,"enemies":"Lagavulin","floor":12,"turns":5},{"damage":9,"enemies":"Blue Slaver","floor":13,"turns":4},{"damage":0,"enemies":"Gremlin Nob","floor":14,"turns":2},{"damage":22,"enemies":"Hexaghost","floor":16,"turns":12},{"damage":31,"enemies":"Chosen","floor":18,"turns":7},{"damage":19,"enemies":"Masked Bandits","floor":19,"turns":5},{"damage":8,"enemies":"2 Thieves","floor":20,"turns":5},{"damage":23,"enemies":"Shelled Parasite and Fungi","floor":22,"turns":5},{"damage":12,"enemies":"Slavers","floor":23,"turns":3}],"seed_played":"3661547186081293007","potions_obtained":[{"floor":5,"key":"BlessingOfTheForge"},{"floor":12,"key":"Block Potion"}],"is_trial":false,"path_per_floor":["M","?","M","$","M","R","?","E","T","R","$","E","M","E","R","B",null,"M","?","M","?","M","E"],"character_chosen":"THE_SENSHI","items_purchased":["theSenshi:SailorJupiterAssists","theSenshi:SailorJupiterAssists","theSenshi:TuxedoMaskAssists","theSenshi:MoonCrystalPowerMakeUp"],"campfire_rested":1,"item_purchase_floors":[4,11,11,11],"current_hp_per_floor":[80,80,67,67,65,65,58,24,24,50,50,42,33,33,33,21,72,46,27,24,30,7,0,0],"gold":258,"neow_bonus":"BOSS_RELIC","is_daily":false,"chose_seed":false,"campfire_upgraded":2,"win_rate":0.0,"timestamp":1613511970,"path_taken":["M","?","M","$","M","R","?","E","T","R","$","E","M","E","R","BOSS","M","?","M","?","M","E"],"items_purchased_type":["Card","Card","Card","Card"],"build_version":"2020-12-22","purchased_purges":1,"victory":false,"max_hp_per_floor":[89,89,89,89,89,89,89,89,89,89,89,89,89,89,89,89,89,89,89,89,95,95,95,95],"card_choices":[{"not_picked":["theSenshi:TallSilhouette","theSenshi:SailorChibiMoonAssists"],"picked":"theSenshi:MoonKick","floor":1},{"not_picked":["theSenshi:TuxedoSmokingBomber","theSenshi:SailorMarsAssists"],"picked":"theSenshi:UranusStrength","floor":3},{"not_picked":["theSenshi:RainbowMoonHeartAche","theSenshi:TallSilhouette"],"picked":"theSenshi:SailorChibiMoonAssists","floor":5},{"not_picked":["theSenshi:GatheringStrength","theSenshi:SilverCrystal"],"picked":"theSenshi:SailorMarsAssists","floor":8},{"not_picked":["theSenshi:EncouragingSpeech","theSenshi:SchoolBag"],"picked":"theSenshi:SailorV","floor":12},{"not_picked":["theSenshi:MoonKick","theSenshi:MoonPower"],"picked":"theSenshi:SailorMercuryAssists","floor":13},{"not_picked":["theSenshi:RainbowMoonHeartAche","theSenshi:MoonTwilightFlash"],"picked":"theSenshi:MoonHealingEscalation","floor":14},{"not_picked":["theSenshi:SailorPlutoAssists","theSenshi:SailorSaturnAssists"],"picked":"theSenshi:MoonGorgeousMeditation","floor":16},{"not_picked":["theSenshi:SteeledNerves","theSenshi:SailorStarMakerAssists"],"picked":"theSenshi:SchoolBag+1","floor":18},{"not_picked":["theSenshi:TuxedoMaskAssists","theSenshi:SailorNeptuneAssists"],"picked":"theSenshi:SailorVenusAssists","floor":19},{"not_picked":["theSenshi:SailorMarsAssists","theSenshi:MoonPower"],"picked":"theSenshi:MoonTiaraMagic","floor":20},{"not_picked":["theSenshi:SailorStarFighterAssists","theSenshi:MoonKick"],"picked":"theSenshi:MoonCosmicPowerMakeUp+1","floor":22}],"player_experience":945504,"relics_obtained":[{"floor":0,"key":"theSenshi:CutieMoonRodRelic"},{"floor":0,"key":"InkBottle"},{"floor":0,"key":"Mango"},{"floor":8,"key":"Ornamental Fan"},{"floor":9,"key":"PreservedInsect"},{"floor":12,"key":"Pen Nib"},{"floor":14,"key":"Darkstone Periapt"},{"floor":19,"key":"Red Mask"}],"event_choices":[{"damage_healed":0,"gold_gain":150,"player_choice":"AGREE","damage_taken":0,"max_hp_gain":0,"max_hp_loss":0,"event_name":"Liars Game","floor":2,"gold_loss":0,"cards_obtained":["Doubt"]},{"cards_removed":["theSenshi:SailorKick"],"damage_healed":0,"gold_gain":0,"player_choice":"Card Removal","damage_taken":7,"max_hp_gain":0,"max_hp_loss":0,"event_name":"Golden Wing","floor":7,"gold_loss":0},{"damage_healed":0,"gold_gain":0,"player_choice":"Fought Bandits","damage_taken":0,"max_hp_gain":0,"max_hp_loss":0,"event_name":"Masked Bandits","floor":19,"gold_loss":0},{"damage_healed":0,"gold_gain":0,"player_choice":"Smashed Altar","damage_taken":0,"max_hp_gain":0,"max_hp_loss":0,"event_name":"Forgotten Altar","floor":21,"gold_loss":0,"cards_obtained":["Decay"]}],"is_beta":false,"boss_relics":[{"not_picked":["Coffee Dripper","SacredBark"],"picked":"Sozu"}],"items_purged_floors":[4],"is_endless":false,"potions_floor_spawned":[5,12,13,18,20,22],"killed_by":"Slavers","ascension_level":17}}