{"host":"96dqtlax74dz00hw","time":1613504188,"event":{"mods":["Bard","BaseMod","Better Altar","ChefMod","Colored Powertips","Downfall","Hermit","Minty Spire (QoL Compilation)","Permanent Neow","Rare Cards Sparkle","StSLib","The Cursed","The Disciple","The Edgeheg","The IronCluck","The Problem Sleuth"],"gold_per_floor":[99,112,131,194,212,312,335,335,335,369,369,469,369,383,400,497,497,497,509,521,120,132,164,189,89,105,121,152,152,163,163,175,175,175,175],"floor_reached":33,"language":"ENG","playtime":2227,"items_purged":["bronze:Strike"],"score":389,"play_id":"bc32d3e4-1958-4893-b4af-d8fff043dd8b","local_time":"20210216113628","is_ascension_mode":false,"campfire_choices":[{"data":"bronze:Goto","floor":1.0,"key":"SMITH"},{"data":"bronze:Replicate","floor":9,"key":"SMITH"},{"floor":11,"key":"RECALL"},{"floor":13,"key":"REST"},{"data":"bronze:ItsAFeature","floor":18,"key":"SMITH"},{"data":"bronze:Flail","floor":25,"key":"SMITH"}],"circlet_count":0,"master_deck":["bronze:Strike+1","bronze:Strike","bronze:Strike+1","bronze:Defend","bronze:Defend","bronze:Defend","bronze:Defend","bronze:Replicate+1","bronze:Goto+1","bronze:FineTuning","bronze:WhirlingStrike+1","bronze:FineTuning","bronze:BronzeOrb","bronze:ItsAFeature+1","bronze:Flail+1","bronze:AlphaBuild+1","CurseOfTheBell","bronze:Branch+1","bronze:WhirlingStrike+1","bronze:ThunderWave+1","bronze:Iterate+1","bronze:DelayedGuard+1","bronze:Boost+1","bronze:Format","bronze:Return+1","bronze:ChildClass"],"relics":["bronze:BronzeCore","Whetstone","Vajra","Bag of Preparation","Anchor","White Beast Statue","downfall:HeartBlessingRed","Calling Bell","Orichalcum","Molten Egg 2","Mango","bronze:ProtectiveGoggles","Ancient Tea Set","downfall:HeartBlessingBlue","Boot"],"acts_visited":["Exordium","TheCity"],"potions_floor_usage":[12,14,16,16,20,21,22,27,28,30,30,33],"damage_taken":[{"damage":4.0,"enemies":"2 Louse","floor":2.0,"turns":3.0},{"damage":1.0,"enemies":"Jaw Worm","floor":3.0,"turns":3.0},{"damage":8.0,"enemies":"Gremlin Nob","floor":4.0,"turns":3.0},{"damage":0.0,"enemies":"Cultist","floor":5.0,"turns":2.0},{"damage":11,"enemies":"Lagavulin","floor":10,"turns":5},{"damage":40,"enemies":"downfall:LadyInBlue","floor":12,"turns":10},{"damage":0,"enemies":"Gremlin Gang","floor":14,"turns":2},{"damage":0,"enemies":"Large Slime","floor":15,"turns":3},{"damage":0,"enemies":"IC_STATUS_ARCHETYPE","floor":16,"turns":4},{"damage":8,"enemies":"Chosen","floor":19,"turns":5},{"damage":0,"enemies":"3 Byrds","floor":20,"turns":4},{"damage":0,"enemies":"downfall:FleeingMerchant","floor":21,"turns":4},{"damage":9,"enemies":"Snecko","floor":22,"turns":4},{"damage":28,"enemies":"Book of Stabbing","floor":23,"turns":4},{"damage":0,"enemies":"Snake Plant","floor":26,"turns":2},{"damage":0,"enemies":"Centurion and Healer","floor":27,"turns":2},{"damage":9,"enemies":"Slavers","floor":28,"turns":5},{"damage":31,"enemies":"3 Cultists","floor":30,"turns":6},{"damage":3,"enemies":"Snake Plant","floor":32,"turns":3},{"damage":87,"enemies":"SI_MIRROR_ARCHETYPE","floor":33,"turns":12}],"seed_played":"7998954977417856464","potions_obtained":[{"floor":3.0,"key":"DistilledChaos"},{"floor":10,"key":"SpeedPotion"},{"floor":12,"key":"Explosive Potion"},{"floor":12,"key":"EssenceOfSteel"},{"floor":12,"key":"Ancient Potion"},{"floor":14,"key":"Guardian:BlockOnCardUsePotion"},{"floor":16,"key":"bronze:CleanCodePotion"},{"floor":19,"key":"PowerPotion"},{"floor":20,"key":"champ:CounterPotion"},{"floor":21,"key":"GamblersBrew"},{"floor":22,"key":"Swift Potion"},{"floor":23,"key":"Energy Potion"},{"floor":26,"key":"FairyPotion"},{"floor":27,"key":"Energy Potion"},{"floor":28,"key":"bronze:CleanCodePotion"},{"floor":30,"key":"Fruit Juice"},{"floor":32,"key":"SteroidPotion"}],"is_trial":false,"path_per_floor":["R","M","M","?","M","?","T","?","R","E","R","?","R","M","M","B",null,"R","M","M","$","M","E","T","R","M","M","E","?","M","?","M","B"],"character_chosen":"THE_AUTOMATON","items_purchased":["bronze:ProtectiveGoggles","bronze:ThunderWave+1"],"campfire_rested":1,"item_purchase_floors":[21,21],"current_hp_per_floor":[70,66,65,57,57,57,57,58,58,47,47,7,28,28,28,28,85,85,77,77,77,68,40,40,50,50,50,41,41,15,48,45,0,0,0],"gold":175,"neow_bonus":"RANDOM_COMMON_RELIC","is_daily":false,"chose_seed":false,"campfire_upgraded":4,"win_rate":0.0,"timestamp":1613504188,"path_taken":["R","M","M","?","M","?","T","?","R","E","R","?","R","M","M","BOSS","R","M","M","$","M","E","T","R","M","M","E","?","?","?","M","BOSS"],"items_purchased_type":["Relic","Card"],"build_version":"2020-12-22","purchased_purges":1,"victory":false,"max_hp_per_floor":[70,70,70,70,70,70,70,71,71,71,71,71,71,71,71,71,85,85,85,85,85,85,85,85,95,95,95,95,95,100,100,100,100,100,100],"card_choices":[{"not_picked":["bronze:Frontload","bronze:Invalidate"],"picked":"bronze:FineTuning","floor":2.0},{"not_picked":["bronze:DelayedGuard","bronze:Shield"],"picked":"bronze:WhirlingStrike","floor":3.0},{"not_picked":["bronze:DelayedGuard","bronze:WhirlingStrike"],"picked":"bronze:FineTuning","floor":4.0},{"not_picked":["bronze:FollowUp","bronze:Backtrace"],"picked":"bronze:BronzeOrb","floor":5},{"not_picked":["bronze:DarkDash","bronze:Deprecate","bronze:Invalidate"],"picked":"SKIP","floor":10},{"not_picked":["bronze:Backtrace","bronze:ThunderWave"],"picked":"bronze:ItsAFeature","floor":14},{"not_picked":["bronze:Overheat","bronze:Frontload"],"picked":"bronze:Flail","floor":15},{"not_picked":["bronze:FindAndReplace","bronze:SpaghettiCode"],"picked":"bronze:AlphaBuild","floor":16},{"not_picked":["bronze:Turbo","bronze:GetLatest"],"picked":"bronze:Branch+1","floor":19},{"not_picked":["bronze:DarkDash+1","bronze:FineTuning","bronze:Overheat+1"],"picked":"SKIP","floor":20},{"not_picked":["bronze:Shield","bronze:BuggyMess"],"picked":"bronze:WhirlingStrike+1","floor":21},{"not_picked":["bronze:CloningBeam+1","bronze:WhirlingStrike+1"],"picked":"bronze:Iterate+1","floor":22},{"not_picked":["bronze:Optimize","bronze:Turbo"],"picked":"bronze:DelayedGuard+1","floor":23},{"not_picked":["bronze:ForLoop","bronze:Shell","bronze:BitShift"],"picked":"SKIP","floor":26},{"not_picked":["bronze:BugBarrage+1","bronze:WildBeam+1"],"picked":"bronze:Boost","floor":27},{"not_picked":["bronze:Deprecate+1","bronze:Overheat+1"],"picked":"bronze:Format","floor":28},{"not_picked":["bronze:BitShift","bronze:Turbo+1"],"picked":"bronze:Return+1","floor":30},{"not_picked":["bronze:Overload","bronze:DelayedSlice+1"],"picked":"bronze:ChildClass","floor":32}],"player_experience":922820,"relics_obtained":[{"floor":4.0,"key":"Vajra"},{"floor":7,"key":"Bag of Preparation"},{"floor":10,"key":"Anchor"},{"floor":12,"key":"White Beast Statue"},{"floor":17,"key":"Orichalcum"},{"floor":17,"key":"Molten Egg 2"},{"floor":17,"key":"Mango"},{"floor":23,"key":"Ancient Tea Set"},{"floor":28,"key":"Boot"}],"event_choices":[{"damage_healed":33,"gold_gain":0,"player_choice":"Heal","damage_taken":0,"max_hp_gain":0,"max_hp_loss":0,"event_name":"The Library","floor":31,"gold_loss":0}],"is_beta":false,"boss_relics":[{"not_picked":["Velvet Choker","Busted Crown"],"picked":"Calling Bell"}],"items_purged_floors":[21],"is_endless":false,"potions_floor_spawned":[3,10,14,15,16,19,20,21,22,23,26,27,28,30,32],"killed_by":"SI_MIRROR_ARCHETYPE","ascension_level":0}}