{"host":"2m6tiise24ys9klz","time":1613438392,"event":{"mods":["BaseMod","Better Third Choice","Colored Map","Downfall","Highlight Path","Minty Spire (QoL Compilation)","StSLib"],"gold_per_floor":[99,117,131,131,131,147,147,157,183,198,98,132,32,17,31,127,127,27,42,42,27,37,37,63,63,75,75,75,106,122,155,175,273,273,273,290,290,290,303,314,314,396,426,426,445,246,278,293,307,307,307,342,121,121,121,121,121,121],"floor_reached":56,"language":"ENG","playtime":4114,"items_purged":["Doubt","Writhe"],"score":824,"play_id":"79ff61c9-e76d-44bd-ab52-2446727df412","local_time":"20210215171952","is_ascension_mode":false,"campfire_choices":[{"data":"champ:Taunt","floor":1.0,"key":"SMITH"},{"data":"champ:FanOfKnives","floor":11.0,"key":"SMITH"},{"floor":13.0,"key":"RECALL"},{"data":"champ:Improvising","floor":18.0,"key":"SMITH"},{"data":"champ:EnragedBash","floor":23.0,"key":"SMITH"},{"data":"champ:Devastate","floor":35.0,"key":"SMITH"},{"floor":54,"key":"REST"}],"circlet_count":0,"master_deck":["champ:Strike","champ:Strike","champ:Defend","champ:Defend","champ:Execute+1","champ:Taunt+1","champ:CrookedStrike","champ:EnragedBash+1","champ:Endure","champ:AdrenalArmor","champ:FanOfKnives+1","champ:Shatter","champ:Encircle","champ:BringItOn+1","champ:Improvising+1","champ:BladeFlurry+1","champ:SetATrap+1","champ:GladiatorStyle+1","champ:Duel+1","champ:RisingSlash","champ:BerserkersShout+1","champ:Lariat+1","champ:EnGarde+1","champ:CheapShot","champ:Devastate+1","champ:Haymaker+1","champ:SetATrap+1","champ:AdrenalArmor+1","champ:Endure+1","champ:IronFortress","expansioncontent:GuardianWhirl","champ:FocusedBerserking+1","expansioncontent:PrepareCrush+1","expansioncontent:Chronoboost","expansioncontent:PolyBeam","champ:VampiricStrike","champ:ShieldWall","champ:Improvising+1"],"relics":["champ:ChampionCrown","Strawberry","champ:LiftRelic","champ:FightingForDummies","downfall:HeartBlessingBlue","Toxic Egg 2","downfall:HeartBlessingGreen","Astrolabe","downfall:HeartBlessingRed","Art of War","hexamod:BolsterEngine","downfall:ExtraCursedKey","Centennial Puzzle","Bag of Preparation","Philosopher\u0027s Stone","Ornamental Fan","Whetstone","hexamod:Sixitude","Vajra","DollysMirror"],"acts_visited":["Exordium","TheCity","TheBeyond","TheEnding"],"potions_floor_usage":[50,50,55,55,55,55],"damage_taken":[{"damage":13.0,"enemies":"2 Louse","floor":2.0,"turns":3.0},{"damage":10.0,"enemies":"Small Slimes","floor":3.0,"turns":3.0},{"damage":16.0,"enemies":"Jaw Worm","floor":6.0,"turns":4.0},{"damage":20.0,"enemies":"Exordium Thugs","floor":8.0,"turns":6.0},{"damage":15.0,"enemies":"downfall:LooterAlt","floor":10.0,"turns":3.0},{"damage":54.0,"enemies":"Lagavulin","floor":12.0,"turns":7.0},{"damage":35.0,"enemies":"downfall:FleeingMerchant","floor":14.0,"turns":4.0},{"damage":1.0,"enemies":"Red Slaver","floor":15.0,"turns":3.0},{"damage":34.0,"enemies":"IC_STATUS_ARCHETYPE","floor":16.0,"turns":7.0},{"damage":30.0,"enemies":"Chosen","floor":19.0,"turns":3.0},{"damage":25.0,"enemies":"downfall:FleeingMerchant","floor":21.0,"turns":4.0},{"damage":0.0,"enemies":"Spheric Guardian","floor":22.0,"turns":1.0},{"damage":40.0,"enemies":"Snecko","floor":26.0,"turns":4.0},{"damage":41.0,"enemies":"Slavers","floor":29.0,"turns":4.0},{"damage":15.0,"enemies":"Centurion and Healer","floor":30.0,"turns":4.0},{"damage":41.0,"enemies":"Book of Stabbing","floor":31.0,"turns":3.0},{"damage":10.0,"enemies":"Sentry and Sphere","floor":32.0,"turns":1.0},{"damage":66.0,"enemies":"SI_MIRROR_ARCHETYPE","floor":33.0,"turns":7.0},{"damage":25.0,"enemies":"Orb Walker","floor":36.0,"turns":2.0},{"damage":6.0,"enemies":"3 Shapes","floor":39.0,"turns":3.0},{"damage":47.0,"enemies":"Writhing Mass","floor":40.0,"turns":3.0},{"damage":13.0,"enemies":"downfall:FleeingMerchant","floor":42.0,"turns":4.0},{"damage":27.0,"enemies":"Nemesis","floor":43.0,"turns":7.0},{"damage":20.0,"enemies":"Transient","floor":45.0,"turns":5.0},{"damage":64.0,"enemies":"Giant Head","floor":47.0,"turns":7.0},{"damage":10,"enemies":"3 Darklings","floor":48,"turns":2},{"damage":64,"enemies":"Sphere and 2 Shapes","floor":49,"turns":3},{"damage":64,"enemies":"DF_ARCHETYPE_ORBS","floor":50,"turns":6},{"damage":74,"enemies":"downfall:CharBossMerchant","floor":52,"turns":7},{"damage":135,"enemies":"downfall:NeowBoss","floor":55,"turns":14},{"damage":43,"enemies":"downfall:NeowBossFinal","floor":56,"turns":8}],"seed_played":"534489422536120182","potions_obtained":[{"floor":2.0,"key":"champ:CounterPotion"},{"floor":8.0,"key":"AttackPotion"},{"floor":10.0,"key":"champ:UltimateStancePotion"},{"floor":26.0,"key":"Weak Potion"},{"floor":29.0,"key":"hexamod:SoulburnPotion"},{"floor":32.0,"key":"champ:OpenerPotion"},{"floor":40.0,"key":"GamblersBrew"},{"floor":43.0,"key":"Fruit Juice"}],"is_trial":false,"path_per_floor":["R","M","M","?","?","M","T","M","T","M","R","E","R","$","M","B",null,"R","M","?","$","M","R","T","?","M","?","?","E","M","E","M","B",null,"R","M","?","?","M","M","T","$","E","?","M","$","E","M","M","B",null,"E","$","R","B","B"],"character_chosen":"THE_CHAMP","items_purchased":["champ:IronFortress","expansioncontent:GuardianWhirl","EntropicBrew","champ:ShieldWall","DollysMirror"],"campfire_rested":1,"item_purchase_floors":[42,42,46,53,53],"current_hp_per_floor":[97,94,94,94,94,93,93,93,93,93,103,99,99,99,98,84,107,107,107,107,107,107,107,107,107,107,107,107,96,96,90,90,79,107,107,107,107,107,106,79,79,76,79,69,69,69,65,65,61,37,112,53,53,86,36,0,0,0],"gold":121,"neow_bonus":"RANDOM_COMMON_RELIC","is_daily":false,"chose_seed":false,"campfire_upgraded":5,"win_rate":0.0,"timestamp":1613438392,"path_taken":["R","M","M","?","?","?","T","M","?","M","R","E","R","?","M","BOSS","R","M","?","$","?","R","T","?","M","?","?","E","M","E","M","BOSS","R","M","?","?","M","?","T","$","E","?","M","$","E","M","M","BOSS","E","$","R","BOSS","BOSS"],"items_purchased_type":["Card","Card","Potion","Card","Relic"],"build_version":"2020-12-22","purchased_purges":2,"victory":false,"max_hp_per_floor":[97,97,97,97,97,97,97,97,97,97,107,107,107,107,107,107,107,107,107,107,107,107,107,107,107,107,107,107,107,107,107,107,107,107,107,107,107,107,107,107,107,107,112,112,112,112,112,112,112,112,112,112,112,112,112,112,112,112],"card_choices":[{"not_picked":["champ:EndlessRage","champ:StanceDance"],"picked":"champ:CrookedStrike","floor":2.0},{"not_picked":["champ:Parry","champ:FocusedBerserking"],"picked":"champ:EnragedBash","floor":3.0},{"not_picked":["champ:FaceSlap","champ:PreciseThrust"],"picked":"champ:Endure","floor":6.0},{"not_picked":["champ:EndlessRage","champ:GutPunch"],"picked":"champ:AdrenalArmor","floor":8.0},{"not_picked":["champ:Circumvent","champ:StanceDance"],"picked":"champ:FanOfKnives","floor":10.0},{"not_picked":["champ:TornadoPunch","champ:SkillfulDodge+1"],"picked":"champ:Shatter","floor":12.0},{"not_picked":["champ:Shatter","champ:BladeFlurry"],"picked":"champ:Encircle","floor":14.0},{"not_picked":["champ:BladeFlurry","champ:SetATrap+1"],"picked":"champ:BringItOn+1","floor":15.0},{"not_picked":["champ:StrikeOfGenius","champ:VampiricStrike"],"picked":"champ:Improvising","floor":16.0},{"not_picked":["champ:DefensiveShout+1","champ:FancyFootwork+1"],"picked":"champ:Duel","floor":19.0},{"not_picked":["champ:ArenaPreparation+1","champ:HeartStrike"],"picked":"champ:RisingSlash","floor":21.0},{"not_picked":["champ:FalseCounter+1","champ:StanceDance+1"],"picked":"champ:BerserkersShout+1","floor":22.0},{"not_picked":["champ:FalseCounter+1","champ:GutPunch"],"picked":"champ:Lariat+1","floor":26.0},{"not_picked":["champ:PreciseThrust","champ:BerserkersShout+1"],"picked":"champ:EnGarde+1","floor":29.0},{"not_picked":["champ:Backstep+1","champ:BladeFlurry","champ:FlashCut"],"picked":"SKIP","floor":30.0},{"not_picked":["champ:Backstep+1","champ:PreciseThrust","champ:ArenaPreparation+1"],"picked":"SKIP","floor":31.0},{"not_picked":["champ:Lariat+1","champ:FanOfKnives"],"picked":"champ:CheapShot","floor":32.0},{"not_picked":["champ:DancingMaster","champ:StrikeOfGenius"],"picked":"champ:Devastate","floor":33.0},{"not_picked":["champ:PerfectedStrike","champ:Parry+1"],"picked":"champ:Haymaker+1","floor":36.0},{"not_picked":["champ:GutPunch+1","champ:TornadoPunch+1","champ:FlashCut+1"],"picked":"SKIP","floor":39.0},{"not_picked":["champ:SkillfulDodge+1","champ:Circumvent+1"],"picked":"champ:AdrenalArmor+1","floor":40.0},{"not_picked":["champ:RisingSlash+1","champ:BerserkersShout+1"],"picked":"champ:Endure+1","floor":42.0},{"not_picked":["champ:FaceSlap+1","champ:BringItOn+1"],"picked":"champ:FocusedBerserking+1","floor":43.0},{"not_picked":["expansioncontent:YouAreMine","expansioncontent:HyperBeam"],"picked":"expansioncontent:PrepareCrush","floor":44.0},{"not_picked":["expansioncontent:HyperBeam","expansioncontent:YouAreMine"],"picked":"expansioncontent:Chronoboost","floor":44.0},{"not_picked":["expansioncontent:InvincibleStrength","expansioncontent:HyperBeam"],"picked":"expansioncontent:PolyBeam","floor":44.0},{"not_picked":["champ:CrookedStrike+1","champ:BerserkersShout+1","champ:Haymaker"],"picked":"SKIP","floor":45.0},{"not_picked":["champ:ShieldSlam+1","champ:BladeFlurry+1","champ:SetATrap+1"],"picked":"SKIP","floor":47.0},{"not_picked":["champ:FanOfKnives+1","champ:ArenaPreparation+1","champ:BringItOn+1"],"picked":"SKIP","floor":48},{"not_picked":["champ:TornadoPunch","champ:CrownThrow+1"],"picked":"champ:VampiricStrike","floor":49},{"not_picked":["champ:Haymaker+1","champ:FlashCut+1","champ:DefensiveShout+1"],"picked":"SKIP","floor":52}],"player_experience":822347,"relics_obtained":[{"floor":9.0,"key":"champ:FightingForDummies"},{"floor":12.0,"key":"Toxic Egg 2"},{"floor":20.0,"key":"Art of War"},{"floor":24.0,"key":"hexamod:BolsterEngine"},{"floor":29.0,"key":"Centennial Puzzle"},{"floor":31.0,"key":"Bag of Preparation"},{"floor":41.0,"key":"Ornamental Fan"},{"floor":43.0,"key":"Whetstone"},{"floor":47.0,"key":"hexamod:Sixitude"},{"floor":52,"key":"Vajra"}],"event_choices":[{"damage_healed":0.0,"max_hp_gain":0.0,"max_hp_loss":0.0,"gold_gain":0.0,"event_name":"Wheel of Change","player_choice":"Relic","floor":20.0,"gold_loss":0.0,"damage_taken":0.0},{"damage_healed":0.0,"max_hp_gain":0.0,"max_hp_loss":0.0,"gold_gain":0.0,"event_name":"Vampires","player_choice":"Ignored","floor":28.0,"gold_loss":0.0,"damage_taken":0.0}],"is_beta":false,"boss_relics":[{"not_picked":["champ:ChampionCrownUpgraded","Tiny House"],"picked":"Astrolabe"},{"not_picked":["Velvet Choker","Black Star"],"picked":"Philosopher\u0027s Stone"}],"items_purged_floors":[42,46],"is_endless":false,"potions_floor_spawned":[2,8,10,12,15,26,29,32,33,40,43,47,49],"killed_by":"downfall:NeowBossFinal","ascension_level":0}}