{"host":"kxz5izodaorfb9am","time":1613477143,"event":{"mods":["BaseMod","GifTheSpireLib","Minty Spire (QoL Compilation)","Shop Mod","StSLib"],"gold_per_floor":[116,291,241,241,130,130,147,179,179,10,28,40,67,67,67,170,170,181,181,101,26,42,73,73,108,108,108,108],"floor_reached":27,"language":"ENG","playtime":2739,"items_purged":["Regret","Strike_R"],"score":346,"play_id":"1dafb3f2-9200-4694-b258-def0a306471a","local_time":"20210216130543","is_ascension_mode":true,"campfire_choices":[{"data":"Metallicize","floor":6,"key":"SMITH"},{"floor":15,"key":"REST"},{"floor":24,"key":"REST"}],"circlet_count":0,"master_deck":["Strike_R","Strike_R+1","Defend_R","Defend_R","Defend_R","Defend_R","Bash+1","Cleave","Metallicize+1","Pommel Strike","Burning Pact","Inflame","Offering","Battle Trance","Juggernaut","Body Slam","Evolve","Shrug It Off","Sentinel+1"],"relics":["Runic Dome","Strawberry","Whetstone","Bronze Scales","Bottled Flame","Black Star","Centennial Puzzle","Pear","Eternal Feather","Du-Vu Doll","Kunai"],"acts_visited":["Exordium","TheCity"],"potions_floor_usage":[13,18,23,23,23,23,23,23],"damage_taken":[{"damage":0,"enemies":"2 Louse","floor":1,"turns":4},{"damage":7,"enemies":"Small Slimes","floor":7,"turns":4},{"damage":16,"enemies":"Gremlin Nob","floor":8,"turns":4},{"damage":2,"enemies":"Jaw Worm","floor":11,"turns":2},{"damage":6,"enemies":"2 Fungi Beasts","floor":12,"turns":3},{"damage":20,"enemies":"Lagavulin","floor":13,"turns":4},{"damage":25,"enemies":"The Guardian","floor":16,"turns":9},{"damage":21,"enemies":"2 Thieves","floor":18,"turns":3},{"damage":9,"enemies":"Chosen","floor":22,"turns":4},{"damage":31,"enemies":"Gremlin Leader","floor":23,"turns":6},{"damage":28,"enemies":"Slavers","floor":25,"turns":4},{"damage":24,"enemies":"Gremlin Leader","floor":27,"turns":4}],"seed_played":"-6374559035330309000","potions_obtained":[{"floor":8,"key":"SkillPotion"},{"floor":11,"key":"EntropicBrew"},{"floor":12,"key":"SpeedPotion"},{"floor":16,"key":"SpeedPotion"},{"floor":18,"key":"SteroidPotion"}],"is_trial":false,"path_per_floor":["M","?","?","?","$","R","M","E","T","$","M","M","E","?","R","B",null,"M","?","$","?","M","E","R","E","T","E"],"character_chosen":"IRONCLAD","items_purchased":["Metallicize","Inflame","Evolve"],"campfire_rested":2,"item_purchase_floors":[5,10,20],"current_hp_per_floor":[80,80,80,87,87,87,80,64,64,64,62,56,36,29,55,30,73,52,52,52,52,43,22,51,23,23,0,0],"gold":108,"neow_bonus":"BOSS_RELIC","is_daily":false,"chose_seed":false,"campfire_upgraded":1,"win_rate":0.0,"timestamp":1613477143,"path_taken":["M","?","?","?","$","R","M","E","T","$","M","M","E","?","R","BOSS","M","?","$","?","M","E","R","E","T","E"],"items_purchased_type":["Card","Card","Card"],"build_version":"2020-12-22","purchased_purges":2,"victory":false,"max_hp_per_floor":[80,80,80,87,87,87,87,87,87,87,87,87,87,87,87,87,87,87,87,87,87,87,97,97,97,97,97,97],"card_choices":[{"not_picked":["Clash","Havoc"],"picked":"Cleave","floor":1},{"not_picked":["Flex","Perfected Strike"],"picked":"Pommel Strike","floor":7},{"not_picked":["Havoc","Thunderclap"],"picked":"Burning Pact","floor":8},{"not_picked":["True Grit","Iron Wave"],"picked":"Offering","floor":11},{"not_picked":["Clothesline","Reckless Charge"],"picked":"Battle Trance","floor":12},{"not_picked":["Sword Boomerang","Fiend Fire","Clash"],"picked":"SKIP","floor":13},{"not_picked":["Corruption","Reaper"],"picked":"Juggernaut","floor":16},{"not_picked":["Havoc+1","Ghostly Armor+1"],"picked":"Body Slam","floor":18},{"not_picked":["Reckless Charge","Inflame","Clothesline"],"picked":"SKIP","floor":22},{"not_picked":["Body Slam","Battle Trance"],"picked":"Shrug It Off","floor":23},{"not_picked":["Havoc+1","Demon Form"],"picked":"Sentinel+1","floor":25}],"player_experience":326960,"relics_obtained":[{"floor":8,"key":"Whetstone"},{"floor":9,"key":"Bronze Scales"},{"floor":13,"key":"Bottled Flame"},{"floor":23,"key":"Centennial Puzzle"},{"floor":23,"key":"Pear"},{"floor":25,"key":"Eternal Feather"},{"floor":25,"key":"Du-Vu Doll"},{"floor":26,"key":"Kunai"}],"event_choices":[{"damage_healed":0,"gold_gain":175,"player_choice":"AGREE","damage_taken":0,"max_hp_gain":0,"max_hp_loss":0,"event_name":"Liars Game","floor":2,"gold_loss":0,"cards_obtained":["Doubt"]},{"cards_removed":["Doubt"],"damage_healed":0,"gold_gain":0,"player_choice":"Card Removal","damage_taken":0,"max_hp_gain":0,"max_hp_loss":0,"event_name":"The Cleric","floor":3,"gold_loss":50},{"damage_healed":0,"gold_gain":0,"player_choice":"Box","damage_taken":0,"relics_obtained":["Strawberry"],"max_hp_gain":0,"max_hp_loss":0,"event_name":"Big Fish","floor":4,"gold_loss":0,"cards_obtained":["Regret"]},{"cards_removed":["Strike_R"],"damage_healed":0,"gold_gain":0,"player_choice":"Card Removal","damage_taken":7,"max_hp_gain":0,"max_hp_loss":0,"event_name":"Golden Wing","floor":14,"gold_loss":0},{"damage_healed":0,"gold_gain":0,"player_choice":"Ignored","damage_taken":0,"max_hp_gain":0,"max_hp_loss":0,"event_name":"Ghosts","floor":19,"gold_loss":0},{"cards_removed":["Strike_R"],"damage_healed":0,"gold_gain":0,"player_choice":"Gave Gold","damage_taken":0,"max_hp_gain":0,"max_hp_loss":0,"event_name":"Beggar","floor":21,"gold_loss":75}],"is_beta":false,"boss_relics":[{"not_picked":["Runic Cube","Tiny House"],"picked":"Black Star"}],"items_purged_floors":[5,10],"is_endless":false,"potions_floor_spawned":[8,11,12,16,18],"killed_by":"Gremlin Leader","ascension_level":5}}