{"host":"ibckqdmmf9y74ymf","time":1613499441,"event":{"mods":["2.2 Compatiblity","BaseMod","Colored Map","Curses Come First","Highlight Path","Minty Spire (QoL Compilation)","Quick Restart","Rare Cards Sparkle","Relic Stats","StSLib"],"gold_per_floor":[119,44,61,80,80,105,121,121,147,175,13,31,31,59,59,134,134,145,195,245,328,339,339,366,366,366],"floor_reached":25,"language":"ENG","playtime":696,"items_purged":["Defend_P"],"score":628,"play_id":"8bdb89ca-5a98-4f00-b31f-f3c5934372ac","local_time":"20210216191721","is_ascension_mode":true,"campfire_choices":[{"floor":8,"key":"REST"},{"data":"Tantrum","floor":15,"key":"SMITH"},{"data":"Ragnarok","floor":23,"key":"SMITH"}],"circlet_count":0,"master_deck":["AscendersBane","Strike_P","Strike_P","Strike_P","Defend_P","Defend_P","Eruption","Vigilance","EmptyFist","Brilliance","ReachHeaven","FollowUp","DevaForm","BowlingBash","Tantrum+1","MentalFortress","JustLucky","Ragnarok+1","Protect","Study","ClearTheMind","Meditate","WheelKick","Halt"],"relics":["PureWater","NeowsBlessing","Akabeko","Omamori","Centennial Puzzle","SsserpentHead","Yang","Cursed Key","Enchiridion","Red Mask","Torii"],"acts_visited":["Exordium","TheCity"],"potions_floor_usage":[14,24,24],"damage_taken":[{"damage":0,"enemies":"Cultist","floor":1,"turns":1},{"damage":0,"enemies":"Jaw Worm","floor":3,"turns":1},{"damage":0,"enemies":"2 Louse","floor":4,"turns":1},{"damage":16,"enemies":"Gremlin Nob","floor":6,"turns":3},{"damage":21,"enemies":"Exordium Thugs","floor":7,"turns":5},{"damage":17,"enemies":"3 Sentries","floor":10,"turns":4},{"damage":0,"enemies":"Large Slime","floor":12,"turns":3},{"damage":0,"enemies":"Lagavulin","floor":14,"turns":4},{"damage":0,"enemies":"Slime Boss","floor":16,"turns":5},{"damage":0,"enemies":"3 Byrds","floor":18,"turns":3},{"damage":0,"enemies":"Masked Bandits","floor":21,"turns":2},{"damage":0,"enemies":"Chosen","floor":22,"turns":2},{"damage":9,"enemies":"Book of Stabbing","floor":24,"turns":2},{"damage":31,"enemies":"Shelled Parasite and Fungi","floor":25,"turns":3}],"seed_played":"8098857651766784663","potions_obtained":[{"floor":3,"key":"Dexterity Potion"},{"floor":5,"key":"StancePotion"},{"floor":5,"key":"Ambrosia"},{"floor":12,"key":"DuplicationPotion"},{"floor":16,"key":"ColorlessPotion"},{"floor":18,"key":"Energy Potion"},{"floor":21,"key":"AttackPotion"}],"is_trial":false,"path_per_floor":["M","$","M","M","?","E","M","R","T","E","$","M","?","E","R","B",null,"M","?","?","?","M","R","E","M"],"character_chosen":"WATCHER","items_purchased":["Brilliance","Tantrum"],"campfire_rested":1,"item_purchase_floors":[2,11],"current_hp_per_floor":[61,61,61,61,61,45,24,44,44,27,27,27,27,27,27,27,58,58,58,37,37,37,37,28,0,0],"gold":366,"neow_bonus":"THREE_ENEMY_KILL","is_daily":false,"chose_seed":false,"campfire_upgraded":2,"win_rate":0.0,"timestamp":1613499441,"path_taken":["M","$","M","?","?","E","?","R","T","E","?","M","?","E","R","BOSS","M","?","?","?","M","R","E","M"],"items_purchased_type":["Card","Card"],"build_version":"2020-12-22","purchased_purges":1,"victory":false,"max_hp_per_floor":[68,68,68,68,68,68,68,68,68,68,68,68,68,68,68,68,68,68,68,68,68,68,68,68,68,68],"relic_stats":{"SsserpentHead":150,"Centennial Puzzle":[6],"Torii":1,"counters":[14,39],"Yang":[47],"Cursed Key":0,"obtain_stats":[{"SsserpentHead":13,"Centennial Puzzle":10,"NeowsBlessing":0,"Torii":24,"Enchiridion":20,"Yang":14,"Omamori":9,"Red Mask":21,"PureWater":0,"Cursed Key":17,"Akabeko":6},{"SsserpentHead":7,"Centennial Puzzle":6,"NeowsBlessing":0,"Torii":13,"Enchiridion":10,"Yang":8,"Omamori":5,"Red Mask":11,"PureWater":0,"Cursed Key":9,"Akabeko":4},{"SsserpentHead":18,"Centennial Puzzle":15,"NeowsBlessing":0,"Torii":36,"Enchiridion":30,"Yang":22,"Omamori":11,"Red Mask":32,"PureWater":0,"Cursed Key":27,"Akabeko":6}]},"card_choices":[{"not_picked":["EmptyBody","CutThroughFate"],"picked":"EmptyFist","floor":1},{"not_picked":["JustLucky","ForeignInfluence"],"picked":"ReachHeaven","floor":3},{"not_picked":["CrushJoints","Study"],"picked":"FollowUp","floor":4},{"not_picked":["SandsOfTime","Vengeance"],"picked":"DevaForm","floor":6},{"not_picked":["Consecrate","Evaluate"],"picked":"BowlingBash","floor":7},{"not_picked":["EmptyFist","Consecrate","SashWhip"],"picked":"SKIP","floor":10},{"not_picked":["EmptyBody","FlyingSleeves"],"picked":"MentalFortress","floor":12},{"not_picked":["Nirvana","Collect"],"picked":"JustLucky","floor":14},{"not_picked":["Scrawl","DevaForm"],"picked":"Ragnarok","floor":16},{"not_picked":["Consecrate+1","DeceiveReality"],"picked":"Protect","floor":18},{"not_picked":["CrushJoints","FollowUp"],"picked":"Meditate","floor":21},{"not_picked":["JustLucky","LikeWater"],"picked":"WheelKick","floor":22},{"not_picked":["Evaluate","Crescendo"],"picked":"Halt","floor":24}],"player_experience":731455,"relics_obtained":[{"floor":6,"key":"Akabeko"},{"floor":9,"key":"Omamori"},{"floor":10,"key":"Centennial Puzzle"},{"floor":14,"key":"Yang"},{"floor":20,"key":"Enchiridion"},{"floor":21,"key":"Red Mask"},{"floor":24,"key":"Torii"}],"event_choices":[{"damage_healed":0,"gold_gain":0,"player_choice":"Got Potions","damage_taken":0,"max_hp_gain":0,"max_hp_loss":0,"event_name":"Lab","floor":5,"gold_loss":0},{"damage_healed":0,"gold_gain":0,"player_choice":"Trade","damage_taken":0,"relics_obtained":["SsserpentHead"],"max_hp_gain":0,"max_hp_loss":0,"event_name":"FaceTrader","floor":13,"gold_loss":0},{"damage_healed":0,"gold_gain":0,"cards_transformed":["Strike_P","Defend_P"],"player_choice":"Became Test Subject","damage_taken":0,"max_hp_gain":0,"max_hp_loss":0,"event_name":"Drug Dealer","floor":19,"gold_loss":0,"cards_obtained":["Study","ClearTheMind"]},{"damage_healed":0,"gold_gain":0,"player_choice":"Obtained Book","damage_taken":21,"max_hp_gain":0,"max_hp_loss":0,"event_name":"Cursed Tome","floor":20,"gold_loss":0},{"damage_healed":0,"gold_gain":0,"player_choice":"Fought Bandits","damage_taken":0,"max_hp_gain":0,"max_hp_loss":0,"event_name":"Masked Bandits","floor":21,"gold_loss":0}],"is_beta":false,"boss_relics":[{"not_picked":["Ectoplasm","Sozu"],"picked":"Cursed Key"}],"items_purged_floors":[11],"is_endless":false,"potions_floor_spawned":[3,7,10,12,16,18,21],"killed_by":"Shelled Parasite and Fungi","ascension_level":20}}