{"host":"ormi09wwzv7sq47a","time":1613514299,"event":{"mods":["2.2 Compatiblity","AchievementEnabler","Act Like it!","BaseMod","Bestiary","Better Altar","Better Note","Better Sensory Stone","Better Silent Start","Better Skull","Better Third Choice","Better Vampires","BetterRewards","Block Reminder","Card Forge","Colored Map","Colored Powertips","Curses Come First","DeckTracker","Downfall","Highlight Path","Minty Spire (QoL Compilation)","Permanent Neow","Quick Restart","Rare Cards Sparkle","Relic Stats","Shop Mod","StSLib","The Jungle"],"gold_per_floor":[115,115,140,140,163,163,194,217,240,240,240],"floor_reached":10,"language":"ENG","playtime":496,"items_purged":["Strike_R"],"score":129,"play_id":"26cd2109-59a3-4df1-bf2e-bb9d882aec6c","local_time":"20210216192459","is_ascension_mode":true,"campfire_choices":[{"floor":6,"key":"REST"}],"circlet_count":0,"master_deck":["AscendersBane","Strike_R+1","Strike_R","Strike_R","Strike_R","Defend_R","Defend_R+1","Defend_R","Defend_R","Bash","Whirlwind","Warcry+1","Disarm+1","Injury","Pummel","Armaments+1","Barricade","True Grit+1"],"relics":["Burning Blood","Hammer of Thor","Seething Fire","Anvil of the Gods","Pear","Girya","Bag of Marbles","Toxic Egg 2","Golden Idol","Akabeko","Art of War"],"acts_visited":["Exordium"],"potions_floor_usage":[7,8],"damage_taken":[{"damage":0,"enemies":"Small Slimes","floor":1,"turns":2},{"damage":2,"enemies":"Jaw Worm","floor":3,"turns":5},{"damage":3,"enemies":"2 Louse","floor":5,"turns":4},{"damage":31,"enemies":"3 Sentries","floor":7,"turns":9},{"damage":18,"enemies":"Large Slime","floor":8,"turns":9},{"damage":24,"enemies":"Lagavulin","floor":10,"turns":7}],"seed_played":"-8718464254105903774","potions_obtained":[{"floor":3,"key":"Strength Potion"},{"floor":7,"key":"Block Potion"}],"is_trial":false,"path_per_floor":["M","?","M","?","M","R","E","M","T","E"],"character_chosen":"IRONCLAD","items_purchased":["Pear","Bag of Marbles","Whirlwind","Toxic Egg 2","Warcry+1"],"campfire_rested":1,"item_purchase_floors":[0,0,0,0,0],"current_hp_per_floor":[39,39,43,17,20,45,20,8,8,0,0],"gold":240,"neow_bonus":"","is_daily":false,"chose_seed":false,"campfire_upgraded":0,"win_rate":0.0,"timestamp":1613514299,"path_taken":["M","?","M","?","M","R","E","?","T","E"],"items_purchased_type":["Relic","Relic","Card","Relic","Card"],"build_version":"2020-12-22","purchased_purges":1,"victory":false,"max_hp_per_floor":[85,85,85,85,85,85,85,85,85,85,85],"relic_stats":{"counters":[30,158],"Golden Idol":21,"Art of War":[3],"obtain_stats":[{"Singing Bowl":25,"Hammer of Thor":0,"Incense Burner":41,"Boot":14,"Ancient Tea Set":41,"Burning Blood":0,"Blood Vial":46,"Sundial":23,"Tiny Chest":25,"Toxic Egg 2":0,"Paper Frog":0,"champ:Barbells":0,"Girya":0,"Pear":0,"Golden Idol":2,"Guardian:GemstoneGun":0,"Oddly Smooth Stone":26,"Seething Fire":0,"Orichalcum":9,"Akabeko":7,"Busted Crown":34,"Anvil of the Gods":0,"Bronze Scales":37,"Black Star":17,"Bag of Marbles":0,"Art of War":9,"Toy Ornithopter":23},{"Singing Bowl":13,"Hammer of Thor":0,"Incense Burner":20,"Boot":7,"Ancient Tea Set":20,"Burning Blood":0,"Blood Vial":21,"Sundial":12,"Tiny Chest":13,"Toxic Egg 2":24,"Paper Frog":0,"champ:Barbells":0,"Girya":24,"Pear":24,"Golden Idol":25,"Guardian:GemstoneGun":0,"Oddly Smooth Stone":13,"Seething Fire":0,"Orichalcum":5,"Akabeko":28,"Busted Crown":16,"Anvil of the Gods":0,"Bronze Scales":18,"Black Star":8,"Bag of Marbles":24,"Art of War":29,"Toy Ornithopter":12},{"Singing Bowl":63,"Hammer of Thor":0,"Incense Burner":106,"Boot":26,"Ancient Tea Set":106,"Burning Blood":0,"Blood Vial":110,"Sundial":59,"Tiny Chest":63,"Toxic Egg 2":122,"Paper Frog":0,"champ:Barbells":0,"Girya":122,"Pear":122,"Golden Idol":124,"Guardian:GemstoneGun":0,"Oddly Smooth Stone":63,"Seething Fire":0,"Orichalcum":20,"Akabeko":142,"Busted Crown":81,"Anvil of the Gods":0,"Bronze Scales":93,"Black Star":37,"Bag of Marbles":122,"Art of War":151,"Toy Ornithopter":59}],"Burning Blood":151},"card_choices":[{"not_picked":["Clothesline","Flex+1"],"picked":"Disarm+1","floor":1},{"not_picked":["Body Slam","Clash"],"picked":"Pummel","floor":3},{"not_picked":["Shrug It Off+1","Wild Strike"],"picked":"Armaments+1","floor":5},{"not_picked":["Searing Blow","Uppercut"],"picked":"Barricade","floor":7},{"not_picked":["Seeing Red+1","Flame Barrier+1"],"picked":"True Grit+1","floor":8}],"player_experience":1096905,"relics_obtained":[{"floor":7,"key":"Akabeko"},{"floor":9,"key":"Art of War"}],"event_choices":[{"damage_healed":0,"gold_gain":0,"player_choice":"Take Wound","damage_taken":0,"relics_obtained":["Golden Idol"],"max_hp_gain":0,"max_hp_loss":0,"event_name":"Golden Idol","floor":2,"gold_loss":0,"cards_obtained":["Injury"]},{"damage_healed":43,"gold_gain":0,"player_choice":"Upgrade","damage_taken":26,"max_hp_gain":0,"max_hp_loss":85,"event_name":"betterThird:BetterShining","floor":4,"gold_loss":0,"cards_upgraded":["Defend_R","Strike_R"]}],"is_beta":false,"boss_relics":[],"items_purged_floors":[0],"is_endless":false,"potions_floor_spawned":[3,7],"killed_by":"Lagavulin","ascension_level":18}}