{"host":"zsnmfqgcm92hlreo","time":1613514838,"event":{"mods":["AchievementEnabler","BaseMod","Bestiary","Block Reminder","Colored Map","Colored Powertips","Filter the Spire","Minty Spire (QoL Compilation)","Permanent Neow","Quick Restart","Relic Stats","StSLib","Weighted Paths"],"gold_per_floor":[119,139,139,139,149,174,174,207,261,168,168,195,218,250,262,348,360,383,395,427,453,465,477,507,519,519],"floor_reached":25,"language":"ENG","playtime":2097,"items_purged":[],"score":446,"play_id":"a5079505-3fbe-4d95-b5cf-25567f1c49b5","local_time":"20210216163358","is_ascension_mode":true,"campfire_choices":[{"data":"Hyperbeam","floor":7.0,"key":"SMITH"},{"floor":11.0,"key":"REST"},{"data":"Tempest","floor":15.0,"key":"SMITH"},{"floor":23,"key":"REST"}],"circlet_count":0,"master_deck":["AscendersBane","Zap","Dualcast","Auto Shields","Biased Cognition","Gash","Capacitor","Hyperbeam+1","Electrodynamics","Skim","Loop","Biased Cognition","Storm","Redo","Hyperbeam","Capacitor","Self Repair","Coolheaded","Coolheaded","Ball Lightning","Barrage","Tempest+1","Echo Form","Consume","Static Discharge","Cold Snap"],"relics":["Pandora\u0027s Box","Eternal Feather","Dream Catcher","PreservedInsect","MawBank","Inserter"],"acts_visited":["Exordium","TheCity"],"potions_floor_usage":[25,25],"damage_taken":[{"damage":8.0,"enemies":"Jaw Worm","floor":1.0,"turns":3.0},{"damage":0.0,"enemies":"2 Louse","floor":2.0,"turns":2.0},{"damage":0.0,"enemies":"Cultist","floor":5.0,"turns":2.0},{"damage":10.0,"enemies":"3 Sentries","floor":6.0,"turns":2.0},{"damage":29.0,"enemies":"Lagavulin","floor":8.0,"turns":6.0},{"damage":8.0,"enemies":"Gremlin Nob","floor":12.0,"turns":3.0},{"damage":2.0,"enemies":"Blue Slaver","floor":13.0,"turns":3.0},{"damage":0.0,"enemies":"Exordium Wildlife","floor":14.0,"turns":1.0},{"damage":56.0,"enemies":"The Guardian","floor":16.0,"turns":9.0},{"damage":12.0,"enemies":"Chosen","floor":18.0,"turns":4.0},{"damage":17.0,"enemies":"2 Thieves","floor":20.0,"turns":3.0},{"damage":34.0,"enemies":"Centurion and Healer","floor":21.0,"turns":6.0},{"damage":35,"enemies":"Snake Plant","floor":24,"turns":2},{"damage":10,"enemies":"Gremlin Leader","floor":25,"turns":1}],"seed_played":"-4035986352193723723","potions_obtained":[{"floor":5.0,"key":"Regen Potion"},{"floor":8.0,"key":"SkillPotion"},{"floor":16.0,"key":"SteroidPotion"},{"floor":21.0,"key":"EntropicBrew"}],"is_trial":false,"path_per_floor":["M","M","?","?","M","E","R","E","T","$","R","E","M","M","R","B",null,"M","$","M","M","?","R","M","E"],"character_chosen":"DEFECT","items_purchased":["Self Repair","Coolheaded"],"campfire_rested":2,"item_purchase_floors":[10,10],"current_hp_per_floor":[56,56,61,61,61,51,60,31,31,31,62,61,59,59,71,37,66,54,54,37,10,10,44,9,0,0],"gold":519,"neow_bonus":"BOSS_RELIC","is_daily":false,"chose_seed":false,"campfire_upgraded":2,"win_rate":0.0,"timestamp":1613514838,"path_taken":["M","M","?","?","M","E","R","E","T","$","R","E","M","M","R","BOSS","M","$","M","?","?","R","M","E"],"items_purchased_type":["Card","Card"],"build_version":"2020-12-22","purchased_purges":0,"victory":false,"max_hp_per_floor":[71,71,76,76,76,76,76,76,76,76,76,76,76,76,76,76,76,76,76,76,76,76,76,76,76,76],"relic_stats":{"Dream Catcher":2,"Inserter":[8],"counters":[14,46],"Pandora\u0027s Box":["Auto Shields","Biased Cognition","Gash","Capacitor","Hyperbeam","Electrodynamics","Skim","Loop"],"Eternal Feather":42,"PreservedInsect":71,"MawBank":156,"obtain_stats":[{"Dream Catcher":8,"Inserter":17,"Pandora\u0027s Box":0,"Eternal Feather":6,"PreservedInsect":9,"Cracked Core":0,"MawBank":12},{"Dream Catcher":5,"Inserter":9,"Pandora\u0027s Box":0,"Eternal Feather":4,"PreservedInsect":5,"Cracked Core":0,"MawBank":6},{"Dream Catcher":15,"Inserter":30,"Pandora\u0027s Box":0,"Eternal Feather":9,"PreservedInsect":15,"Cracked Core":0,"MawBank":18}]},"card_choices":[{"not_picked":["Rebound","Storm","Redo"],"picked":"SKIP","floor":1.0},{"not_picked":["Skim","Stack","Heatsinks"],"picked":"SKIP","floor":2.0},{"not_picked":["Leap","Stack"],"picked":"Redo","floor":5.0},{"not_picked":["White Noise","Rebound"],"picked":"Hyperbeam","floor":6.0},{"not_picked":["Storm","Sweeping Beam"],"picked":"Capacitor","floor":8.0},{"not_picked":["Skim","Hologram"],"picked":"Coolheaded","floor":11.0},{"not_picked":["Reprogram","Rebound"],"picked":"Ball Lightning","floor":12.0},{"not_picked":["Skim","Hyperbeam"],"picked":"Barrage","floor":13.0},{"not_picked":["Rebound","Coolheaded"],"picked":"Tempest","floor":14.0},{"not_picked":["Machine Learning","Hyperbeam"],"picked":"Echo Form","floor":16.0},{"not_picked":["Genetic Algorithm+1","Barrage"],"picked":"Consume","floor":18.0},{"not_picked":["Tempest","Streamline","Leap"],"picked":"SKIP","floor":20.0},{"not_picked":["Rip and Tear","Fusion","Leap"],"picked":"SKIP","floor":21.0},{"not_picked":["Reprogram","Conserve Battery"],"picked":"Static Discharge","floor":23},{"not_picked":["Steam","Melter+1"],"picked":"Cold Snap","floor":24}],"player_experience":1166237,"relics_obtained":[{"floor":6.0,"key":"Eternal Feather"},{"floor":8.0,"key":"Dream Catcher"},{"floor":9.0,"key":"PreservedInsect"},{"floor":12.0,"key":"MawBank"}],"event_choices":[{"damage_healed":0.0,"max_hp_gain":5.0,"max_hp_loss":0.0,"gold_gain":0.0,"event_name":"Big Fish","player_choice":"Donut","floor":3.0,"gold_loss":0.0,"damage_taken":0.0},{"damage_healed":0.0,"max_hp_gain":0.0,"max_hp_loss":0.0,"gold_gain":0.0,"event_name":"Match and Keep!","player_choice":"2 cards matched","floor":4.0,"gold_loss":0.0,"damage_taken":0.0,"cards_obtained":["Biased Cognition","Storm"]},{"damage_healed":0.0,"max_hp_gain":0.0,"max_hp_loss":0.0,"gold_gain":0.0,"event_name":"Match and Keep!","player_choice":"2 cards matched","floor":4.0,"gold_loss":0.0,"damage_taken":0.0,"cards_obtained":["Biased Cognition","Storm"]},{"damage_healed":0.0,"max_hp_gain":0.0,"max_hp_loss":0.0,"gold_gain":0.0,"event_name":"Cursed Tome","player_choice":"Ignored","floor":22.0,"gold_loss":0.0,"damage_taken":0.0}],"is_beta":false,"boss_relics":[{"not_picked":["Runic Pyramid","Busted Crown"],"picked":"Inserter"}],"items_purged_floors":[],"is_endless":false,"potions_floor_spawned":[5,8,12,14,16,21],"killed_by":"Gremlin Leader","ascension_level":20}}