{"host":"a5lz0e76zb3fcwkm","time":1613457750,"event":{"mods":["AchievementEnabler","BaseMod","Colored Map","Colored Powertips","Minty Spire (QoL Compilation)","StSLib","SuperFastMode"],"gold_per_floor":[16,36,56,56,16,43,43,69,69,69,86,11,11,26,26,102,102,115,129,129,142,157,157,172,172,254,283,283,283,283,295,295,295,295],"floor_reached":33,"language":"KOR","playtime":977,"items_purged":[],"score":604,"play_id":"895748d0-d939-4936-be59-ddf44b78701f","local_time":"20210216154230","is_ascension_mode":true,"campfire_choices":[{"data":"Seek","floor":7.0,"key":"SMITH"},{"data":"White Noise","floor":13.0,"key":"SMITH"},{"data":"Chaos","floor":15.0,"key":"SMITH"},{"data":"Turbo","floor":23.0,"key":"SMITH"},{"floor":25.0,"key":"REST"},{"data":"Loop","floor":29,"key":"SMITH"},{"floor":32,"key":"REST"}],"circlet_count":0,"master_deck":["AscendersBane","Strike_B","Strike_B","Strike_B","Defend_B","Defend_B","Defend_B","Zap+1","Dualcast","Doom and Gloom","Biased Cognition","Self Repair","Compile Driver+1","Turbo+1","Sunder+1","Seek+1","Glacier","White Noise+1","Chaos+1","Core Surge","Undo","White Noise","Core Surge","Loop+1"],"relics":["Cracked Core","Dream Catcher","Question Card","Snecko Eye","Cables","StrikeDummy","MutagenicStrength"],"acts_visited":["Exordium","TheCity"],"potions_floor_usage":[33],"damage_taken":[{"damage":2.0,"enemies":"Jaw Worm","floor":1.0,"turns":3.0},{"damage":0.0,"enemies":"2 Louse","floor":2.0,"turns":2.0},{"damage":1.0,"enemies":"Cultist","floor":3.0,"turns":3.0},{"damage":8.0,"enemies":"Gremlin Nob","floor":6.0,"turns":3.0},{"damage":0.0,"enemies":"3 Sentries","floor":8.0,"turns":2.0},{"damage":7.0,"enemies":"Large Slime","floor":11.0,"turns":3.0},{"damage":0.0,"enemies":"Blue Slaver","floor":14.0,"turns":4.0},{"damage":39.0,"enemies":"Slime Boss","floor":16.0,"turns":10.0},{"damage":14.0,"enemies":"Spheric Guardian","floor":18.0,"turns":4.0},{"damage":12.0,"enemies":"2 Thieves","floor":19.0,"turns":3.0},{"damage":10.0,"enemies":"Centurion and Healer","floor":21.0,"turns":4.0},{"damage":0.0,"enemies":"3 Cultists","floor":22.0,"turns":4.0},{"damage":3.0,"enemies":"Sentry and Sphere","floor":24.0,"turns":5.0},{"damage":32.0,"enemies":"Gremlin Leader","floor":27.0,"turns":7.0},{"damage":8,"enemies":"Snake Plant","floor":31,"turns":4},{"damage":66,"enemies":"Automaton","floor":33,"turns":6}],"seed_played":"-6820701821824987829","potions_obtained":[{"floor":1.0,"key":"SkillPotion"},{"floor":2.0,"key":"Explosive Potion"},{"floor":19.0,"key":"AttackPotion"},{"floor":24.0,"key":"Strength Potion"},{"floor":27.0,"key":"AttackPotion"},{"floor":31,"key":"LiquidBronze"}],"is_trial":false,"path_per_floor":["M","M","M","?","$","E","R","E","T","?","M","$","R","M","R","B",null,"M","M","?","M","M","R","M","R","T","E","?","R","?","M","R","B"],"character_chosen":"DEFECT","items_purchased":["Sunder","White Noise"],"campfire_rested":2,"item_purchase_floors":[5,12],"current_hp_per_floor":[62,62,61,40,40,39,39,46,46,46,46,46,46,53,53,21,59,52,47,47,37,44,44,48,69,69,44,44,44,44,43,64,0,0],"gold":295,"neow_bonus":"TRANSFORM_TWO_CARDS","is_daily":false,"chose_seed":false,"campfire_upgraded":5,"win_rate":0.0,"timestamp":1613457750,"path_taken":["M","M","M","?","?","E","R","E","T","?","M","?","R","M","R","BOSS","M","M","?","M","M","R","?","R","T","E","?","R","?","?","R","BOSS"],"items_purchased_type":["Card","Card"],"build_version":"2020-12-22","purchased_purges":0,"victory":false,"max_hp_per_floor":[71,71,71,71,71,71,71,71,71,71,71,71,71,71,71,71,71,71,71,71,71,71,71,71,71,71,71,71,71,71,71,71,71,71],"card_choices":[{"not_picked":["Turbo","Reprogram"],"picked":"Self Repair","floor":1.0},{"not_picked":["Barrage","Self Repair"],"picked":"Compile Driver","floor":2.0},{"not_picked":["Rebound","Stack"],"picked":"Turbo","floor":3.0},{"not_picked":["Loop","Heatsinks"],"picked":"Seek","floor":6.0},{"not_picked":["Recycle","Sweeping Beam"],"picked":"Glacier","floor":8.0},{"not_picked":["Gash","Stack","Beam Cell","Scrape"],"picked":"SKIP","floor":11.0},{"not_picked":["Steam Power","Doom and Gloom","Rebound"],"picked":"Chaos","floor":14.0},{"not_picked":["Seek","Echo Form","Meteor Strike"],"picked":"Core Surge","floor":16.0},{"not_picked":["Rip and Tear","Leap","Gash"],"picked":"Undo","floor":18.0},{"not_picked":["Auto Shields","Hologram","Doom and Gloom"],"picked":"White Noise","floor":19.0},{"not_picked":["Redo","Cold Snap","Stack","Compile Driver"],"picked":"SKIP","floor":21.0},{"not_picked":["Skim","Leap","Steam Power","Barrage"],"picked":"SKIP","floor":22.0},{"not_picked":["Redo","Leap+1","Chaos","Sweeping Beam"],"picked":"SKIP","floor":24.0},{"not_picked":["Hologram","Consume","Stack"],"picked":"Core Surge","floor":25.0},{"not_picked":["Lockon","Conserve Battery+1","Chill"],"picked":"Loop","floor":27.0},{"not_picked":["Stack","Hologram","White Noise","Auto Shields"],"picked":"SKIP","floor":31}],"player_experience":1902284,"relics_obtained":[{"floor":6.0,"key":"Dream Catcher"},{"floor":8.0,"key":"Question Card"},{"floor":26.0,"key":"Cables"},{"floor":27.0,"key":"StrikeDummy"}],"event_choices":[{"damage_healed":0.0,"max_hp_gain":0.0,"max_hp_loss":0.0,"gold_gain":0.0,"event_name":"Shining Light","player_choice":"Entered Light","floor":4.0,"gold_loss":0.0,"damage_taken":21.0,"cards_upgraded":["Zap","Compile Driver"]},{"damage_healed":0.0,"max_hp_gain":0.0,"max_hp_loss":0.0,"gold_gain":0.0,"event_name":"Dead Adventurer","player_choice":"Searched \u00270\u0027 times","floor":10.0,"gold_loss":0.0,"damage_taken":0.0},{"damage_healed":0.0,"max_hp_gain":0.0,"max_hp_loss":0.0,"gold_gain":0.0,"event_name":"Upgrade Shrine","player_choice":"Upgraded","floor":20.0,"gold_loss":0.0,"damage_taken":0.0,"cards_upgraded":["Sunder"]},{"damage_healed":0,"gold_gain":0,"player_choice":"Inject Mutagens","damage_taken":0,"relics_obtained":["MutagenicStrength"],"max_hp_gain":0,"max_hp_loss":0,"event_name":"Drug Dealer","floor":28,"gold_loss":0},{"damage_healed":0,"gold_gain":0,"player_choice":"Ignored","damage_taken":0,"max_hp_gain":0,"max_hp_loss":0,"event_name":"Vampires","floor":30,"gold_loss":0}],"is_beta":false,"boss_relics":[{"not_picked":["Coffee Dripper","SlaversCollar"],"picked":"Snecko Eye"}],"items_purged_floors":[],"is_endless":false,"potions_floor_spawned":[1,2,19,24,27,31],"killed_by":"Automaton","ascension_level":20}}