{"host":"g7sxcfouz24f0psv","time":1613509682,"event":{"mods":["Aspiration","BaseMod","Colored Powertips","Hermit","Highlight Path","Minty Spire (QoL Compilation)","Replay The Spire","StSLib","The Cursed","The Hierophant"],"gold_per_floor":[113,124,124,124,124,124,135,163,231,249,277,277,307,329,329,443,443,470,504,162,62,62,62,113,113,113,150,181,280,280,311,311,417,517,541,585,653,653,678,729,759,804,804,851,851,892,633,678,678,726,726,726,550,621,651],"floor_reached":56,"language":"ENG","playtime":6173,"items_purged":["hermit:DeadMansHand+1","hermit:LuckOfTheDraw+1","Shame"],"score":1619,"play_id":"1b8589fc-e9f1-412f-88b2-8bae95181195","local_time":"20210216220802","is_ascension_mode":false,"campfire_choices":[{"data":"hermit:Snapshot","floor":6,"key":"SMITH"},{"data":"hermit:Strike_Hermit","floor":12,"key":"SMITH"},{"data":"hermit:Dive","floor":15,"key":"SMITH"},{"data":"hermit:TakeAim","floor":23,"key":"SMITH"},{"data":"hermit:Vantage","floor":25,"key":"SMITH"},{"data":"hermit:Strike_Hermit","floor":30,"key":"SMITH"},{"floor":45,"key":"RECALL"},{"data":"hermit:Determination","floor":49,"key":"SMITH"},{"data":"hermit:BigShot","floor":52,"key":"SMITH"}],"circlet_count":0,"master_deck":["hermit:Strike_Hermit","hermit:Strike_Hermit+1","hermit:Strike_Hermit+1","hermit:Defend_Hermit","hermit:Defend_Hermit","hermit:Defend_Hermit","hermit:Defend_Hermit","hermit:Snapshot+1","hermit:Covet","hermit:EyeOfTheStorm+1","hermit:TakeAim+1","hermit:Dive+1","hermit:Enervate+1","hermit:Determination+1","hermit:Vantage+1","hermit:Ricochet+1","hermit:Gambit","hermit:CalledShot+1","hermit:HighCaliber+1","hermit:TrackingShot+1","hermit:Enervate+1","hermit:Enervate+1","hermit:Dive","hermit:Dive+1","hermit:TrackingShot+1","hermit:WideOpen+1","hermit:ItchyTrigger+1","hermit:Glare","hermit:Quickdraw+1","Parasite","hermit:CalledShot+1","hermit:BigShot+1","hermit:Enervate+1","hermit:EyeOfTheStorm+1","hermit:Headshot+1","hermit:Quickdraw+1","Dramatic Entrance+1","hermit:Deadeye+1","hermit:Determination+1","hermit:Headshot+1","hermit:ItchyTrigger+1","hermit:Glare+1"],"relics":["Honey Jar","Molten Egg 2","Divine Protection","Ornamental Fan","Pantograph","Replay:Bandana","Astrolabe","DollysMirror","Gremlin Food","Golden Egg","Replay:Grab Bag","Replay:Wanted Poster","Painkiller Herb","Black Star","Ice Cream","Snack Pack","Iron Hammer","Anchor","hermit:Horseshoe","Bronze Scales","ReplayTheSpireMod:Ninjato","Pet Ghost","Mummified Hand"],"acts_visited":["Exordium","TheCity","TheBeyond","TheEnding"],"potions_floor_usage":[16,16,18,24,28,42,54,55,55,55,55],"damage_taken":[{"damage":0,"enemies":"Small Slimes","floor":1,"turns":3},{"damage":0,"enemies":"Jaw Worm","floor":2,"turns":3},{"damage":0,"enemies":"Cultist","floor":7,"turns":4},{"damage":6,"enemies":"Gremlin Nob","floor":8,"turns":4},{"damage":0,"enemies":"Looter","floor":10,"turns":3},{"damage":1,"enemies":"3 Sentries","floor":11,"turns":9},{"damage":0,"enemies":"Blue Slaver","floor":13,"turns":3},{"damage":0,"enemies":"Lots of Slimes","floor":14,"turns":4},{"damage":0,"enemies":"Slime Boss","floor":16,"turns":10},{"damage":0,"enemies":"3 Byrds","floor":18,"turns":3},{"damage":0,"enemies":"Chosen","floor":19,"turns":4},{"damage":0,"enemies":"Gremlin Leader","floor":24,"turns":9},{"damage":12,"enemies":"Snake Plant","floor":27,"turns":3},{"damage":19,"enemies":"Snecko","floor":28,"turns":5},{"damage":0,"enemies":"Chosen and Byrds","floor":31,"turns":6},{"damage":9,"enemies":"Pondfish","floor":33,"turns":13},{"damage":5,"enemies":"Orb Walker","floor":35,"turns":3},{"damage":5,"enemies":"3 Darklings","floor":36,"turns":4},{"damage":0,"enemies":"Mind Bloom Boss Battle","floor":37,"turns":6},{"damage":0,"enemies":"Writhing Mass","floor":39,"turns":5},{"damage":4,"enemies":"Giant Head","floor":40,"turns":7},{"damage":0,"enemies":"Jaw Worm Horde","floor":41,"turns":4},{"damage":10,"enemies":"Reptomancer","floor":42,"turns":6},{"damage":13,"enemies":"Giant Head","floor":44,"turns":7},{"damage":0,"enemies":"Spire Growth","floor":46,"turns":3},{"damage":0,"enemies":"Transient","floor":48,"turns":5},{"damage":12,"enemies":"Awakened One","floor":50,"turns":10},{"damage":0,"enemies":"Shield and Spear","floor":54,"turns":4},{"damage":62,"enemies":"The Heart","floor":55,"turns":6}],"seed_played":"-7781078354265476639","potions_obtained":[{"floor":2,"key":"Fire Potion"},{"floor":10,"key":"Energy Potion"},{"floor":13,"key":"LiquidBronze"},{"floor":14,"key":"LiquidBronze"},{"floor":18,"key":"Weak Potion"},{"floor":33,"key":"Adrenaline Potion"},{"floor":36,"key":"Energy Potion"},{"floor":37,"key":"Languid Potion"},{"floor":42,"key":"Dexterity Potion"},{"floor":44,"key":"Cursed Concoction"},{"floor":54,"key":"Swift Potion"}],"is_trial":false,"path_per_floor":["M","M","?","T","?","R","M","E","T","M","E","R","M","M","R","B",null,"M","M","$","$","?","R","E","R","T","M","M","?","R","M","R","B",null,"?","?","?","?","?","E","?","E","T","E","T","?","T","?","T","B",null,"T","T","E","B",null],"character_chosen":"HERMIT","items_purchased":["hermit:TrackingShot+1","hermit:Enervate+1","DollysMirror","hermit:Quickdraw+1","Dramatic Entrance+1","hermit:Determination","hermit:Headshot+1","hermit:ItchyTrigger+1"],"campfire_rested":0,"item_purchase_floors":[20,20,20,47,47,53,53,53],"current_hp_per_floor":[75,75,75,75,75,75,75,69,69,69,68,68,68,68,68,75,75,75,75,75,75,75,75,75,75,75,63,44,44,44,44,44,60,75,70,65,75,75,75,71,75,71,71,64,64,68,68,75,75,65,75,75,75,75,23],"gold":651,"neow_bonus":"BOSS_RELIC","is_daily":false,"chose_seed":false,"campfire_upgraded":8,"win_rate":0.0,"timestamp":1613509682,"path_taken":["M","M","?","?","?","R","M","E","T","M","E","R","M","M","R","BOSS","M","M","?","$","?","R","E","R","T","M","M","?","R","M","R","BOSS","?","?","?","?","?","E","?","E","T","E","T","?","T","?","T","BOSS","T","T","E","BOSS"],"items_purchased_type":["Card","Card","Relic","Card","Card","Card","Card","Card"],"build_version":"2020-12-22","purchased_purges":3,"victory":true,"max_hp_per_floor":[75,75,75,75,75,75,75,75,75,75,75,75,75,75,75,75,75,75,75,75,75,75,75,75,75,75,75,75,75,75,75,75,75,75,75,75,75,75,75,75,75,75,75,75,75,75,75,75,75,75,75,75,75,75,75],"card_choices":[{"not_picked":["hermit:LowProfile","hermit:Headshot","hermit:HoleUp"],"picked":"hermit:EyeOfTheStorm","floor":1},{"not_picked":["hermit:BodyArmor","hermit:Shortfuse","hermit:CursedWeapon"],"picked":"hermit:TakeAim","floor":2},{"not_picked":["hermit:Scavenge","hermit:Feint","hermit:Virtue"],"picked":"hermit:Dive","floor":7},{"not_picked":["hermit:NoHoldsBarred+1","hermit:Showdown+1","hermit:Misfire+1"],"picked":"hermit:HoleUp","floor":8},{"not_picked":["hermit:LowProfile","hermit:CalledShot+1","hermit:ItchyTrigger+1"],"picked":"hermit:Enervate+1","floor":10},{"not_picked":["hermit:Feint","hermit:TakeCover","hermit:FatalDesire"],"picked":"hermit:Determination","floor":11},{"not_picked":["hermit:TakeAim","hermit:WideOpen+1","hermit:Maintenance"],"picked":"hermit:Vantage","floor":13},{"not_picked":["hermit:Feint","hermit:Glare","hermit:Vantage"],"picked":"hermit:Ricochet+1","floor":14},{"not_picked":["hermit:DeadOrAlive+1","hermit:FromBeyond","hermit:Purgatory+1"],"picked":"hermit:Gambit","floor":16},{"not_picked":["hermit:Maintenance","hermit:Dive","hermit:TakeAim"],"picked":"hermit:CalledShot+1","floor":18},{"not_picked":["hermit:NoHoldsBarred+1","hermit:Showdown+1","hermit:Desperado+1"],"picked":"hermit:HighCaliber+1","floor":19},{"not_picked":["hermit:Snipe","hermit:HighNoon","hermit:Grudge+1"],"picked":"hermit:Dive","floor":24},{"not_picked":["hermit:Coalescence","hermit:TakeCover","hermit:LowProfile"],"picked":"hermit:Dive+1","floor":27},{"not_picked":["hermit:HoleUp+1","hermit:Vantage+1","hermit:Shortfuse+1"],"picked":"hermit:TrackingShot+1","floor":28},{"not_picked":["hermit:Maintenance","hermit:Determination","hermit:BodyArmor"],"picked":"hermit:WideOpen+1","floor":31},{"not_picked":["hermit:Headshot+1","hermit:Scavenge","hermit:Desperado+1"],"picked":"hermit:ItchyTrigger+1","floor":35},{"not_picked":["hermit:GoldenBullet+1","hermit:Cheat","hermit:Scavenge"],"picked":"hermit:Glare","floor":36},{"not_picked":["hermit:HighCaliber+1","hermit:Desperado+1","hermit:DeadMansHand+1"],"picked":"hermit:Quickdraw+1","floor":37},{"not_picked":["hermit:WideOpen+1","hermit:TakeAim+1","hermit:PistolWhip+1"],"picked":"hermit:CalledShot+1","floor":39},{"not_picked":["hermit:WideOpen+1","hermit:Desperado+1","hermit:Glare"],"picked":"hermit:BigShot","floor":40},{"not_picked":["hermit:Snipe","hermit:PistolWhip+1","hermit:WideOpen+1"],"picked":"hermit:Enervate+1","floor":41},{"not_picked":["hermit:LoneWolf+1","hermit:Glare","hermit:Grudge+1"],"picked":"hermit:EyeOfTheStorm+1","floor":42},{"not_picked":["hermit:Gestalt+1","hermit:WideOpen+1","hermit:Adapt"],"picked":"hermit:Headshot+1","floor":44},{"not_picked":["hermit:Snipe","hermit:Scavenge","hermit:HoleUp+1","hermit:Roulette+1"],"picked":"SKIP","floor":46},{"not_picked":["hermit:BlackWind+1","hermit:Desperado+1","hermit:Gestalt+1"],"picked":"hermit:Deadeye+1","floor":48},{"not_picked":["hermit:Misfire+1","hermit:Feint","hermit:Ricochet+1"],"picked":"hermit:Glare+1","floor":54}],"player_experience":73554,"relics_obtained":[{"floor":4,"key":"Divine Protection"},{"floor":8,"key":"Ornamental Fan"},{"floor":9,"key":"Pantograph"},{"floor":11,"key":"Replay:Bandana"},{"floor":24,"key":"Gremlin Food"},{"floor":26,"key":"Golden Egg"},{"floor":37,"key":"Ice Cream"},{"floor":40,"key":"Snack Pack"},{"floor":40,"key":"Iron Hammer"},{"floor":42,"key":"Anchor"},{"floor":42,"key":"hermit:Horseshoe"},{"floor":44,"key":"Bronze Scales"},{"floor":44,"key":"ReplayTheSpireMod:Ninjato"},{"floor":54,"key":"Pet Ghost"},{"floor":54,"key":"Mummified Hand"}],"event_choices":[{"damage_healed":0,"gold_gain":0,"player_choice":"Upgraded","damage_taken":0,"max_hp_gain":0,"max_hp_loss":0,"event_name":"Upgrade Shrine","floor":5,"gold_loss":0,"cards_upgraded":["hermit:EyeOfTheStorm"]},{"damage_healed":0,"gold_gain":99,"player_choice":"Stole From Cult","damage_taken":0,"max_hp_gain":0,"max_hp_loss":0,"event_name":"Nest","floor":29,"gold_loss":0},{"damage_healed":0,"gold_gain":0,"player_choice":"Fight","damage_taken":0,"max_hp_gain":0,"max_hp_loss":0,"event_name":"MindBloom","floor":37,"gold_loss":0},{"damage_healed":0,"gold_gain":0,"player_choice":"Ignored","damage_taken":0,"max_hp_gain":0,"max_hp_loss":0,"event_name":"SecretPortal","floor":38,"gold_loss":0}],"is_beta":false,"boss_relics":[{"not_picked":["Replay:Ancient Bell","hermit:BartenderGlass"],"picked":"Astrolabe"},{"not_picked":["aspiration:SilentSkillbook","SacredBark"],"picked":"Replay:Grab Bag"},{"not_picked":["Replay:Bronze Core","Runic Dome"],"picked":"Replay:Wanted Poster"},{"not_picked":["ReplayTheSpireMod:Onyx Gauntlets","Coffee Dripper"],"picked":"Painkiller Herb"},{"not_picked":["aspiration:RitualDagger","aspiration:SecretTechniqueScroll"],"picked":"Black Star"}],"items_purged_floors":[20,21,47],"is_endless":false,"potions_floor_spawned":[2,10,13,14,18,33,36,37,42,44,54],"ascension_level":0}}