{"host":"1xo5g347e5o4auts","time":1613500608,"event":{"mods":["BaseMod","Minty Spire (QoL Compilation)","Permanent Neow","StSLib"],"gold_per_floor":[11,30,30,30,42,42,75,75,75,104,123,123,123,148,148,222,222,240,240,240,264,264,264,264],"floor_reached":23,"language":"ENG","playtime":467,"items_purged":[],"score":410,"play_id":"cac6fcb5-5c77-4c30-beef-d661b8f9ea9d","local_time":"20210216203648","is_ascension_mode":true,"campfire_choices":[{"data":"Poisoned Stab","floor":6.0,"key":"SMITH"},{"data":"Dagger Spray","floor":8.0,"key":"SMITH"},{"floor":13.0,"key":"REST"},{"data":"Catalyst","floor":15.0,"key":"SMITH"}],"circlet_count":0,"master_deck":["AscendersBane","Strike_G","Strike_G","Strike_G","Defend_G","Defend_G","Defend_G","Defend_G","Defend_G","Survivor","Neutralize","Sadistic Nature","Dagger Spray+1","Backflip","Poisoned Stab+1","Terror","Bouncing Flask","Catalyst+1","Wraith Form v2","Ghostly","Ghostly","Ghostly"],"relics":["Ring of the Snake","Question Card","Regal Pillow","Matryoshka","The Courier","Smiling Mask","Black Star","Enchiridion","Juzu Bracelet","Dream Catcher"],"acts_visited":["Exordium","TheCity"],"potions_floor_usage":[23],"damage_taken":[{"damage":2.0,"enemies":"Jaw Worm","floor":1.0,"turns":5.0},{"damage":1.0,"enemies":"2 Louse","floor":2.0,"turns":3.0},{"damage":1.0,"enemies":"Small Slimes","floor":5.0,"turns":3.0},{"damage":23.0,"enemies":"Lagavulin","floor":7.0,"turns":7.0},{"damage":37.0,"enemies":"Gremlin Nob","floor":10.0,"turns":4.0},{"damage":9.0,"enemies":"2 Fungi Beasts","floor":11.0,"turns":3.0},{"damage":22.0,"enemies":"3 Sentries","floor":14.0,"turns":6.0},{"damage":5.0,"enemies":"Hexaghost","floor":16.0,"turns":7.0},{"damage":10.0,"enemies":"Shell Parasite","floor":18.0,"turns":4.0},{"damage":0,"enemies":"Slavers","floor":23,"turns":3}],"seed_played":"-444899544920271966","potions_obtained":[{"floor":2.0,"key":"FairyPotion"},{"floor":10.0,"key":"FearPotion"},{"floor":14.0,"key":"PowerPotion"}],"is_trial":false,"path_per_floor":["M","M","?","?","M","R","E","R","T","E","M","?","R","E","R","B",null,"M","?","?","T","?","E"],"character_chosen":"THE_SILENT","items_purchased":[],"campfire_rested":1,"item_purchase_floors":[],"current_hp_per_floor":[57,56,56,30,29,29,6,6,6,19,10,3,37,15,15,10,52,42,21,3,3,3,3,3],"gold":264,"neow_bonus":"RANDOM_COLORLESS_2","is_daily":false,"chose_seed":false,"campfire_upgraded":3,"win_rate":0.0,"timestamp":1613500608,"path_taken":["M","M","?","?","M","R","E","R","T","E","M","?","R","E","R","BOSS","M","?","?","?","?","E"],"items_purchased_type":[],"build_version":"2020-12-22","purchased_purges":0,"victory":false,"max_hp_per_floor":[66,66,66,66,66,66,66,66,66,66,66,66,66,66,66,66,66,66,66,71,71,35,35,35],"card_choices":[{"not_picked":["Magnetism","Secret Technique"],"picked":"Sadistic Nature","floor":0.0},{"not_picked":["Dodge and Roll","Deflect"],"picked":"Dagger Spray","floor":1.0},{"not_picked":["Catalyst","Dodge and Roll","Expertise"],"picked":"SKIP","floor":2.0},{"not_picked":["Dagger Throw","Deadly Poison","PiercingWail"],"picked":"Poisoned Stab","floor":5.0},{"not_picked":["Riddle With Holes","Slice","Backstab"],"picked":"Terror","floor":7.0},{"not_picked":["Dodge and Roll","Storm of Steel","Footwork"],"picked":"Bouncing Flask","floor":10.0},{"not_picked":["Riddle With Holes","Distraction","Flechettes"],"picked":"Catalyst","floor":11.0},{"not_picked":["Dodge and Roll","Flechettes","Skewer","Slice"],"picked":"SKIP","floor":14.0},{"not_picked":["Unload","A Thousand Cuts","Burst"],"picked":"Wraith Form v2","floor":16.0},{"not_picked":["Poisoned Stab","Dodge and Roll","Cloak And Dagger","Blade Dance"],"picked":"SKIP","floor":18.0}],"player_experience":1494325,"relics_obtained":[{"floor":7.0,"key":"Regal Pillow"},{"floor":9.0,"key":"Matryoshka"},{"floor":10.0,"key":"The Courier"},{"floor":14.0,"key":"Smiling Mask"},{"floor":19.0,"key":"Enchiridion"},{"floor":21.0,"key":"Juzu Bracelet"},{"floor":21.0,"key":"Dream Catcher"}],"event_choices":[{"damage_healed":0.0,"max_hp_gain":0.0,"max_hp_loss":0.0,"gold_gain":0.0,"cards_transformed":["Strike_G"],"event_name":"Living Wall","player_choice":"Change","floor":3.0,"gold_loss":0.0,"damage_taken":0.0,"cards_obtained":["Backflip"]},{"damage_healed":0.0,"max_hp_gain":0.0,"max_hp_loss":0.0,"gold_gain":0.0,"event_name":"Scrap Ooze","player_choice":"Success","floor":4.0,"gold_loss":0.0,"damage_taken":26.0,"relics_obtained":["Question Card"]},{"cards_removed":["Strike_G"],"damage_healed":0.0,"max_hp_gain":0.0,"max_hp_loss":0.0,"gold_gain":0.0,"event_name":"Golden Wing","player_choice":"Card Removal","floor":12.0,"gold_loss":0.0,"damage_taken":7.0},{"damage_healed":0.0,"max_hp_gain":0.0,"max_hp_loss":0.0,"gold_gain":0.0,"event_name":"Cursed Tome","player_choice":"Obtained Book","floor":19.0,"gold_loss":0.0,"damage_taken":21.0},{"damage_healed":0.0,"max_hp_gain":5.0,"max_hp_loss":0.0,"gold_gain":0.0,"event_name":"Forgotten Altar","player_choice":"Shed Blood","floor":20.0,"gold_loss":0.0,"damage_taken":23.0},{"damage_healed":0.0,"max_hp_gain":0.0,"max_hp_loss":36.0,"gold_gain":0.0,"event_name":"Ghosts","player_choice":"Became a Ghost","floor":22.0,"gold_loss":0.0,"damage_taken":0.0,"cards_obtained":["Ghostly","Ghostly","Ghostly"]}],"is_beta":false,"boss_relics":[{"not_picked":["HoveringKite","WristBlade"],"picked":"Black Star"}],"items_purged_floors":[],"is_endless":false,"potions_floor_spawned":[2,10,14,16],"killed_by":"Slavers","ascension_level":20}}