{"host":"61r95uy0hn86b9iu","time":1613444753,"event":{"mods":["AchievementEnabler","BaseMod","Better Vampires","BetterRewards","Colored Powertips","Hubris","Minty Spire (QoL Compilation)","Shop Mod","StSLib"],"gold_per_floor":[27,43,43,54,72,72,100,100,100,100,126,126,67,67,67,140,140,155,133,133,133,152,152,67,67,67,67,67,67],"floor_reached":28,"language":"ENG","playtime":1053,"items_purged":["Strike_B"],"score":632,"play_id":"65ffe3f5-568a-48be-b258-caf935163eae","local_time":"20210215210553","is_ascension_mode":true,"campfire_choices":[{"floor":6.0,"key":"REST"},{"floor":10.0,"key":"REST"},{"floor":12,"key":"REST"},{"floor":15,"key":"REST"},{"floor":23,"key":"REST"}],"circlet_count":0,"master_deck":["AscendersBane","Strike_B+1","Strike_B","Strike_B+1","Defend_B","Defend_B","Defend_B","Zap","Dualcast","Defragment+1","Gash","Loop","Conserve Battery","hubris:Ukulele","Coolheaded","Echo Form","Undo","Sunder"],"relics":["Cracked Core","Juzu Bracelet","Cables","Pantograph","Sozu","Dead Branch","Omamori"],"acts_visited":["Exordium","TheCity"],"potions_floor_usage":[11,16,19,19],"damage_taken":[{"damage":14.0,"enemies":"Jaw Worm","floor":1.0,"turns":4.0},{"damage":0.0,"enemies":"2 Louse","floor":2.0,"turns":2.0},{"damage":1.0,"enemies":"Cultist","floor":4.0,"turns":3.0},{"damage":8.0,"enemies":"Blue Slaver","floor":5.0,"turns":3.0},{"damage":11.0,"enemies":"Gremlin Nob","floor":7.0,"turns":3.0},{"damage":45,"enemies":"3 Sentries","floor":11,"turns":7},{"damage":36,"enemies":"Hexaghost","floor":16,"turns":7},{"damage":24,"enemies":"Shell Parasite","floor":18,"turns":6},{"damage":23,"enemies":"2 Thieves","floor":19,"turns":4},{"damage":11,"enemies":"Sentry and Sphere","floor":22,"turns":7},{"damage":22,"enemies":"Colosseum Slavers","floor":27,"turns":5},{"damage":9,"enemies":"Chosen and Byrds","floor":28,"turns":3}],"seed_played":"2172284584686309396","potions_obtained":[{"floor":2.0,"key":"SteroidPotion"},{"floor":7.0,"key":"SpeedPotion"},{"floor":14,"key":"Swift Potion"},{"floor":14,"key":"FocusPotion"},{"floor":16,"key":"LiquidMemories"}],"is_trial":false,"path_per_floor":["M","M","?","M","M","R","E","?","T","R","E","R","$","?","R","B",null,"M","M","?","?","M","R","?","?","T","?","M"],"character_chosen":"DEFECT","items_purchased":["Defragment","Gash","Coolheaded"],"campfire_rested":5,"item_purchase_floors":[0,0,13],"current_hp_per_floor":[50,50,50,49,41,62,51,30,30,51,6,27,27,27,48,35,62,38,15,15,15,4,25,25,25,25,3,0,0],"gold":67,"neow_bonus":"","is_daily":false,"chose_seed":false,"campfire_upgraded":0,"win_rate":0.0,"timestamp":1613444753,"path_taken":["M","M","?","M","M","R","E","?","T","R","E","R","?","?","R","BOSS","M","M","?","?","M","R","?","?","T","?","M"],"items_purchased_type":["Card","Card","Card"],"build_version":"2020-12-22","purchased_purges":1,"victory":false,"max_hp_per_floor":[71,71,71,71,71,71,71,71,71,71,71,71,71,71,71,71,71,71,71,71,71,71,71,71,71,71,71,71,71],"card_choices":[{"not_picked":["Gash","Compile Driver"],"picked":"Loop","floor":1.0},{"not_picked":["Rip and Tear","Cold Snap"],"picked":"Conserve Battery","floor":2.0},{"not_picked":["Redo","Storm","Cold Snap"],"picked":"SKIP","floor":4.0},{"not_picked":["Streamline","Barrage"],"picked":"hubris:Ukulele","floor":5.0},{"not_picked":["Rebound","Storm","Redo"],"picked":"SKIP","floor":7.0},{"not_picked":["Self Repair","Stack","Loop"],"picked":"SKIP","floor":11},{"not_picked":["Rainbow","Reboot"],"picked":"Echo Form","floor":16},{"not_picked":["Gash","Sweeping Beam"],"picked":"Undo","floor":18},{"not_picked":["Streamline","Skim"],"picked":"Sunder","floor":19},{"not_picked":["Beam Cell","Rebound","Stack"],"picked":"SKIP","floor":22}],"player_experience":3352317,"relics_obtained":[{"floor":7.0,"key":"Juzu Bracelet"},{"floor":9.0,"key":"Cables"},{"floor":11,"key":"Pantograph"}],"event_choices":[{"damage_healed":0.0,"max_hp_gain":0.0,"max_hp_loss":0.0,"gold_gain":0.0,"event_name":"Shining Light","player_choice":"Entered Light","floor":8.0,"gold_loss":0.0,"damage_taken":21.0,"cards_upgraded":["Strike_B","Strike_B"]},{"damage_healed":0,"gold_gain":0,"player_choice":"Got Potions","damage_taken":0,"max_hp_gain":0,"max_hp_loss":0,"event_name":"Lab","floor":14,"gold_loss":0},{"damage_healed":0,"gold_gain":0,"player_choice":"Opened","damage_taken":0,"relics_obtained":["Dead Branch"],"max_hp_gain":0,"max_hp_loss":0,"event_name":"The Mausoleum","floor":20,"gold_loss":0,"cards_obtained":["Writhe"]},{"damage_healed":0,"gold_gain":0,"player_choice":"Ignored","damage_taken":0,"max_hp_gain":0,"max_hp_loss":0,"event_name":"Ghosts","floor":21,"gold_loss":0},{"damage_healed":0,"gold_gain":0,"player_choice":"Obtained Relic","damage_taken":0,"relics_obtained":["Omamori"],"max_hp_gain":0,"max_hp_loss":0,"event_name":"Addict","floor":24,"gold_loss":85},{"cards_removed":["Writhe"],"damage_healed":0,"gold_gain":0,"player_choice":"Card Removal","damage_taken":0,"max_hp_gain":0,"max_hp_loss":0,"event_name":"Wheel of Change","floor":25,"gold_loss":0},{"damage_healed":0,"gold_gain":0,"player_choice":"Fight","damage_taken":0,"max_hp_gain":0,"max_hp_loss":0,"event_name":"Colosseum","floor":27,"gold_loss":0},{"damage_healed":0,"gold_gain":0,"player_choice":"Fled From Nobs","damage_taken":0,"max_hp_gain":0,"max_hp_loss":0,"event_name":"Colosseum","floor":27,"gold_loss":0}],"is_beta":false,"boss_relics":[{"not_picked":["hubris:ScarierMask","hubris:Stopwatch"],"picked":"Sozu"}],"items_purged_floors":[0],"is_endless":false,"potions_floor_spawned":[2,7,16,18,19],"killed_by":"Chosen and Byrds","ascension_level":19}}