{"host":"xp5rvh2jwe2ejyfm","time":1613436843,"event":{"mods":["2.2 Compatiblity","Aspiration","BaseMod","Better Altar","Better Match","Better Note","Better Sensory Stone","Better Skull","BetterRewards","Colored Powertips","Conspire","Downfall","GifTheSpireLib","Gremlin Mod","GungeonMod","Hermit","Hubris","Jorbs\u0027s Wanderer Trilogy","Minty Spire (QoL Compilation)","Potionbrewer","Quick Restart","Replay The Spire","Robot Space Explorer","Shade Mod","Somnambulant","StSLib","The Bug Knight","The Clintock","The Construct","The Cursed","The Disciple","The Forsaken","The Hierophant","The Marked","The Necromancer","The Runesmith","The Servant 0.9.4","The Valiant","The Witch","TheFirefly","thorton"],"gold_per_floor":[116,26,38,38,58,90,64,84,152,152,163,163,238,238,238,341,341,359,16,34,34,34],"floor_reached":21,"language":"ENG","playtime":559,"items_purged":["downfall:Haunted"],"score":204,"play_id":"d8de76c9-a60b-4431-9606-50d77be51819","local_time":"20210215195403","is_ascension_mode":false,"campfire_choices":[{"floor":10,"key":"REST"},{"floor":15,"key":"REST"}],"circlet_count":0,"master_deck":["theMarked:Strike","theMarked:Strike","theMarked:Strike","theMarked:Strike","theMarked:Strike","theMarked:Defend","theMarked:Defend","theMarked:Defend","theMarked:Defend","theMarked:SoldierOfQuellstein","theMarked:BanishingStrike","theMarked:EmpowerWeapon","theMarked:StartUp","theMarked:RogueSparks","theMarked:RogueSparks","theMarked:Parry","theMarked:EmpowerWeapon","theMarked:MuscleMemory","theMarked:MysticalArsenal","downfall:Haunted","theMarked:BindingBlade","theMarked:OneWithTheBlade","Sadistic Nature","theMarked:MuscleMemory","theMarked:Parry"],"relics":["theMarked:ArtifactOfAir","NeowsBlessing","Boot","DemoMod:MeltedRock","Du-Vu Doll","thethorton:BottledFunds"],"acts_visited":["Exordium","TheCity"],"potions_floor_usage":[6,11,16,21],"damage_taken":[{"damage":0,"enemies":"2 Louse","floor":1,"turns":1},{"damage":0,"enemies":"Small Slimes","floor":3,"turns":1},{"damage":0,"enemies":"Cultist","floor":5,"turns":1},{"damage":0,"enemies":"Gremlin Nob","floor":6,"turns":5},{"damage":53,"enemies":"Gremlin Gang","floor":8,"turns":5},{"damage":6,"enemies":"Exordium Wildlife","floor":11,"turns":3},{"damage":22,"enemies":"Slime Boss","floor":16,"turns":8},{"damage":30,"enemies":"Shell Parasite","floor":18,"turns":3},{"damage":17,"enemies":"conspire:FuzzyDice","floor":20,"turns":5},{"damage":22,"enemies":"Centurion and Healer","floor":21,"turns":4}],"seed_played":"-5059913653499313202","potions_obtained":[{"floor":1,"key":"GamblersBrew"},{"floor":3,"key":"LifebloodPotion"},{"floor":6,"key":"Strength Potion"},{"floor":8,"key":"theMarked:ChargePotion"},{"floor":16,"key":"Strength Potion"},{"floor":18,"key":"potionbrewer:FreezingPotion"}],"is_trial":false,"path_per_floor":["M","$","M","?","M","E","$","M","T","R","M","?","?","?","R","B",null,"M","$","M","M"],"character_chosen":"THE_DEFAULT","items_purchased":["theMarked:EmpowerWeapon","theMarked:StartUp","theMarked:EmpowerWeapon","Sadistic Nature","theMarked:MuscleMemory"],"campfire_rested":2,"item_purchase_floors":[2,2,7,19,19],"current_hp_per_floor":[70,70,70,70,70,70,70,17,17,38,32,55,44,44,65,43,70,40,40,23,1,1],"gold":34,"neow_bonus":"THREE_ENEMY_KILL","is_daily":false,"chose_seed":false,"campfire_upgraded":0,"win_rate":0.0,"timestamp":1613436843,"path_taken":["M","$","M","?","M","E","$","M","T","R","M","?","?","?","R","BOSS","M","$","M","M"],"items_purchased_type":["Card","Card","Card","Card","Card"],"build_version":"2020-12-22","purchased_purges":1,"victory":false,"max_hp_per_floor":[70,70,70,70,70,70,70,70,70,70,70,70,70,70,70,70,70,70,70,70,70,70],"card_choices":[{"not_picked":["theMarked:Reabsorb","theMarked:WastefulAttack"],"picked":"theMarked:BanishingStrike","floor":1},{"not_picked":["theMarked:Frustration","theMarked:Parkour"],"picked":"theMarked:RogueSparks","floor":3},{"not_picked":["theMarked:Abjuration","theMarked:SwordAndMagic"],"picked":"theMarked:RogueSparks","floor":5},{"not_picked":["theMarked:Improvise","theMarked:TakeCover"],"picked":"theMarked:Parry","floor":6},{"not_picked":["theMarked:ResourceFulStrike","theMarked:WastefulAttack"],"picked":"theMarked:MuscleMemory","floor":8},{"not_picked":["theMarked:WastefulAttack","theMarked:TwofoldDefense"],"picked":"theMarked:MysticalArsenal","floor":11},{"not_picked":["theMarked:Defy","theMarked:TurnInvisible"],"picked":"theMarked:BindingBlade","floor":16},{"not_picked":["theMarked:Friction","theMarked:Improvise+1"],"picked":"theMarked:OneWithTheBlade","floor":18},{"not_picked":["theMarked:WardOff","theMarked:HeightenedSenses"],"picked":"theMarked:Parry","floor":20}],"player_experience":512770,"relics_obtained":[{"floor":6,"key":"Boot"},{"floor":9,"key":"DemoMod:MeltedRock"}],"event_choices":[{"damage_healed":0,"gold_gain":0,"player_choice":"Leave","damage_taken":0,"max_hp_gain":0,"max_hp_loss":0,"event_name":"conspire:Investor","floor":4,"gold_loss":0},{"damage_healed":23,"gold_gain":0,"player_choice":"Banana","damage_taken":0,"max_hp_gain":0,"max_hp_loss":0,"event_name":"Big Fish","floor":12,"gold_loss":0},{"damage_healed":0,"gold_gain":75,"player_choice":"Gather Gold","damage_taken":11,"max_hp_gain":0,"max_hp_loss":0,"event_name":"World of Goop","floor":13,"gold_loss":0}],"is_beta":false,"boss_relics":[{"not_picked":["theMarked:Eyepatch","Painkiller Herb"],"picked":"thethorton:BottledFunds"}],"items_purged_floors":[19],"is_endless":false,"potions_floor_spawned":[1,3,6,8,16,18],"killed_by":"Centurion and Healer","ascension_level":0}}