{"host":"ox77rn1xcurm2t5a","time":1613502031,"event":{"mods":["2.2 Compatiblity","AchievementEnabler","Act Like it!","Aspiration","BaseMod","Best Route Mod","Better Match","Better Note","Better Sensory Stone","Block Reminder","Colored Map","Colored Powertips","Conjunction","Conspire","Custom Start","Energized Spire","GifTheSpireLib","Gold Saver","Gremlin Skip","Halation","Highlight Path","Hubris","Infinite Spire","Minty Spire (QoL Compilation)","Pale of the Ancients","Quick Restart","Replay The Spire","Reworked Bosses","ShortenTheSpire","Spire Exporter","StSLib","Stuff the Spire","Wandering Minibosses"],"gold_per_floor":[502,502,502,34,34,34,69,17,17,31,61,76,76,96,96,197,197,216,21,32,32,43,43,71,71,144,144,178,193,193,212,212,312,312,329,342,16,30,30,64,81,81,130,158,158,163,180,180,180,186,186,186,35,78,95,95],"floor_reached":55,"language":"ENG","playtime":1582,"items_purged":["Defend_R","Strike_R"],"score":934,"play_id":"67f35266-4823-4d68-a233-74e9bdb1ed1b","local_time":"20210216210031","is_ascension_mode":true,"campfire_choices":[{"floor":6.0,"key":"RECALL"},{"data":"Flex","floor":13.0,"key":"SMITH"},{"data":"Uppercut","floor":15.0,"key":"SMITH"},{"data":"Demon Form","floor":23.0,"key":"SMITH"},{"data":"Heavy Blade","floor":30.0,"key":"SMITH"},{"data":"Limit Break","floor":32.0,"key":"SMITH"},{"data":"Sword Boomerang","floor":42,"key":"SMITH"},{"floor":49,"key":"REST"},{"data":"StuffTheSpire:BrainWave","floor":52,"key":"SMITH"}],"circlet_count":0,"master_deck":["Strike_R","Strike_R","Strike_R","Defend_R","Defend_R","Defend_R","Bash+1","Pommel Strike","Anger","Heavy Blade+1","Flex+1","Uppercut+1","Demon Form+1","Battle Trance","Limit Break","Headbutt+1","Thunderclap","Inflame+1","Thunderclap","Uppercut+1","Limit Break+1","Flex","Anger+1","Dropkick+1","Rampage+1","Sword Boomerang+1","StuffTheSpire:BrainWave+1","Bludgeon"],"relics":["Burning Blood","Self Forming Clay","halation:Sosunser","aspiration:AnachronicSnailShell","Torii","energizedSpire:DeadBattery","infinitespire:Bottled Soul","StuffTheSpire:Rhapsscallions","hubris:CrystalStatue","SlaversCollar","aspiration:ChemicalBlood","Red Skull","halation:IllGainedPizza","ReplayFunnel","Gremlin Food"],"acts_visited":["Exordium","TheCity","TheBeyond","TheEnding"],"potions_floor_usage":[38,40,40,40,40,41,44,46,50,54,54,55,55,55],"damage_taken":[{"damage":0.0,"enemies":"2 Louse","floor":1.0,"turns":4.0},{"damage":55.0,"enemies":"3 Sentries","floor":7.0,"turns":12.0},{"damage":0.0,"enemies":"Small Slimes","floor":10.0,"turns":3.0},{"damage":8.0,"enemies":"Gremlin Nob","floor":11.0,"turns":3.0},{"damage":4.0,"enemies":"Jaw Worm","floor":12.0,"turns":2.0},{"damage":5.0,"enemies":"Blue Slaver","floor":14.0,"turns":3.0},{"damage":21.0,"enemies":"The Guardian","floor":16.0,"turns":7.0},{"damage":3.0,"enemies":"Spheric Guardian","floor":18.0,"turns":3.0},{"damage":4.0,"enemies":"3 Byrds","floor":20.0,"turns":4.0},{"damage":2.0,"enemies":"Cultist and Chosen","floor":22.0,"turns":4.0},{"damage":25.0,"enemies":"Slavers","floor":24.0,"turns":5.0},{"damage":10.0,"enemies":"Gremlin Leader","floor":28.0,"turns":4.0},{"damage":16.0,"enemies":"Snecko","floor":29.0,"turns":4.0},{"damage":7.0,"enemies":"Snake Plant","floor":31.0,"turns":3.0},{"damage":14.0,"enemies":"bossMod:newChamp","floor":33.0,"turns":5.0},{"damage":25.0,"enemies":"3 Shapes","floor":35.0,"turns":5.0},{"damage":34.0,"enemies":"3 Darklings","floor":36.0,"turns":6.0},{"damage":14,"enemies":"4 Shapes","floor":38,"turns":3},{"damage":27,"enemies":"Reptomancer","floor":40,"turns":5},{"damage":16,"enemies":"Transient","floor":41,"turns":5},{"damage":7,"enemies":"R_Hoarder","floor":44,"turns":5},{"damage":34,"enemies":"Reptomancer","floor":46,"turns":4},{"damage":12,"enemies":"Jaw Worm Horde","floor":47,"turns":2},{"damage":26,"enemies":"bossMod:newShapes","floor":50,"turns":4},{"damage":41,"enemies":"Shield and Spear","floor":54,"turns":4},{"damage":48,"enemies":"The Heart","floor":55,"turns":3}],"seed_played":"-1120815195131214538","potions_obtained":[{"floor":1.0,"key":"Languid Potion"},{"floor":10.0,"key":"Swift Potion"},{"floor":11.0,"key":"Ancient Potion"},{"floor":12.0,"key":"Elixir"},{"floor":18.0,"key":"LiquidMemories"},{"floor":22.0,"key":"Weak Potion"},{"floor":28.0,"key":"Ancient Potion"},{"floor":33.0,"key":"Dexterity Potion"},{"floor":36.0,"key":"Flashbang"},{"floor":38,"key":"ElixirPotion"},{"floor":39,"key":"Energy Potion"},{"floor":39,"key":"Venom Potion"},{"floor":40,"key":"AttackPotion"}],"is_trial":false,"path_per_floor":["M","?","?","$","?","R","E","$","T","M","E","M","R","M","R","B",null,"M","$","M","AVR","M","R","E","?","T","?","E","M","R","M","R","B",null,"M","M","$","M","?","E","M","R","T","E","?","E","M","?","R","B",null,"R","$","E","B"],"character_chosen":"IRONCLAD","items_purchased":["Self Forming Clay","halation:Sosunser","Anger","Limit Break","Explosive Potion","Clash","FairyPotion","LiquidMemories","ReplayFunnel"],"campfire_rested":1,"item_purchase_floors":[4,4,8,19,19,37,37,37,53],"current_hp_per_floor":[80,80,80,80,80,80,31,31,31,37,35,37,37,38,38,23,80,80,80,80,80,80,80,61,69,72,72,68,58,58,57,57,49,83,64,36,36,28,28,7,46,46,46,45,45,17,11,11,35,15,83,83,83,48,0,0],"gold":95,"neow_bonus":"UPGRADE_CARD","is_daily":false,"chose_seed":false,"campfire_upgraded":7,"win_rate":0.0,"timestamp":1613502031,"path_taken":["M","?","?","$","?","R","E","?","T","M","E","?","R","M","R","BOSS","M","$","M","AVR","M","R","E","?","T","?","E","?","R","M","R","BOSS","M","M","$","M","?","E","?","R","T","E","?","E","M","?","R","BOSS","R","$","E","BOSS"],"items_purchased_type":["Relic","Relic","Card","Card","Potion","Card","Potion","Potion","Relic"],"build_version":"2020-12-22","purchased_purges":2,"victory":false,"max_hp_per_floor":[80,80,80,80,80,80,80,80,80,80,80,80,80,80,80,80,80,80,80,80,80,80,80,80,80,83,83,83,83,83,83,83,83,83,83,83,83,83,83,83,83,83,83,83,83,83,83,83,83,83,83,83,83,83,83,83],"card_choices":[{"not_picked":["StuffTheSpire:Pyroclast","ReplayTheSpireMod:LeadingStrike"],"picked":"Pommel Strike","floor":1.0},{"not_picked":["Power Through","Hemokinesis","StuffTheSpire:Resist"],"picked":"SKIP","floor":7.0},{"not_picked":["ReplayTheSpireMod:Stacked","Havoc"],"picked":"Heavy Blade","floor":10.0},{"not_picked":["Life Link","Second Wind","ReplayTheSpireMod:Stacked"],"picked":"SKIP","floor":11.0},{"not_picked":["conspire:ExplosiveBarrier","Seeing Red"],"picked":"Flex","floor":12.0},{"not_picked":["Heavy Blade","Iron Wave"],"picked":"Uppercut","floor":14.0},{"not_picked":["conspire:HitWhereItHurts","Juggernaut"],"picked":"Demon Form","floor":16.0},{"not_picked":["Pommel Strike","Burning Pact"],"picked":"Battle Trance","floor":18.0},{"not_picked":["True Grit","Havoc+1"],"picked":"Headbutt+1","floor":20.0},{"not_picked":["Power Through+1","Heavy Blade"],"picked":"Thunderclap","floor":22.0},{"not_picked":["Perfected Strike","Whirlwind+1"],"picked":"Inflame+1","floor":24.0},{"not_picked":["Pommel Strike","Dual Wield"],"picked":"Thunderclap","floor":28.0},{"not_picked":["Pommel Strike","Iron Wave"],"picked":"Uppercut+1","floor":29.0},{"not_picked":["Headbutt","Disarm"],"picked":"Limit Break","floor":31.0},{"not_picked":["ReplayTheSpireMod:Limb From Limb","Perfected Strike"],"picked":"Flex","floor":35.0},{"not_picked":["Flex","Heavy Blade"],"picked":"Anger+1","floor":36.0},{"not_picked":["Twin Strike","Armaments"],"picked":"Dropkick+1","floor":38},{"not_picked":["Fire Breathing","Blood for Blood"],"picked":"Rampage+1","floor":40},{"not_picked":["Dual Wield","Body Slam"],"picked":"Sword Boomerang","floor":41},{"not_picked":["ReplayTheSpireMod:Strike From Hell+1","Warcry+1","Corruption"],"picked":"SKIP","floor":44},{"not_picked":["ReplayTheSpireMod:Strike From Hell+1","Warcry+1","Corruption"],"picked":"SKIP","floor":44},{"not_picked":["StuffTheSpire:CelestialWarden","StuffTheSpire:Ambrosia"],"picked":"StuffTheSpire:BrainWave","floor":45},{"not_picked":["Sever Soul","Sword Boomerang","Armaments+1"],"picked":"SKIP","floor":47},{"not_picked":["Juggernaut","Offering"],"picked":"Bludgeon","floor":54}],"player_experience":3119618,"relics_obtained":[{"floor":7.0,"key":"aspiration:AnachronicSnailShell"},{"floor":11.0,"key":"Torii"},{"floor":24.0,"key":"Potion Belt"},{"floor":26.0,"key":"StuffTheSpire:Rhapsscallions"},{"floor":28.0,"key":"hubris:CrystalStatue"},{"floor":40,"key":"aspiration:ChemicalBlood"},{"floor":43,"key":"Red Skull"},{"floor":44,"key":"halation:IllGainedPizza"},{"floor":54,"key":"Gremlin Food"}],"event_choices":[{"damage_healed":0.0,"max_hp_gain":0.0,"max_hp_loss":0.0,"gold_gain":1.0,"event_name":"betterStone:BetterStone","player_choice":"1","floor":3.0,"gold_loss":0.0,"damage_taken":0.0},{"damage_healed":0.0,"max_hp_gain":0.0,"max_hp_loss":0.0,"gold_gain":0.0,"event_name":"Liars Game","player_choice":"Ignored","floor":5.0,"gold_loss":0.0,"damage_taken":0.0},{"damage_healed":0.0,"max_hp_gain":0.0,"max_hp_loss":0.0,"gold_gain":0.0,"event_name":"betterNote:BetterNote","player_choice":"Ignored","floor":27.0,"gold_loss":0.0,"damage_taken":0.0,"cards_obtained":["Strike_P"]},{"damage_healed":0,"gold_gain":0,"player_choice":"Got Potions","damage_taken":0,"max_hp_gain":0,"max_hp_loss":0,"event_name":"Lab","floor":39,"gold_loss":0},{"cards_removed":["Clash"],"damage_healed":0,"gold_gain":0,"player_choice":"Removed Attack","damage_taken":0,"max_hp_gain":0,"max_hp_loss":0,"event_name":"Falling","floor":48,"gold_loss":0}],"is_beta":false,"boss_relics":[{"not_picked":["hubris:CrackedHourglass","Ooze Armor"],"picked":"energizedSpire:DeadBattery"},{"not_picked":["energizedSpire:SpiderWeb","Empty Cage"],"picked":"SlaversCollar"}],"items_purged_floors":[4,37],"is_endless":false,"potions_floor_spawned":[1,10,11,12,18,22,28,33,36,38,40],"killed_by":"The Heart","ascension_level":4}}