{"host":"f6w7z8zvb0mi4wy9","time":1613457454,"event":{"mods":["BaseMod","Colored Map","Minty Spire (QoL Compilation)","READ ME - Guardian Mod","StSLib","SuperFastMode","The Jungle"],"gold_per_floor":[110,60,235,335,86,86,117,117,117,142,142,157,66,80,80,179,179,193,193,208,218,318,348,348,376,376,402,402,402],"floor_reached":28,"language":"KOR","playtime":795,"items_purged":["Doubt"],"score":349,"play_id":"6333a548-292f-4b3d-bd71-219e87236473","local_time":"20210216153734","is_ascension_mode":true,"campfire_choices":[{"data":"Zap","floor":6.0,"key":"SMITH"},{"data":"Dualcast","floor":8.0,"key":"SMITH"},{"data":"Beam Cell","floor":11.0,"key":"SMITH"},{"floor":15.0,"key":"RECALL"},{"data":"Defragment","floor":24.0,"key":"SMITH"}],"circlet_count":0,"master_deck":["Strike_B","Strike_B","Strike_B","Defend_B","Defend_B","Defend_B","Defend_B","Zap+1","Dualcast+1","Sweeping Beam","FTL","Good Instincts","Seek","Beam Cell+1","Sunder","Flash of Steel","Steam","Core Surge","Steam","Defragment+1","Coolheaded","Coolheaded","Cold Snap"],"relics":["Cracked Core","NeowsBlessing","Question Card","Symbiotic Virus","Blue Candle","Black Star","Strawberry","Emotion Chip","Pen Nib","CaptainsWheel","TungstenRod","Vajra","Meat on the Bone"],"acts_visited":["Exordium","TheCity"],"potions_floor_usage":[],"damage_taken":[{"damage":0.0,"enemies":"Jaw Worm","floor":1.0,"turns":1.0},{"damage":0.0,"enemies":"3 Sentries","floor":7.0,"turns":1.0},{"damage":0.0,"enemies":"Lagavulin","floor":10.0,"turns":1.0},{"damage":0.0,"enemies":"2 Louse","floor":12.0,"turns":1.0},{"damage":0.0,"enemies":"Cultist","floor":14.0,"turns":3.0},{"damage":15.0,"enemies":"Hexaghost","floor":16.0,"turns":10.0},{"damage":10.0,"enemies":"3 Byrds","floor":18.0,"turns":4.0},{"damage":7.0,"enemies":"Shell Parasite","floor":20.0,"turns":4.0},{"damage":16.0,"enemies":"Sentry and Sphere","floor":21.0,"turns":5.0},{"damage":14.0,"enemies":"Slavers","floor":23.0,"turns":4.0},{"damage":14.0,"enemies":"Gremlin Leader","floor":25.0,"turns":9.0},{"damage":14.0,"enemies":"Slavers","floor":27.0,"turns":4.0},{"damage":7,"enemies":"Shelled Parasite and Fungi","floor":28,"turns":1}],"seed_played":"860368603899591641","potions_obtained":[{"floor":1.0,"key":"Fire Potion"},{"floor":10.0,"key":"ColorlessPotion"},{"floor":12.0,"key":"BlessingOfTheForge"},{"floor":21.0,"key":"Swift Potion"},{"floor":23.0,"key":"LiquidMemories"},{"floor":25.0,"key":"BlessingOfTheForge"}],"is_trial":false,"path_per_floor":["M","?","?","?","$","R","E","R","T","E","R","M","$","M","R","B",null,"M","?","M","M","?","E","R","E","T","E","M"],"character_chosen":"DEFECT","items_purchased":["FTL","Good Instincts","Flash of Steel"],"campfire_rested":0,"item_purchase_floors":[5,5,13],"current_hp_per_floor":[75,75,75,75,75,75,75,75,75,75,75,75,75,75,75,60,75,65,65,58,42,42,35,35,21,21,7,0,0],"gold":402,"neow_bonus":"THREE_ENEMY_KILL","is_daily":false,"chose_seed":false,"campfire_upgraded":4,"win_rate":0.0,"timestamp":1613457454,"path_taken":["M","?","?","?","$","R","E","R","T","E","R","?","$","M","R","BOSS","M","?","M","M","?","E","R","E","T","E","?"],"items_purchased_type":["Card","Card","Card"],"build_version":"2020-12-22","purchased_purges":1,"victory":false,"max_hp_per_floor":[75,75,75,75,75,75,75,75,75,75,75,75,75,75,75,75,75,75,75,75,75,75,82,82,82,82,82,82,82],"card_choices":[{"not_picked":["Fusion","Turbo"],"picked":"Sweeping Beam","floor":1.0},{"not_picked":["Sweeping Beam","Tempest"],"picked":"Seek","floor":7.0},{"not_picked":["Reinforced Body","FTL","Machine Learning"],"picked":"Beam Cell","floor":10.0},{"not_picked":["Rebound","Coolheaded","Turbo"],"picked":"Sunder","floor":12.0},{"not_picked":["Conserve Battery","Heatsinks","Compile Driver"],"picked":"Steam","floor":14.0},{"not_picked":["Echo Form","Multi-Cast","Biased Cognition"],"picked":"Core Surge","floor":16.0},{"not_picked":["Streamline","Darkness","Turbo"],"picked":"Steam","floor":18.0},{"not_picked":["Sunder+1","Beam Cell","Stack"],"picked":"Defragment","floor":20.0},{"not_picked":["Conserve Battery","Blizzard+1","Fusion"],"picked":"Coolheaded","floor":21.0},{"not_picked":["Darkness+1","Barrage","Hyperbeam"],"picked":"Coolheaded","floor":23.0},{"not_picked":["Amplify","Lockon+1","Aggregate"],"picked":"Cold Snap","floor":25.0},{"not_picked":["Undo","Conserve Battery","Coolheaded+1","Rip and Tear"],"picked":"SKIP","floor":27.0}],"player_experience":944249,"relics_obtained":[{"floor":7.0,"key":"Question Card"},{"floor":9.0,"key":"Symbiotic Virus"},{"floor":10.0,"key":"Blue Candle"},{"floor":23.0,"key":"Strawberry"},{"floor":23.0,"key":"Emotion Chip"},{"floor":25.0,"key":"Pen Nib"},{"floor":25.0,"key":"CaptainsWheel"},{"floor":26.0,"key":"TungstenRod"},{"floor":27.0,"key":"Vajra"},{"floor":27.0,"key":"Meat on the Bone"}],"event_choices":[{"cards_removed":["Strike_B"],"damage_healed":0.0,"max_hp_gain":0.0,"max_hp_loss":0.0,"gold_gain":0.0,"event_name":"The Cleric","player_choice":"Card Removal","floor":2.0,"gold_loss":50.0,"damage_taken":0.0},{"damage_healed":0.0,"max_hp_gain":0.0,"max_hp_loss":0.0,"gold_gain":175.0,"event_name":"Liars Game","player_choice":"AGREE","floor":3.0,"gold_loss":0.0,"damage_taken":0.0,"cards_obtained":["Doubt"]},{"damage_healed":0.0,"max_hp_gain":0.0,"max_hp_loss":0.0,"gold_gain":100.0,"event_name":"Golden Shrine","player_choice":"Pray","floor":4.0,"gold_loss":0.0,"damage_taken":0.0},{"damage_healed":0.0,"max_hp_gain":0.0,"max_hp_loss":0.0,"gold_gain":0.0,"event_name":"The Mausoleum","player_choice":"Ignored","floor":19.0,"gold_loss":0.0,"damage_taken":0.0},{"damage_healed":0.0,"max_hp_gain":0.0,"max_hp_loss":0.0,"gold_gain":100.0,"event_name":"Golden Shrine","player_choice":"Pray","floor":22.0,"gold_loss":0.0,"damage_taken":0.0}],"is_beta":false,"boss_relics":[{"not_picked":["Sozu","Empty Cage"],"picked":"Black Star"}],"items_purged_floors":[5],"is_endless":false,"potions_floor_spawned":[1,10,12,21,23,25],"killed_by":"Shelled Parasite and Fungi","ascension_level":1}}