{"host":"prxrhpgaxnj4om9r","time":1613486412,"event":{"mods":["AchievementEnabler","BaseMod","Colored Map","DeckTracker","Minty Spire (QoL Compilation)"],"gold_per_floor":[112,112,45,63,63,91,109,143,143,169,169,189,204,10,10,105,105,115,115,115,126,126,158,177,177,204,204,204],"floor_reached":27,"language":"KOR","playtime":1082,"items_purged":[],"score":276,"play_id":"e00af4e7-e905-45b4-a627-01f7b314846d","local_time":"20210216234012","is_ascension_mode":false,"campfire_choices":[{"floor":15,"key":"RECALL"},{"floor":25,"key":"REST"}],"circlet_count":0,"master_deck":["Strike_G","Strike_G","Strike_G","Strike_G","Strike_G","Defend_G","Defend_G","Defend_G","Defend_G","Survivor+1","Neutralize","Deflect","Caltrops+1","Accuracy+1","Envenom+1","Dagger Spray","Die Die Die","Cloak And Dagger","Poisoned Stab","Finisher","Infinite Blades+1","A Thousand Cuts+1","Choke","Masterful Stab","Footwork+1","Dagger Throw+1","Outmaneuver+1"],"relics":["Ring of the Serpent","NeowsBlessing","Frozen Egg 2","Happy Flower","Blue Candle","Calipers","Kunai","Lee\u0027s Waffle","Tingsha"],"acts_visited":["Exordium","TheCity"],"potions_floor_usage":[8,10,16,21,23,24],"damage_taken":[{"damage":0,"enemies":"Cultist","floor":1,"turns":1},{"damage":0,"enemies":"2 Louse","floor":4,"turns":1},{"damage":0,"enemies":"Gremlin Nob","floor":6,"turns":1},{"damage":10,"enemies":"Small Slimes","floor":7,"turns":5},{"damage":20,"enemies":"3 Sentries","floor":8,"turns":7},{"damage":12,"enemies":"Gremlin Nob","floor":10,"turns":4},{"damage":0,"enemies":"Gremlin Gang","floor":12,"turns":1},{"damage":0,"enemies":"2 Fungi Beasts","floor":13,"turns":2},{"damage":7,"enemies":"Slime Boss","floor":16,"turns":6},{"damage":0,"enemies":"3 Byrds","floor":18,"turns":3},{"damage":8,"enemies":"Spheric Guardian","floor":21,"turns":4},{"damage":52,"enemies":"Slavers","floor":23,"turns":4},{"damage":12,"enemies":"Cultist and Chosen","floor":24,"turns":5},{"damage":36,"enemies":"Sentry and Sphere","floor":27,"turns":5}],"seed_played":"-4191057488587624451","potions_obtained":[{"floor":7,"key":"Fire Potion"},{"floor":8,"key":"Fire Potion"},{"floor":10,"key":"SkillPotion"},{"floor":12,"key":"SpeedPotion"},{"floor":16,"key":"EssenceOfSteel"},{"floor":23,"key":"Dexterity Potion"}],"is_trial":false,"path_per_floor":["M","T","$","M","?","E","M","E","T","E","?","M","M","$","R","B",null,"M","?","?","M","$","E","M","R","T","M"],"character_chosen":"THE_SILENT","items_purchased":["Caltrops+1","Lee\u0027s Waffle","Infinite Blades+1"],"campfire_rested":1,"item_purchase_floors":[3,14,14],"current_hp_per_floor":[70,70,70,70,70,70,60,40,40,28,28,28,28,77,77,70,77,77,77,77,69,69,17,5,28,28,0,0],"gold":204,"neow_bonus":"THREE_ENEMY_KILL","is_daily":false,"chose_seed":false,"campfire_upgraded":0,"win_rate":0.0,"timestamp":1613486412,"path_taken":["M","?","$","M","?","E","?","E","T","E","?","?","M","$","R","BOSS","M","?","?","M","$","E","M","R","T","M"],"items_purchased_type":["Card","Relic","Card"],"build_version":"2020-12-22","purchased_purges":0,"victory":false,"max_hp_per_floor":[70,70,70,70,70,70,70,70,70,70,70,70,70,77,77,77,77,77,77,77,77,77,77,77,77,77,77,77],"card_choices":[{"not_picked":["Outmaneuver","Prepared"],"picked":"Deflect","floor":1},{"not_picked":["Outmaneuver","Prepared"],"picked":"Accuracy+1","floor":4},{"not_picked":["Catalyst","Flying Knee"],"picked":"Envenom+1","floor":6},{"not_picked":["Sucker Punch","Flying Knee"],"picked":"Dagger Spray","floor":7},{"not_picked":["Accuracy+1","Dagger Throw"],"picked":"Die Die Die","floor":8},{"not_picked":["Skewer","Expertise"],"picked":"Cloak And Dagger","floor":10},{"not_picked":["Accuracy+1","Quick Slash"],"picked":"Poisoned Stab","floor":12},{"not_picked":["Prepared","Dagger Spray"],"picked":"Finisher","floor":13},{"not_picked":["Wraith Form v2+1","Tools of the Trade+1"],"picked":"A Thousand Cuts+1","floor":16},{"not_picked":["Dagger Spray","Dodge and Roll"],"picked":"Choke","floor":18},{"not_picked":["Outmaneuver","Dagger Throw"],"picked":"Footwork+1","floor":21},{"not_picked":["Tactician","Slice"],"picked":"Dagger Throw+1","floor":23},{"not_picked":["Endless Agony","Expertise"],"picked":"Outmaneuver+1","floor":24}],"player_experience":492185,"relics_obtained":[{"floor":2,"key":"Frozen Egg 2"},{"floor":6,"key":"Happy Flower"},{"floor":8,"key":"Blue Candle"},{"floor":9,"key":"Calipers"},{"floor":10,"key":"Kunai"},{"floor":23,"key":"Tingsha"}],"event_choices":[{"damage_healed":0,"gold_gain":0,"player_choice":"Forge","damage_taken":0,"max_hp_gain":0,"max_hp_loss":0,"event_name":"Accursed Blacksmith","floor":5,"gold_loss":0,"cards_upgraded":["Survivor"]},{"cards_removed":["Defend_G"],"damage_healed":0,"gold_gain":0,"player_choice":"Offered Basic","damage_taken":0,"max_hp_gain":0,"max_hp_loss":0,"event_name":"Bonfire Elementals","floor":11,"gold_loss":0},{"damage_healed":0,"gold_gain":0,"player_choice":"Read","damage_taken":0,"max_hp_gain":0,"max_hp_loss":0,"event_name":"The Library","floor":19,"gold_loss":0,"cards_obtained":["Masterful Stab"]},{"damage_healed":0,"gold_gain":0,"player_choice":"Ignored","damage_taken":0,"max_hp_gain":0,"max_hp_loss":0,"event_name":"Ghosts","floor":20,"gold_loss":0}],"is_beta":false,"boss_relics":[{"not_picked":["HoveringKite","WristBlade"],"picked":"Ring of the Serpent"}],"items_purged_floors":[],"is_endless":false,"potions_floor_spawned":[7,8,10,12,16,23],"killed_by":"Sentry and Sphere","ascension_level":0}}