{"host":"qxeepl7ydvsgmfdb","time":1613490914,"event":{"mods":["AchievementEnabler","BaseMod","Colored Powertips","Minty Spire (QoL Compilation)","Quick Restart","slay the spire mod where everything is the same but ironclad has a cowboy hat"],"gold_per_floor":[116,38,52,52,81,93,138,150,240,269,246,258,298,310,322,411,423,452,476,488,488],"floor_reached":20,"language":"ENG","playtime":515,"items_purged":[],"score":337,"play_id":"85d44644-3ac6-47f2-87f7-5ce8af9434fa","local_time":"20210216105514","is_ascension_mode":true,"campfire_choices":[{"data":"All Out Attack","floor":6.0,"key":"SMITH"},{"data":"Blade Dance","floor":12.0,"key":"SMITH"},{"floor":15.0,"key":"REST"}],"circlet_count":0,"master_deck":["AscendersBane","Strike_G","Strike_G","Strike_G+1","Defend_G","Defend_G","Defend_G","Defend_G","Defend_G+1","Survivor","Neutralize","Poisoned Stab","Blade Dance+1","Deflect","All Out Attack+1","Deadly Poison","Blade Dance","Dagger Spray","Terror","After Image"],"relics":["Ring of the Snake","NeowsBlessing","MawBank","Toy Ornithopter","Eternal Feather","Potion Belt","Empty Cage"],"acts_visited":["Exordium","TheCity"],"potions_floor_usage":[18,20],"damage_taken":[{"damage":0.0,"enemies":"Cultist","floor":1.0,"turns":1.0},{"damage":0.0,"enemies":"Jaw Worm","floor":3.0,"turns":1.0},{"damage":0.0,"enemies":"2 Louse","floor":5.0,"turns":1.0},{"damage":28.0,"enemies":"Gremlin Nob","floor":7.0,"turns":4.0},{"damage":7.0,"enemies":"Looter","floor":10.0,"turns":2.0},{"damage":13.0,"enemies":"Lagavulin","floor":13.0,"turns":5.0},{"damage":44,"enemies":"The Guardian","floor":16,"turns":12},{"damage":22,"enemies":"Shell Parasite","floor":18,"turns":4},{"damage":27,"enemies":"2 Thieves","floor":19,"turns":4},{"damage":19,"enemies":"Snake Plant","floor":20,"turns":4}],"seed_played":"-8904944870163279007","potions_obtained":[{"floor":3.0,"key":"Fire Potion"},{"floor":7.0,"key":"SpeedPotion"},{"floor":16,"key":"DuplicationPotion"}],"is_trial":false,"path_per_floor":["M","$","M","?","M","R","E","$","T","M","?","R","E","?","R","B",null,"M","M","M"],"character_chosen":"THE_SILENT","items_purchased":["Blade Dance","Deflect"],"campfire_rested":1,"item_purchase_floors":[2,2],"current_hp_per_floor":[59,59,59,59,59,59,31,31,31,24,40,52,39,19,50,6,51,34,7,0,0],"gold":488,"neow_bonus":"THREE_ENEMY_KILL","is_daily":false,"chose_seed":false,"campfire_upgraded":2,"win_rate":0.0,"timestamp":1613490914,"path_taken":["M","$","?","?","?","R","E","$","T","M","?","R","E","?","R","BOSS","M","M","M"],"items_purchased_type":["Card","Card"],"build_version":"2020-12-22","purchased_purges":0,"victory":false,"max_hp_per_floor":[66,66,66,66,66,66,66,66,66,66,66,66,66,66,66,66,66,66,66,66,66],"card_choices":[{"not_picked":["PiercingWail","Sucker Punch"],"picked":"Poisoned Stab","floor":1.0},{"not_picked":["Calculated Gamble","Underhanded Strike"],"picked":"All Out Attack","floor":3.0},{"not_picked":["Sucker Punch","Bane"],"picked":"Deadly Poison","floor":5.0},{"not_picked":["Burst","Poisoned Stab"],"picked":"Blade Dance","floor":7.0},{"not_picked":["Flechettes","Skewer"],"picked":"Dagger Spray","floor":10.0},{"not_picked":["Deflect","Choke"],"picked":"Terror","floor":13.0},{"not_picked":["Night Terror","Corpse Explosion"],"picked":"After Image","floor":16},{"not_picked":["Acrobatics","Backflip","Prepared"],"picked":"SKIP","floor":18},{"not_picked":["Flying Knee","Backflip","Acrobatics"],"picked":"SKIP","floor":19}],"player_experience":158519,"relics_obtained":[{"floor":7.0,"key":"Toy Ornithopter"},{"floor":9.0,"key":"Eternal Feather"},{"floor":13.0,"key":"Potion Belt"}],"event_choices":[{"damage_healed":0.0,"max_hp_gain":0.0,"max_hp_loss":0.0,"gold_gain":0.0,"event_name":"WeMeetAgain","player_choice":"Gave Potion","floor":4.0,"gold_loss":0.0,"damage_taken":0.0,"relics_obtained":["MawBank"]},{"damage_healed":16.0,"max_hp_gain":0.0,"max_hp_loss":0.0,"gold_gain":0.0,"event_name":"The Cleric","player_choice":"Healed","floor":11.0,"gold_loss":35.0,"damage_taken":0.0},{"damage_healed":0.0,"max_hp_gain":0.0,"max_hp_loss":0.0,"gold_gain":0.0,"event_name":"Shining Light","player_choice":"Entered Light","floor":14.0,"gold_loss":0.0,"damage_taken":20.0,"cards_upgraded":["Defend_G","Strike_G"]}],"is_beta":false,"boss_relics":[{"not_picked":["Fusion Hammer","Snecko Eye"],"picked":"Empty Cage"}],"items_purged_floors":[],"is_endless":false,"potions_floor_spawned":[3,7,16],"killed_by":"Snake Plant","ascension_level":17}}