{"host":"st1kg310ms6sytc5","time":1613473234,"event":{"mods":["ATMod(°¢èªMod)","Act Like it!","BaseMod","CapriCore","Lobotomy","LobotomyExtend","Minty Spire (QoL Compilation)","Reliquary","StSLib","SuperFastMode","Wide Potions","[IsaacMod]ÒÔÈö¼âËþ","¡¾ÒÅÎï¿¨ÅÆ¡¿REMEMod"],"gold_per_floor":[111,202,48,63,78,78,113,131,131,131,131,131,159,174,174,275,275,290,301,301,320,26,59,59,158,185,213,229,254,267,13,13,115,115,125,125,179,100,100,129,129,164,190,190,202,255,269,269,269,269,269,269,269,297,297],"floor_reached":56,"language":"ZHS","playtime":2137,"items_purged":["Strike_G","Strike_G","Strike_G","Defend_G","Slice","AT_WindFlip+1","Yin","Defend_G"],"score":1631,"play_id":"99847665-2a13-4b15-9b56-9db96ecd98a7","local_time":"20210216190034","is_ascension_mode":true,"campfire_choices":[{"data":"AT_WindFlip","floor":6.0,"key":"SMITH"},{"data":"Calculated Gamble","floor":15.0,"key":"SMITH"},{"data":"AT_KneejerkReflex","floor":24.0,"key":"SMITH"},{"data":"Tactician","floor":32.0,"key":"SMITH"},{"floor":41,"key":"RECALL"},{"data":"SwordSharpenedByTears","floor":49,"key":"SMITH"},{"data":"Reflex","floor":52,"key":"SMITH"}],"circlet_count":0,"master_deck":["Defend_G","Defend_G","Defend_G","Survivor","Neutralize","AT_DarkMatter","SwordSharpenedByTears+1","MHz","Tactician+1","Calculated Gamble+1","Scorched","AT_KneejerkReflex+1","ShyLook","Bloodbath","Wellcheers","Variant","OSAHOGD","After Image","Alriune","WallGazer","Necronomicurse","Blade Dance+1","OldLady","AT_EmpoweredMortalDraw","AT_ShadowStep+1","WhitesApple","QueenOfHatred","BeautyBeast","AT_ArcaneSupremacy+1","FairyFestival","Acrobatics","HappyTeddy","REME_LeechingPoison","SpiderBud","Reflex+1","Madness","Madness","PunishingBird","GalaxyChild","Adrenaline","Mercenary","Scarecrow","AT_ThistleTea+1","AT_Desolate+1","CENSORED"],"relics":["Ring of the Snake","HushsDoor","CogitoBucket","LetterFromLob","SteamSale","AT_ImmortalShieldbow","Void","reliquary:RustamsPendant","Necronomicon","Bag of Marbles","AT_BellDemon","Omamori","AspirationHeart","Bottled Lightning","Frozen Egg 2","reliquary:RoseTintedGlasses","SlaversCollar","Incubus","WingedGreaves","Du-Vu Doll","Gambling Chip","Membership Card","Bottled Flame","FossilizedHelix","reliquary:BallBearing","reliquary:ExpiredCoupon","BelialBook","reliquary:Bookmark","PillsDrop","LuminousBracelet","reliquary:SilkGlove","AtMidnight","AT_BladeRuinedKing","Strange Spoon","reliquary:Sod","DeathBook","Mercury Hourglass","AT_SunfireAegis"],"acts_visited":["Exordium","TheCity","TheBeyond","TheEnding"],"potions_floor_usage":[55,55,55],"damage_taken":[{"damage":0.0,"enemies":"Small Slimes","floor":1.0,"turns":5.0},{"damage":0.0,"enemies":"Cultist","floor":4.0,"turns":2.0},{"damage":0.0,"enemies":"2 Louse","floor":5.0,"turns":1.0},{"damage":0.0,"enemies":"3 Sentries","floor":7.0,"turns":2.0},{"damage":0.0,"enemies":"2 Fungi Beasts","floor":8.0,"turns":1.0},{"damage":26.0,"enemies":"Gremlin Nob","floor":13.0,"turns":4.0},{"damage":11.0,"enemies":"Gremlin Gang","floor":14.0,"turns":2.0},{"damage":25.0,"enemies":"Slime Boss","floor":16.0,"turns":6.0},{"damage":3.0,"enemies":"Chosen","floor":18.0,"turns":6.0},{"damage":8.0,"enemies":"Shell Parasite","floor":19.0,"turns":4.0},{"damage":17.0,"enemies":"Snecko","floor":21.0,"turns":5.0},{"damage":15.0,"enemies":"Gremlin Leader","floor":23.0,"turns":4.0},{"damage":0.0,"enemies":"Slavers","floor":27.0,"turns":1.0},{"damage":2.0,"enemies":"Sentry and Sphere","floor":28.0,"turns":4.0},{"damage":17.0,"enemies":"Book of Stabbing","floor":29.0,"turns":2.0},{"damage":0.0,"enemies":"Snake Plant","floor":30.0,"turns":1.0},{"damage":0.0,"enemies":"Collector","floor":33.0,"turns":2.0},{"damage":0.0,"enemies":"Orb Walker","floor":35.0,"turns":2.0},{"damage":0.0,"enemies":"2 Orb Walkers","floor":37.0,"turns":2.0},{"damage":0,"enemies":"Nemesis","floor":40,"turns":1},{"damage":0,"enemies":"Reptomancer","floor":42,"turns":1},{"damage":0,"enemies":"3 Shapes","floor":45,"turns":1},{"damage":0,"enemies":"Writhing Mass","floor":47,"turns":1},{"damage":6,"enemies":"Donu and Deca","floor":50,"turns":5},{"damage":0,"enemies":"Shield and Spear","floor":54,"turns":1},{"damage":5,"enemies":"The Heart","floor":55,"turns":5}],"seed_played":"-3160009549125361757","potions_obtained":[{"floor":4.0,"key":"SteroidPotion"},{"floor":14.0,"key":"CunningPotion"},{"floor":21.0,"key":"AttackPotion"},{"floor":28.0,"key":"Strength Potion"},{"floor":29.0,"key":"GamblersBrew"}],"is_trial":false,"path_per_floor":["M","?","$","M","M","R","E","M","T","M","?","?","E","M","R","B",null,"M","M","?","M","$","E","R","?","T","E","M","E","M","$","R","B",null,"M","?","?","$","$","E","R","E","T","$","M","?","M","?","R","B",null,"R","$","E","B",null],"character_chosen":"THE_SILENT","items_purchased":["Calculated Gamble","NineVolt","Bag of Marbles","AT_EmpoweredMortalDraw","reliquary:SculptingSteel","reliquary:CitrusReamer","Incubus","MyShadow","REME_LeechingPoison","Membership Card","Bottled Flame","FossilizedHelix","AT_GuinsooRageblade","reliquary:RosewoodLute","TheAbacus","BelialBook","reliquary:Bookmark","PillsDrop","Adrenaline","Strange Spoon","reliquary:Sod","DeathBook","AT_Desolate+1","PowerPotion","PowerPotion"],"campfire_rested":0,"item_purchase_floors":[3,22,22,22,31,31,34,34,34,38,38,38,39,39,39,44,44,44,44,53,53,53,53,53,53],"current_hp_per_floor":[70,55,55,55,55,55,55,55,55,55,67,60,36,31,31,13,70,67,59,43,29,29,15,15,15,15,15,36,25,25,25,25,25,39,39,34,39,39,39,39,39,39,39,39,54,39,39,39,39,54,54,54,54,57,56],"gold":297,"neow_bonus":"","is_daily":false,"chose_seed":false,"campfire_upgraded":6,"win_rate":0.0,"timestamp":1613473234,"path_taken":["M","?","$","M","?","R","E","M","T","M","?","?","E","?","R","BOSS","M","M","?","M","$","E","R","?","T","E","M","E","M","?","R","BOSS","M","?","?","$","$","E","R","E","T","$","?","?","M","?","R","BOSS","R","$","E","BOSS"],"items_purchased_type":["Card","Relic","Relic","Card","Relic","Relic","Relic","Relic","Card","Relic","Relic","Relic","Relic","Relic","Relic","Relic","Relic","Relic","Card","Relic","Relic","Relic","Card","Potion","Potion"],"build_version":"2020-12-22","purchased_purges":8,"victory":true,"max_hp_per_floor":[70,70,70,70,70,70,70,70,70,70,70,70,70,70,70,70,70,70,70,70,70,70,70,70,70,70,70,80,80,80,80,80,80,39,39,39,39,39,39,39,39,39,39,39,54,54,54,54,54,54,54,54,54,57,57],"card_choices":[{"not_picked":["ShyLook","SingingMachine"],"picked":"MHz","floor":1.0},{"not_picked":["Predator","Underhanded Strike"],"picked":"Tactician","floor":1.0},{"not_picked":["Poisoned Stab","Dagger Throw"],"picked":"AT_WindFlip","floor":4.0},{"not_picked":["DreamingCurrent","CrumblingArmor"],"picked":"Scorched","floor":5.0},{"not_picked":["Deadly Poison","AT_ShadowStep"],"picked":"Slice","floor":5.0},{"not_picked":["Acrobatics","Sucker Punch"],"picked":"AT_KneejerkReflex","floor":7.0},{"not_picked":["SpiderBud","Wellcheers"],"picked":"ShyLook","floor":7.0},{"not_picked":["OSAHOGD","UniverseFragment"],"picked":"Bloodbath","floor":8.0},{"not_picked":["Underhanded Strike","AT_WindFlip","Slice"],"picked":"SKIP","floor":8.0},{"not_picked":["Quick Slash","Night Terror"],"picked":"Bomb","floor":13.0},{"not_picked":["PunishingBird","HappyTeddy"],"picked":"Wellcheers","floor":13.0},{"not_picked":["BeautyBeast","Laetitia"],"picked":"Variant","floor":14.0},{"not_picked":["Backflip","Sucker Punch"],"picked":"Bomb","floor":14.0},{"not_picked":["SingingMachine","DespairKnight"],"picked":"OSAHOGD","floor":16.0},{"not_picked":["Storm of Steel","Malaise"],"picked":"After Image","floor":16.0},{"not_picked":["RedShoes","Woodsman"],"picked":"Alriune","floor":18.0},{"not_picked":["Cloak And Dagger","Caltrops+1","Slice"],"picked":"SKIP","floor":18.0},{"not_picked":["OldLady","BigBird"],"picked":"WallGazer","floor":19.0},{"not_picked":["Slice","Cloak And Dagger","Outmaneuver+1"],"picked":"SKIP","floor":19.0},{"not_picked":["Skewer","Burst"],"picked":"Blade Dance+1","floor":21.0},{"not_picked":["VoidDream","BigBadWolf"],"picked":"OldLady","floor":21.0},{"not_picked":["Flying Knee","Dodge and Roll","Slice"],"picked":"SKIP","floor":23.0},{"not_picked":["Dagger Spray","REME_ShadowForm"],"picked":"AT_ShadowStep+1","floor":27.0},{"not_picked":["CrumblingArmor","Mercenary"],"picked":"WhitesApple","floor":27.0},{"not_picked":["CrumblingArmor","BigBadWolf"],"picked":"QueenOfHatred","floor":28.0},{"not_picked":["Crippling Poison+1","Outmaneuver","Quick Slash"],"picked":"SKIP","floor":28.0},{"not_picked":["MeatLantern","Porccubus"],"picked":"BeautyBeast","floor":29.0},{"not_picked":["Sucker Punch","PiercingWail"],"picked":"AT_ArcaneSupremacy+1","floor":29.0},{"not_picked":["CherryBlossoms","Murderer"],"picked":"FairyFestival","floor":30.0},{"not_picked":["Blade Dance+1","Caltrops+1"],"picked":"Acrobatics","floor":30.0},{"not_picked":["CherryBlossoms","GalaxyChild"],"picked":"HappyTeddy","floor":33.0},{"not_picked":["NakedNest","Funeral"],"picked":"SpiderBud","floor":35.0},{"not_picked":["PiercingWail","Deadly Poison+1"],"picked":"Reflex","floor":35.0},{"not_picked":["UniverseFragment","CrumblingArmor"],"picked":"PunishingBird","floor":37.0},{"not_picked":["SingingMachine","Porccubus"],"picked":"GalaxyChild","floor":40},{"not_picked":["Cloak And Dagger","Bouncing Flask+1","Outmaneuver"],"picked":"SKIP","floor":40},{"not_picked":["LittleHelper","SingingMachine"],"picked":"Yin","floor":42},{"not_picked":["Sucker Punch","AT_FocusSwordFire","Bane"],"picked":"SKIP","floor":42},{"not_picked":["HeroicMonk","LongBird"],"picked":"Mercenary","floor":45},{"not_picked":["Dodge and Roll+1","Dagger Spray","Setup+1"],"picked":"SKIP","floor":45},{"not_picked":["VoidDream","FieryBird"],"picked":"Scarecrow","floor":47},{"not_picked":["AT_WindFlip+1","Slice+1"],"picked":"AT_ThistleTea+1","floor":47},{"not_picked":["SilentOrchestra","BigBadWolf"],"picked":"CENSORED","floor":54},{"not_picked":["Quick Slash","Well Laid Plans+1","Endless Agony+1"],"picked":"SKIP","floor":54},{"not_picked":["Quick Slash","Well Laid Plans+1","Endless Agony+1"],"picked":"SKIP","floor":54}],"player_experience":1384836,"relics_obtained":[{"floor":1.0,"key":"LetterFromLob"},{"floor":7.0,"key":"SteamSale"},{"floor":9.0,"key":"AT_ImmortalShieldbow"},{"floor":13.0,"key":"Void"},{"floor":20.0,"key":"Necronomicon"},{"floor":23.0,"key":"AT_BellDemon"},{"floor":26.0,"key":"HowToJump"},{"floor":27.0,"key":"Omamori"},{"floor":27.0,"key":"reliquary:PorcupineQuills"},{"floor":28.0,"key":"Bottled Lightning"},{"floor":29.0,"key":"Frozen Egg 2"},{"floor":29.0,"key":"Ninja Scroll"},{"floor":30.0,"key":"TheBible"},{"floor":33.0,"key":"reliquary:RoseTintedGlasses"},{"floor":35.0,"key":"WingedGreaves"},{"floor":37.0,"key":"Du-Vu Doll"},{"floor":37.0,"key":"Gambling Chip"},{"floor":40,"key":"GuppysHead"},{"floor":40,"key":"reliquary:BallBearing"},{"floor":42,"key":"reliquary:ExpiredCoupon"},{"floor":42,"key":"reliquary:Boomerang"},{"floor":45,"key":"reliquary:SilkGlove"},{"floor":45,"key":"AtMidnight"},{"floor":47,"key":"AT_BladeRuinedKing"},{"floor":54,"key":"Mercury Hourglass"},{"floor":54,"key":"AT_SunfireAegis"}],"event_choices":[{"cards_removed":["Strike_G"],"damage_healed":0.0,"max_hp_gain":0.0,"max_hp_loss":0.0,"gold_gain":0.0,"event_name":"Golden Wing","player_choice":"Card Removal","floor":12.0,"gold_loss":0.0,"damage_taken":7.0},{"damage_healed":0.0,"max_hp_gain":0.0,"max_hp_loss":0.0,"gold_gain":0.0,"event_name":"Cursed Tome","player_choice":"Obtained Book","floor":20.0,"gold_loss":0.0,"damage_taken":16.0},{"damage_healed":0.0,"max_hp_gain":0.0,"max_hp_loss":0.0,"gold_gain":99.0,"event_name":"Nest","player_choice":"Stole From Cult","floor":25.0,"gold_loss":0.0,"damage_taken":0.0},{"damage_healed":0.0,"max_hp_gain":0.0,"max_hp_loss":0.0,"gold_gain":0.0,"event_name":"Winding Halls","player_choice":"Embrace Madness","floor":36.0,"gold_loss":0.0,"damage_taken":5.0,"cards_obtained":["Madness","Madness"]},{"damage_healed":0.0,"max_hp_gain":0.0,"max_hp_loss":0.0,"gold_gain":0.0,"event_name":"Mysterious Sphere","player_choice":"Fight","floor":37.0,"gold_loss":0.0,"damage_taken":0.0},{"damage_healed":0,"gold_gain":0,"player_choice":"Ignored","damage_taken":0,"max_hp_gain":0,"max_hp_loss":0,"event_name":"Tomb of Lord Red Mask","floor":48,"gold_loss":0}],"is_beta":false,"boss_relics":[{"not_picked":["Calling Bell","Coffee Dripper"],"picked":"reliquary:RustamsPendant"},{"not_picked":[]},{"not_picked":["REME_DuelDisc","reliquary:WritOfMandamus"],"picked":"SlaversCollar"},{"not_picked":[]}],"items_purged_floors":[3,22,31,34,38,39,44,53],"is_endless":false,"potions_floor_spawned":[4,14,21,28,29,33,40,54],"ascension_level":1}}