{"host":"syfsfjmzue8y1a6l","time":1613483463,"event":{"mods":["AchievementEnabler","BaseMod","Colored Map","DeckTracker","Minty Spire (QoL Compilation)","Permanent Neow","SuperFastMode"],"gold_per_floor":[109,109,123,133,144,144,219,233,233,259,259,294,306,319,319,319,319],"floor_reached":16,"language":"KOR","playtime":888,"items_purged":[],"score":114,"play_id":"1b6f3d72-10a9-4154-804c-287eb8e1d133","local_time":"20210216225103","is_ascension_mode":false,"campfire_choices":[{"data":"Bouncing Flask","floor":6,"key":"SMITH"},{"data":"Crippling Poison","floor":11,"key":"SMITH"},{"data":"Prepared","floor":15,"key":"SMITH"}],"circlet_count":0,"master_deck":["Strike_G","Strike_G","Strike_G","Strike_G","Strike_G","Defend_G","Defend_G","Defend_G","Defend_G","Defend_G","Survivor","Neutralize","Bouncing Flask+1","Dagger Throw","Sucker Punch","Crippling Poison+1","Crippling Poison","Poisoned Stab","Prepared+1"],"relics":["Velvet Choker","PreservedInsect","Bird Faced Urn"],"acts_visited":["Exordium"],"potions_floor_usage":[16,16,16],"damage_taken":[{"damage":1,"enemies":"Jaw Worm","floor":1,"turns":6},{"damage":0,"enemies":"Cultist","floor":3,"turns":4},{"damage":0,"enemies":"2 Louse","floor":4,"turns":2},{"damage":6,"enemies":"2 Fungi Beasts","floor":5,"turns":3},{"damage":0,"enemies":"Large Slime","floor":8,"turns":4},{"damage":21,"enemies":"3 Sentries","floor":10,"turns":8},{"damage":8,"enemies":"Gremlin Nob","floor":12,"turns":3},{"damage":1,"enemies":"Gremlin Gang","floor":13,"turns":3},{"damage":3,"enemies":"3 Louse","floor":14,"turns":3},{"damage":28,"enemies":"Slime Boss","floor":16,"turns":7}],"seed_played":"5884810097336798023","potions_obtained":[{"floor":3,"key":"AttackPotion"},{"floor":4,"key":"AttackPotion"},{"floor":13,"key":"CunningPotion"},{"floor":14,"key":"ColorlessPotion"}],"is_trial":false,"path_per_floor":["M","?","M","M","M","R","?","M","T","E","R","E","M","M","R","B"],"character_chosen":"THE_SILENT","items_purchased":[],"campfire_rested":0,"item_purchase_floors":[],"current_hp_per_floor":[69,69,69,69,63,63,56,56,56,35,35,27,26,23,23,0,0],"gold":319,"neow_bonus":"BOSS_RELIC","is_daily":false,"chose_seed":false,"campfire_upgraded":3,"win_rate":0.0,"timestamp":1613483463,"path_taken":["M","?","M","M","M","R","?","M","T","E","R","E","?","M","R","BOSS"],"items_purchased_type":[],"build_version":"2020-12-22","purchased_purges":0,"victory":false,"max_hp_per_floor":[70,70,70,70,70,70,70,70,70,70,70,70,70,70,70,70,70],"card_choices":[{"not_picked":["Dodge and Roll","Terror"],"picked":"Bouncing Flask","floor":1},{"not_picked":["Underhanded Strike","Sucker Punch"],"picked":"Dagger Throw","floor":3},{"not_picked":["Backflip","Endless Agony"],"picked":"Sucker Punch","floor":4},{"not_picked":["Finisher","Escape Plan","Outmaneuver"],"picked":"SKIP","floor":5},{"not_picked":["Cloak And Dagger","Bane"],"picked":"Crippling Poison","floor":8},{"not_picked":["Expertise","Outmaneuver","Wraith Form v2"],"picked":"SKIP","floor":10},{"not_picked":["Flying Knee","Footwork"],"picked":"Crippling Poison","floor":12},{"not_picked":["Acrobatics","Underhanded Strike"],"picked":"Poisoned Stab","floor":13},{"not_picked":["Dodge and Roll","PiercingWail"],"picked":"Prepared","floor":14}],"player_experience":95037,"relics_obtained":[{"floor":10,"key":"PreservedInsect"},{"floor":12,"key":"Bird Faced Urn"}],"event_choices":[{"damage_healed":0,"gold_gain":0,"player_choice":"Ignored","damage_taken":0,"max_hp_gain":0,"max_hp_loss":0,"event_name":"Liars Game","floor":2,"gold_loss":0},{"damage_healed":0,"gold_gain":75,"player_choice":"Touch","damage_taken":7,"max_hp_gain":0,"max_hp_loss":0,"event_name":"FaceTrader","floor":7,"gold_loss":0}],"is_beta":false,"boss_relics":[],"items_purged_floors":[],"is_endless":false,"potions_floor_spawned":[3,4,13,14],"killed_by":"Slime Boss","ascension_level":0}}