{"host":"ox77rn1xcurm2t5a","time":1613505500,"event":{"mods":["2.2 Compatiblity","AchievementEnabler","Act Like it!","Aspiration","BaseMod","Best Route Mod","Better Match","Better Note","Better Sensory Stone","Block Reminder","Colored Map","Colored Powertips","Conjunction","Conspire","Custom Start","Energized Spire","GifTheSpireLib","Gold Saver","Gremlin Skip","Halation","Highlight Path","Hubris","Infinite Spire","Minty Spire (QoL Compilation)","Pale of the Ancients","Quick Restart","Replay The Spire","Reworked Bosses","ShortenTheSpire","Spire Exporter","StSLib","Stuff the Spire","Wandering Minibosses"],"gold_per_floor":[485,485,485,410,425,425,456,471,496,531,531,546,571,625,625,729,729,729,729,729,729,729,729,729,729,729,28,28,28,28,28,28,28,28,28,28,28,28,28,28,28,28,28,28,28],"floor_reached":44,"language":"ENG","playtime":1047,"items_purged":["Defend_R","Strike_R","Strike_R"],"score":629,"play_id":"7c203836-9e8a-40de-b282-1ee357f51969","local_time":"20210216215820","is_ascension_mode":true,"campfire_choices":[{"floor":6,"key":"RECALL"},{"data":"Clothesline","floor":11,"key":"SMITH"},{"floor":15,"key":"REST"},{"data":"Thunderclap","floor":23,"key":"SMITH"},{"data":"Thunderclap","floor":25,"key":"SMITH"},{"data":"Twin Strike","floor":28,"key":"SMITH"},{"data":"Dropkick","floor":32,"key":"SMITH"},{"data":"Cleave","floor":41,"key":"SMITH"}],"circlet_count":0,"master_deck":["Strike_R","Strike_R","Strike_R","Defend_R","Defend_R","Defend_R","Bash+1","Clothesline+1","Cleave+1","Thunderclap+1","Dropkick+1","Thunderclap+1","Twin Strike+1","Cleave+1","Dropkick+1","Cleave+1","Sword Boomerang+1","Demon Form+1"],"relics":["Burning Blood","Replay:Mystery Machine","Golden Egg","Orichalcum","hubris:OldNail","Ectoplasm","hubris:CrystalStatue","hubris:ScarierMask","hubris:ChampionShield","aspiration:HiddenCompartment","Incense Burner","aspiration:Nostalgia","infinitespire:DarkRift","Red Skull","energizedSpire:DeadBattery","Replay:Bottled Flurry","hubris:DeckOfHolding","aspiration:TomeofQuesting"],"acts_visited":["Exordium","TheCity","TheBeyond"],"potions_floor_usage":[10,12,13,16,18,30,30,31,35,38,44],"damage_taken":[{"damage":6,"enemies":"Cultist","floor":1,"turns":3},{"damage":7,"enemies":"Jaw Worm","floor":5,"turns":3},{"damage":32,"enemies":"Gremlin Nob","floor":7,"turns":4},{"damage":0,"enemies":"2 Louse","floor":8,"turns":1},{"damage":30,"enemies":"Lagavulin","floor":10,"turns":5},{"damage":14,"enemies":"Exordium Thugs","floor":12,"turns":3},{"damage":25,"enemies":"3 Sentries","floor":13,"turns":5},{"damage":24,"enemies":"Hexaghost","floor":16,"turns":9},{"damage":12,"enemies":"Spheric Guardian","floor":18,"turns":4},{"damage":18,"enemies":"Shell Parasite","floor":19,"turns":4},{"damage":4,"enemies":"Centurion and Healer","floor":22,"turns":3},{"damage":2,"enemies":"Slavers","floor":24,"turns":3},{"damage":0,"enemies":"Sentry and Sphere","floor":29,"turns":2},{"damage":32,"enemies":"Book of Stabbing","floor":30,"turns":4},{"damage":1,"enemies":"Snecko","floor":31,"turns":3},{"damage":55,"enemies":"hubris:MusketHawk","floor":33,"turns":8},{"damage":8,"enemies":"3 Shapes","floor":35,"turns":2},{"damage":11,"enemies":"Orb Walker","floor":36,"turns":2},{"damage":0,"enemies":"Maw","floor":38,"turns":5},{"damage":19,"enemies":"Reptomancer","floor":40,"turns":5},{"damage":61,"enemies":"R_Hoarder","floor":42,"turns":8},{"damage":28,"enemies":"Nightmare","floor":44,"turns":4}],"seed_played":"-6741522884707933593","potions_obtained":[{"floor":8,"key":"Conjunction:LightningMarble"},{"floor":10,"key":"Strength Potion"},{"floor":12,"key":"Strength Potion"},{"floor":13,"key":"FearPotion"},{"floor":16,"key":"FearPotion"},{"floor":19,"key":"SkillPotion"},{"floor":24,"key":"LiquidBronze"},{"floor":33,"key":"SkillPotion"},{"floor":36,"key":"ColorlessPotion"},{"floor":42,"key":"Weak Potion"}],"is_trial":false,"path_per_floor":["M","?","?","$","M","R","E","M","T","E","R","M","E","T","R","B",null,"M","M","?","AVR","M","R","E","R","T","$","R","M","E","M","R","B",null,"M","M","?","M","$","E","R","E","T","NM"],"character_chosen":"IRONCLAD","items_purchased":["Incense Burner","aspiration:Nostalgia","Cleave","BloodPotion","Strength Potion"],"campfire_rested":1,"item_purchase_floors":[27,27,27,27,27],"current_hp_per_floor":[88,88,88,88,87,87,61,67,67,43,43,35,16,16,42,24,88,82,70,70,70,72,72,76,76,76,76,76,82,73,78,78,29,88,86,81,88,88,88,75,75,26,26,0,0],"gold":28,"neow_bonus":"TEN_PERCENT_HP_BONUS","is_daily":false,"chose_seed":false,"campfire_upgraded":6,"win_rate":0.0,"timestamp":1613505500,"path_taken":["M","?","?","$","M","R","E","M","T","E","R","?","E","?","R","BOSS","M","M","?","AVR","M","R","E","R","T","$","R","M","E","M","R","BOSS","M","M","?","M","?","E","R","E","T","NM"],"items_purchased_type":["Relic","Relic","Card","Potion","Potion"],"build_version":"2020-12-22","purchased_purges":3,"victory":false,"max_hp_per_floor":[88,88,88,88,88,88,88,88,88,88,88,88,88,88,88,88,88,88,88,88,88,88,88,88,88,88,88,88,88,88,88,88,88,88,88,88,88,88,88,88,88,88,88,88,88],"card_choices":[{"not_picked":["StuffTheSpire:RockThrow","StuffTheSpire:Resist"],"picked":"Clothesline","floor":1},{"not_picked":["Wild Strike","ReplayTheSpireMod:LeadingStrike"],"picked":"Cleave","floor":5},{"not_picked":["Brutality","Shrug It Off","StuffTheSpire:Slingshot"],"picked":"SKIP","floor":7},{"not_picked":["Shrug It Off","hubris:ReadiedAction","Reckless Charge"],"picked":"SKIP","floor":8},{"not_picked":["Sever Soul","True Grit"],"picked":"Thunderclap","floor":10},{"not_picked":["Wild Strike","Intimidate"],"picked":"Dropkick","floor":12},{"not_picked":["Burning Pact","Impervious","ReplayTheSpireMod:Limb From Limb"],"picked":"SKIP","floor":13},{"not_picked":["Shrug It Off","ReplayTheSpireMod:Corrosion Curse+1","StuffTheSpire:Incineration"],"picked":"SKIP","floor":18},{"not_picked":["StuffTheSpire:Slingshot","infinitespire:OneForAll","ReplayTheSpireMod:Strike From Hell"],"picked":"SKIP","floor":19},{"not_picked":["True Grit","Hemokinesis"],"picked":"Thunderclap","floor":22},{"not_picked":["Body Slam+1","hubris:ReadiedAction"],"picked":"Twin Strike","floor":24},{"not_picked":["Wild Strike+1","Reckless Charge","Warcry"],"picked":"SKIP","floor":29},{"not_picked":["ReplayTheSpireMod:Strike From Hell","hubris:ReadiedAction","Sentinel+1"],"picked":"SKIP","floor":30},{"not_picked":["Anger","hubris:CleavingFinish"],"picked":"Dropkick+1","floor":31},{"not_picked":["Iron Wave+1","Searing Blow+1"],"picked":"Cleave","floor":35},{"not_picked":["True Grit+1","hubris:ReadiedAction","StuffTheSpire:Incineration"],"picked":"SKIP","floor":36},{"not_picked":["Intimidate+1","Anger+1"],"picked":"Sword Boomerang+1","floor":38},{"not_picked":["Iron Wave","Brutality","StuffTheSpire:Slingshot"],"picked":"SKIP","floor":40},{"not_picked":["Metallicize","Fire Breathing+1"],"picked":"Demon Form","floor":42}],"player_experience":3119618,"relics_obtained":[{"floor":7,"key":"Replay:Mystery Machine"},{"floor":10,"key":"Golden Egg"},{"floor":13,"key":"Orichalcum"},{"floor":14,"key":"hubris:OldNail"},{"floor":24,"key":"hubris:ChampionShield"},{"floor":26,"key":"aspiration:HiddenCompartment"},{"floor":30,"key":"Red Skull"},{"floor":40,"key":"Replay:Bottled Flurry"},{"floor":42,"key":"hubris:DeckOfHolding"},{"floor":43,"key":"aspiration:TomeofQuesting"}],"event_choices":[{"damage_healed":0,"gold_gain":0,"player_choice":"Upgraded","damage_taken":0,"max_hp_gain":0,"max_hp_loss":0,"event_name":"Upgrade Shrine","floor":3,"gold_loss":0,"cards_upgraded":["Bash"]},{"damage_healed":0,"gold_gain":0,"player_choice":"Upgraded","damage_taken":0,"max_hp_gain":0,"max_hp_loss":0,"event_name":"Upgrade Shrine","floor":20,"gold_loss":0,"cards_upgraded":["Cleave"]}],"is_beta":false,"boss_relics":[{"not_picked":["hubris:CrackedHourglass","Velvet Choker"],"picked":"Ectoplasm"},{"not_picked":["Replay:Drink Me","energizedSpire:OgreHead"],"picked":"energizedSpire:DeadBattery"}],"items_purged_floors":[4,21,27],"is_endless":false,"potions_floor_spawned":[8,10,12,13,16,19,24,29,33,36,42],"killed_by":"Nightmare","ascension_level":4}}