{"host":"cbp3irltva0q8guy","time":1613471102,"event":{"mods":["Abigail Mod","AchievementEnabler","Act Like it!","Aspiration","BaseMod","Better Altar","Better Match","Better Note","Better Sensory Stone","Better Skull","Better Third Choice","BetterRewards","Colored Map","Downfall","Energized Spire","Friendly Minions","GifTheSpireLib","Halation","Hallownest","Hermit","Hubris","Infinite Spire","Ironclad Rager","Marisa????????","Minty Spire (QoL Compilation)","Railgun Mod","Random Character Button","Rare Cards Sparkle","Replay The Spire","RumiaBox-????????","Shade Mod","Spikes Relics","StSLib","The Bug Knight","The Disciple","The Hierophant","The Servant 0.9.4"],"gold_per_floor":[18,28,46,59,59,59,79,79,79,94,94,94,41,58,58,161,161,173,173,188,41,53,53,53,53,80,80,130,146,146,164,164,267,267,285,285,299,299,310,310,310,341,341,341,266,282,298,311,311,311],"floor_reached":51,"language":"ENG","playtime":3844,"items_purged":["HollowMod:NailStrikeStart"],"score":625,"play_id":"ff13b403-b8c5-4e44-808b-785167f10ad2","local_time":"20210216102502","is_ascension_mode":false,"campfire_choices":[{"data":"HollowMod:MantisMark","floor":6,"key":"SMITH"},{"data":"HollowMod:SoulSplash","floor":8,"key":"SMITH"},{"data":"HollowMod:SoulEater","floor":15,"key":"SMITH"},{"data":"HollowMod:HowlingWraiths","floor":23,"key":"SMITH"},{"data":"HollowMod:PogoStrike","floor":25,"key":"SMITH"},{"data":"HollowMod:MantisMark","floor":32,"key":"SMITH"},{"data":"HollowMod:Weaversong","floor":40,"key":"SMITH"},{"data":"HollowMod:QuickDashStart","floor":44,"key":"SMITH"},{"floor":49,"key":"REST"}],"circlet_count":0,"master_deck":["HollowMod:NailStrikeStart","HollowMod:NailStrikeStart","HollowMod:NailStrikeStart","HollowMod:QuickDashStart+1","HollowMod:QuickDashStart","HollowMod:QuickDashStart+1","HollowMod:QuickDashStart+1","HollowMod:FocusHealStart+1","HollowMod:PogoStrike+1","HollowMod:MantisMark+1","HollowMod:SoulSplash+1","HollowMod:HowlingWraiths+1","HollowMod:SoulEater+1","HollowMod:Weaversong+1","HollowMod:HeavyBlow+1","Doubt","HollowMod:MantisMark+1","HollowMod:CoiledNail+1"],"relics":["HollowMod:VesselMask","WizardHat","GodSword7","energizedSpire:CursedPentagram","ClockworkSouvenir","War Paint","Busted Crown","Bottled Flame"],"acts_visited":["Hallownest:Greenpath","Hallownest:CityofTears","Hallownest:KingdomsEdge"],"potions_floor_usage":[4,16,29,33,41,50,50],"damage_taken":[{"damage":0,"enemies":"Hallownest:monsterHuskWarrior","floor":1,"turns":3},{"damage":2,"enemies":"Hallownest:monsterHuskGuard","floor":2,"turns":3},{"damage":0,"enemies":"Hallownest:2_MossCreeps","floor":3,"turns":4},{"damage":23,"enemies":"Hallownest:1_Ooma_and_2_Uuma","floor":4,"turns":8},{"damage":2,"enemies":"Hallownest:Guard_and_Warrior","floor":7,"turns":4},{"damage":3,"enemies":"Hallownest:Wandering_and_Horned","floor":10,"turns":3},{"damage":0,"enemies":"Hallownest:monsterMossCharger","floor":14,"turns":3},{"damage":47,"enemies":"Hallownest:BossBrokenVessel","floor":16,"turns":8},{"damage":24,"enemies":"Hallownest:3_Youths","floor":18,"turns":4},{"damage":8,"enemies":"Hallownest:Flukemon_and_Top","floor":20,"turns":5},{"damage":7,"enemies":"Hallownest:Warrior_and_Youth","floor":22,"turns":4},{"damage":11,"enemies":"Hallownest:Glutton_and_Coward","floor":28,"turns":4},{"damage":4,"enemies":"Hallownest:2_Flukemon","floor":29,"turns":3},{"damage":5,"enemies":"Hallownest:Master_and_Novice","floor":31,"turns":4},{"damage":46,"enemies":"Hallownest:BossSoulMaster","floor":33,"turns":11},{"damage":30,"enemies":"Hallownest:2_Littles","floor":35,"turns":3},{"damage":1,"enemies":"Hallownest:Shield_Heavy","floor":37,"turns":4},{"damage":2,"enemies":"Hallownest:Shield_Sturdy","floor":39,"turns":4},{"damage":0,"enemies":"Hallownest:2_Wing_and_1_Kings","floor":41,"turns":1},{"damage":10,"enemies":"Hallownest:eliteHiveKnight","floor":42,"turns":5},{"damage":24,"enemies":"Hallownest:Xero_Hu_Marmu","floor":46,"turns":5},{"damage":2,"enemies":"Hallownest:2_Great","floor":47,"turns":3},{"damage":14,"enemies":"Hallownest:monsterPrimalAspid","floor":48,"turns":3},{"damage":35,"enemies":"Hallownest:Radiance","floor":50,"turns":8}],"seed_played":"4366535559547815617","potions_obtained":[{"floor":1,"key":"hexamod:SoulburnPotion"},{"floor":2,"key":"hexamod:SoulburnPotion"},{"floor":4,"key":"Elixir"},{"floor":18,"key":"Swift Potion"},{"floor":22,"key":"FearPotion"},{"floor":39,"key":"SmokeBomb"},{"floor":46,"key":"Strength Potion"},{"floor":48,"key":"Adrenaline Potion"}],"is_trial":false,"path_per_floor":["M","M","M","M","?","R","M","R","T","M","?","?","$","M","R","B",null,"M","?","M","$","M","R","?","R","T","?","M","M","?","M","R","B",null,"M","?","M","?","M","R","M","E","T","R","$","M","M","M","R","B",null],"character_chosen":"THE_BUGKNIGHT","items_purchased":["HollowMod:HowlingWraiths","ClockworkSouvenir"],"campfire_rested":1,"item_purchase_floors":[13,21],"current_hp_per_floor":[75,75,75,52,52,52,56,56,56,53,53,53,53,59,59,22,75,57,57,61,61,60,60,60,60,60,60,59,55,55,60,60,24,75,51,54,63,71,75,75,75,75,75,75,75,57,55,47,70,45],"gold":311,"neow_bonus":"ONE_RARE_RELIC","is_daily":false,"chose_seed":false,"campfire_upgraded":8,"win_rate":0.0,"timestamp":1613471102,"path_taken":["M","M","M","M","?","R","M","R","T","M","?","?","$","M","R","BOSS","M","?","M","$","M","R","?","R","T","?","M","?","?","M","R","BOSS","M","?","M","?","?","R","M","E","T","R","$","M","?","M","R","BOSS"],"items_purchased_type":["Card","Relic"],"build_version":"2020-12-22","purchased_purges":1,"victory":true,"max_hp_per_floor":[75,75,75,75,75,75,75,75,75,75,75,75,75,75,75,75,75,75,75,75,75,75,75,75,75,75,75,75,75,75,75,75,75,75,75,78,78,78,78,78,78,78,78,78,78,78,78,78,78,78],"card_choices":[{"not_picked":["HollowMod:DashSlash","HollowMod:SoulStrike"],"picked":"HollowMod:MantisMark","floor":1},{"not_picked":["HollowMod:NewLittleFool","HollowMod:VengefulVoid","HollowMod:BlackTendrils"],"picked":"SKIP","floor":2},{"not_picked":["HollowMod:CloakDash","HollowMod:MidwifesHunger"],"picked":"HollowMod:SoulSplash","floor":3},{"not_picked":["HollowMod:SiblingsSouls","HollowMod:HeavyBlow","HollowMod:WraithStrike"],"picked":"SKIP","floor":4},{"not_picked":["HollowMod:SoulStrike","HollowMod:WraithStrike","HollowMod:ShapeofUnn"],"picked":"SKIP","floor":7},{"not_picked":["HollowMod:InfectionAssault","HollowMod:CrystalDash","HollowMod:WraithStrike"],"picked":"SKIP","floor":10},{"not_picked":["HollowMod:DescendingDark","HollowMod:SharpenedNail"],"picked":"HollowMod:SoulEater","floor":14},{"not_picked":["HollowMod:HornetsHelp","HollowMod:VoidDash"],"picked":"HollowMod:Weaversong","floor":16},{"not_picked":["HollowMod:WraithStrike","HollowMod:CornifersMapStart","HollowMod:NewJinnsSoul"],"picked":"SKIP","floor":18},{"not_picked":["HollowMod:InfectedCysts","HollowMod:InfectionAssault","HollowMod:DungDefenderAura"],"picked":"SKIP","floor":20},{"not_picked":["HollowMod:CoiledNail","HollowMod:ChannelNail"],"picked":"HollowMod:HeavyBlow+1","floor":22},{"not_picked":["HollowMod:InfectedCysts+1","HollowMod:HeavyBlow","HollowMod:CornifersMapStart"],"picked":"SKIP","floor":28},{"not_picked":["HollowMod:Grubsong","HollowMod:SiblingsSouls","HollowMod:ShapeofUnn"],"picked":"SKIP","floor":29},{"not_picked":["HollowMod:BlackTendrils","HollowMod:LifebloodCore"],"picked":"HollowMod:MantisMark","floor":31},{"not_picked":[],"picked":"HollowMod:CoiledNail+1","floor":35},{"not_picked":["HollowMod:NewLittleFool"],"picked":"SKIP","floor":37},{"not_picked":["HollowMod:WraithStrike+1"],"picked":"SKIP","floor":39},{"not_picked":["HollowMod:NewLittleFool"],"picked":"SKIP","floor":42},{"not_picked":["HollowMod:CycloneSlash"],"picked":"SKIP","floor":46},{"not_picked":["HollowMod:ShadowDash+1"],"picked":"SKIP","floor":47},{"not_picked":["HollowMod:PerfectDash+1"],"picked":"SKIP","floor":48}],"player_experience":411966,"relics_obtained":[{"floor":9,"key":"GodSword7"},{"floor":26,"key":"War Paint"},{"floor":42,"key":"Bottled Flame"}],"event_choices":[],"is_beta":false,"boss_relics":[{"not_picked":["energizedSpire:HugeHouse","SlaversCollar"],"picked":"energizedSpire:CursedPentagram"},{"not_picked":["SacredBark","Replay:Ancient Bell"],"picked":"Busted Crown"}],"items_purged_floors":[45],"is_endless":false,"potions_floor_spawned":[1,2,4,18,22,39,41,46,48],"ascension_level":0}}