{"host":"8lvnnmfamkc2d31d","time":1613437452,"event":{"mods":["2.2 Compatiblity","Act Like it!","Arknights","BaseMod","Colored Map","Minty Spire (QoL Compilation)","Relic Stats","StSLib"],"gold_per_floor":[113,129,129,204,48,81,81,100,123,223,264,288,308,348,348,348,348],"floor_reached":16,"language":"ENG","playtime":1168,"items_purged":["ats:Strike V"],"score":152,"play_id":"3eb0c03e-7c84-492a-9b66-d96cc7a4a24f","local_time":"20210215190412","is_ascension_mode":true,"campfire_choices":[{"data":"ats:Revitalization","floor":7.0,"key":"SMITH"},{"data":"ats:Revitalization","floor":15,"key":"SMITH"}],"circlet_count":0,"master_deck":["ats:Strike C+1","ats:Strike G","ats:Strike S","ats:Armor Crushing Shot+1","ats:Defend","ats:Defend","ats:Defend","ats:Defend","ats:Emotion Absorption","ats:Curse Doll","ats:Healing Drone","ats:Revitalization+1","ats:Magnetic Hammer","ats:Revitalization+1","ats:Shell Defense","ats:Literary Storm","ats:Revitalization","ats:Guard Mode"],"relics":["ats:Sanity","NeowsBlessing","Golden Idol","ats:Originium","ats:Ability Aura","Whetstone","HornCleat","Meat on the Bone"],"acts_visited":["Exordium"],"potions_floor_usage":[11,14,16],"damage_taken":[{"damage":0.0,"enemies":"Jaw Worm","floor":1.0,"turns":1.0},{"damage":0.0,"enemies":"2 Louse","floor":2.0,"turns":1.0},{"damage":0.0,"enemies":"Gremlin Nob","floor":6.0,"turns":1.0},{"damage":15.0,"enemies":"Cultist","floor":8.0,"turns":6.0},{"damage":54,"enemies":"Lagavulin","floor":11,"turns":11},{"damage":5,"enemies":"Exordium Wildlife","floor":12,"turns":4},{"damage":20,"enemies":"Blue Slaver","floor":13,"turns":7},{"damage":91,"enemies":"Gremlin Nob","floor":14,"turns":7},{"damage":833,"enemies":"Hexaghost","floor":16,"turns":44}],"seed_played":"-445481582358285781","potions_obtained":[{"floor":8.0,"key":"AttackPotion"},{"floor":11,"key":"SkillPotion"},{"floor":14,"key":"SkillPotion"}],"is_trial":false,"path_per_floor":["M","M","?","?","$","E","R","M","T","?","E","M","M","E","R","B"],"character_chosen":"DOCTOR_CLASS","items_purchased":["ats:Revitalization","ats:Magnetic Hammer"],"campfire_rested":0,"item_purchase_floors":[5,5],"current_hp_per_floor":[72,72,54,43,43,43,43,47,47,47,60,70,72,13,13,0,0],"gold":348,"neow_bonus":"THREE_ENEMY_KILL","is_daily":false,"chose_seed":false,"campfire_upgraded":2,"win_rate":0.0,"timestamp":1613437452,"path_taken":["M","M","?","?","$","E","R","M","T","?","E","?","M","E","R","BOSS"],"items_purchased_type":["Card","Card"],"build_version":"2020-12-22","purchased_purges":1,"victory":false,"max_hp_per_floor":[72,72,72,72,72,72,72,72,72,72,72,72,72,72,72,72,72],"relic_stats":{"counters":[9,82],"Golden Idol":36,"Whetstone":["ats:Armor Crushing Shot","ats:Strike C"],"obtain_stats":[{"ats:Ability Aura":6,"HornCleat":11,"NeowsBlessing":0,"ats:Originium":6,"Golden Idol":3,"ats:Sanity":0,"Whetstone":9,"Meat on the Bone":14},{"ats:Ability Aura":3,"HornCleat":5,"NeowsBlessing":0,"ats:Originium":3,"Golden Idol":2,"ats:Sanity":0,"Whetstone":4,"Meat on the Bone":8},{"ats:Ability Aura":3,"HornCleat":20,"NeowsBlessing":0,"ats:Originium":3,"Golden Idol":2,"ats:Sanity":0,"Whetstone":9,"Meat on the Bone":38}],"Meat on the Bone":0},"card_choices":[{"not_picked":["ats:Cat Scratch","ats:Leaping Hammer"],"picked":"ats:Curse Doll","floor":1.0},{"not_picked":["ats:Song Of Battle","ats:Assault Order"],"picked":"ats:Healing Drone","floor":2.0},{"not_picked":["ats:Blood Oath","ats:Leaping Hammer"],"picked":"ats:Revitalization","floor":6.0},{"not_picked":["ats:Blood Oath","ats:Cat Scratch"],"picked":"ats:Shell Defense","floor":8.0},{"not_picked":["ats:Steam Pump","ats:Automatic Cover","ats:Flexible Camouflage"],"picked":"SKIP","floor":11},{"not_picked":["ats:Closed Bolt Burst Fire","ats:Apocalypse"],"picked":"ats:Literary Storm","floor":12},{"not_picked":["ats:Phantom","ats:Assault Order"],"picked":"ats:Revitalization","floor":13},{"not_picked":["ats:Sashimi Platter","ats:Explosion Area Strengthen"],"picked":"ats:Guard Mode","floor":14}],"player_experience":447446,"relics_obtained":[{"floor":6.0,"key":"ats:Originium"},{"floor":6.0,"key":"ats:Ability Aura"},{"floor":9.0,"key":"Whetstone"},{"floor":11,"key":"ats:Originium"},{"floor":11,"key":"HornCleat"},{"floor":14,"key":"ats:Originium"},{"floor":14,"key":"Meat on the Bone"}],"event_choices":[{"damage_healed":0.0,"max_hp_gain":0.0,"max_hp_loss":0.0,"gold_gain":0.0,"event_name":"Golden Idol","player_choice":"Take Damage","floor":3.0,"gold_loss":0.0,"damage_taken":18.0,"relics_obtained":["Golden Idol"]},{"damage_healed":0.0,"max_hp_gain":0.0,"max_hp_loss":0.0,"gold_gain":75.0,"event_name":"World of Goop","player_choice":"Gather Gold","floor":4.0,"gold_loss":0.0,"damage_taken":11.0},{"damage_healed":0.0,"max_hp_gain":0.0,"max_hp_loss":0.0,"gold_gain":100.0,"event_name":"Golden Shrine","player_choice":"Pray","floor":10.0,"gold_loss":0.0,"damage_taken":0.0}],"is_beta":false,"boss_relics":[],"items_purged_floors":[5],"is_endless":false,"potions_floor_spawned":[8,11,14],"killed_by":"Hexaghost","ascension_level":1}}