{"host":"6jrnojxwearbrjzo","time":1613491421,"event":{"mods":["BaseMod","Conspire","Minty Spire (QoL Compilation)","MostiFishMod","Quick Restart","Random Character Button","Remilia（蕾米莉亚）","Shop Mod","Spicy Shops","StSLib","SuperFastMode","Td1madao Mod","TestMod","The Servant 0.9.4","Yuyuko","[功能]功能增强和修复MOD","篝火指南"],"gold_per_floor":[111,111,14,34,51,51,89,89,89,120,120,34,44,144,144,245,245,257,257,356,85,85,85,625,659,659,676,676,153,68,88,88,204,204,219,219,219,280,302,347,347,398,398,398,442,31,31,56,56,79],"floor_reached":51,"language":"ZHS","playtime":1552,"items_purged":["Defend_RM","Defend_RM","Strike_RM","Strike_RM","Defend_RM","Writhe","BloodHunter","Defend_RM","Strike_RM+1","Strike_RM+1","Madness"],"score":1230,"play_id":"e6c5a454-eca2-41c0-8912-4288cea93963","local_time":"20210217000341","is_ascension_mode":false,"campfire_choices":[{"data":"RedMoon","floor":6,"key":"SMITH"},{"data":"Stigmanizer","floor":11,"key":"SMITH"},{"data":"RedRainbow","floor":15,"key":"SMITH"},{"data":"Enlightenment","floor":23,"key":"SMITH"},{"data":"BloodRain","floor":28,"key":"SMITH"},{"data":"FitfulNightmare","floor":32,"key":"SMITH"},{"data":"ScarletShoot","floor":49,"key":"SMITH"}],"circlet_count":0,"master_deck":["RedMoon+1","ScarletShoot+1","Stigmanizer+1","BloodHunter+1","ScarletImprint+1","RedRainbow+1","BloodRain+1","Enlightenment+1","RedRainbow+1","MostiFishMod:ButterFly+1","FitfulNightmare+1","testmod-PocketStoneCalender+1","Madness+1"],"relics":["ScarletHat","DaveBox","testmod-TestBox","BirthdayGift-Icosahedron","testmod-Déjàvu","SentryEyes","SynthV:TestCard","testmod-Acrobat","Anchor","Ancient Tea Set","testmod-BalancedPeriapt","Technique","Busted Crown","conspire:Dentures","BrkXgEgg","Molten Egg 2","testmod-AssaultLearning","testmod-RandomTest","Chemical X","Juzu Bracelet","Toy Ornithopter","MerchantsRug","ArrowTower","FeatherPendant","StoneCalendar","ScarletDevilRocket","Orichalcum","RedBat","Vajra","testmod-Register","Boot","Pear","Sundial","PreservedInsect"],"acts_visited":["Exordium","TheCity","TheBeyond"],"potions_floor_usage":[16,29,29],"damage_taken":[{"damage":0,"enemies":"conspire:RoseBush","floor":1,"turns":2},{"damage":0,"enemies":"Jaw Worm","floor":4,"turns":1},{"damage":0,"enemies":"Small Slimes","floor":5,"turns":1},{"damage":0,"enemies":"Gremlin Nob","floor":7,"turns":2},{"damage":0,"enemies":"3 Sentries","floor":10,"turns":3},{"damage":0,"enemies":"3 Louse","floor":13,"turns":1},{"damage":0,"enemies":"Slime Boss","floor":16,"turns":3},{"damage":0,"enemies":"Chosen","floor":18,"turns":1},{"damage":0,"enemies":"Book of Stabbing","floor":25,"turns":2},{"damage":0,"enemies":"3 Byrds","floor":27,"turns":2},{"damage":0,"enemies":"Shelled Parasite and Fungi","floor":31,"turns":2},{"damage":0,"enemies":"Champ","floor":33,"turns":3},{"damage":0,"enemies":"3 Shapes","floor":35,"turns":1},{"damage":0,"enemies":"Mind Bloom Boss Battle","floor":38,"turns":1},{"damage":0,"enemies":"3 Darklings","floor":39,"turns":1},{"damage":0,"enemies":"Nemesis","floor":40,"turns":1},{"damage":0,"enemies":"Giant Head","floor":42,"turns":1},{"damage":0,"enemies":"Nemesis","floor":45,"turns":1},{"damage":0,"enemies":"4 Shapes","floor":48,"turns":1},{"damage":0,"enemies":"Donu and Deca","floor":50,"turns":1}],"seed_played":"-3589032338527098847","potions_obtained":[{"floor":1,"key":"DistilledChaos"},{"floor":1,"key":"GamblersBrew"},{"floor":7,"key":"AttackPotion"},{"floor":25,"key":"AttackPotion"}],"is_trial":false,"path_per_floor":["M","?","$","M","M","R","E","?","T","E","R","$","M","?","R","B",null,"M","?","?","$","?","R","?","E","T","M","R","$","?","M","R","B",null,"M","?","?","?","M","E","?","E","T","?","E","R","T","M","R","B",null],"character_chosen":"REMILIA","items_purchased":["testmod-Acrobat","BloodHunter","Technique","conspire:Dentures","BrkXgEgg","Enlightenment","BloodHunter","Chemical X","Juzu Bracelet","Toy Ornithopter","MostiFishMod:ButterFly+1","MerchantsRug","Fruit Juice","Energy Potion","testmod-Register","Boot","Pear","Sundial"],"campfire_rested":0,"item_purchase_floors":[3,3,12,21,21,21,21,29,29,29,29,29,29,29,46,46,46,46],"current_hp_per_floor":[55,55,55,56,57,57,58,43,43,50,50,50,51,51,51,59,75,75,75,75,75,75,75,18,23,23,24,24,64,64,67,67,75,75,75,75,66,75,75,75,75,75,75,75,75,75,75,75,75,75],"gold":79,"neow_bonus":"ONE_RARE_RELIC","is_daily":false,"chose_seed":false,"campfire_upgraded":7,"win_rate":0.0,"timestamp":1613491421,"path_taken":["M","?","$","M","M","R","E","?","T","E","R","$","M","?","R","BOSS","M","?","?","$","?","R","?","E","T","?","R","$","?","M","R","BOSS","M","?","?","?","M","E","?","E","T","?","E","R","?","M","R","BOSS"],"items_purchased_type":["Relic","Card","Relic","Relic","Relic","Card","Card","Relic","Relic","Relic","Card","Relic","Potion","Potion","Relic","Relic","Relic","Relic"],"build_version":"2020-12-22","purchased_purges":11,"victory":true,"max_hp_per_floor":[75,75,75,75,75,75,75,75,75,75,75,75,75,75,75,75,75,75,75,75,75,75,75,75,75,75,75,75,75,75,75,75,75,75,75,75,75,75,75,75,75,75,75,75,75,75,75,75,75,75],"card_choices":[{"not_picked":["SuperhumanBloodyKnife","ScarletNetherworld"],"picked":"Stigmanizer","floor":1},{"not_picked":["ScarletDevilSign","CharismaGuard","SuperhumanBloodyKnife","RedNightlessCastle"],"picked":"ScarletImprint","floor":4},{"not_picked":["ScarletDevilSign","UltimateOffering","BloodyMagicSquare","UnderTheZenith","MillenniumVampire"],"picked":"SKIP","floor":5},{"not_picked":["VampireKiss","FavorOfDestiny","Ultimatum","LeisurelyOfLord","DevilSight"],"picked":"SKIP","floor":7},{"not_picked":["QueenOfMidnight","FavorOfDestiny","BadLadyScramble","EndlessAdversity","DiffusionOfMisfortune"],"picked":"SKIP","floor":10},{"not_picked":["ChainGang","StarOfDavid","VampireKiss","EndlessAdversity"],"picked":"RedRainbow","floor":13},{"not_picked":["EquivalentExchange","HeartBreak","ForecastOfChange","BatForm"],"picked":"BloodRain","floor":16},{"not_picked":["BloodyMagicSquare","CharismaGuard","BombardNight+1"],"picked":"SKIP","floor":18},{"not_picked":["HunterOfTheNight+1","BloodRain+1","AfternoonTea+1"],"picked":"SKIP","floor":25},{"not_picked":["DiffusionOfMisfortune+1","BloodHunter"],"picked":"RedRainbow+1","floor":27},{"not_picked":["UnderTheZenith","RedRainbow+1"],"picked":"FitfulNightmare","floor":31},{"not_picked":["GlobalNightmare+1","BombardNight+1","UnstableMagic+1"],"picked":"SKIP","floor":35},{"not_picked":["The Bomb+1","Apotheosis+1"],"picked":"testmod-PocketStoneCalender+1","floor":36},{"not_picked":["BloodyMagicSquare+1","UnstableMagic+1","MiserableFate"],"picked":"SKIP","floor":39},{"not_picked":["CharismaGuard","ChainGang+1","AfternoonTea+1"],"picked":"SKIP","floor":40},{"not_picked":["VampireFantasy","VampireKiss+1","Stigmanizer+1"],"picked":"SKIP","floor":42},{"not_picked":["EndlessAdversity+1","FavorOfDestiny","RedRainbow+1"],"picked":"SKIP","floor":45},{"not_picked":["FavorOfDestiny+1","BlasphemousPunishment","RedNightlessCastle+1"],"picked":"SKIP","floor":48}],"player_experience":157244,"relics_obtained":[{"floor":1,"key":"SynthV:TestCard"},{"floor":7,"key":"Anchor"},{"floor":9,"key":"Ancient Tea Set"},{"floor":10,"key":"testmod-BalancedPeriapt"},{"floor":25,"key":"testmod-AssaultLearning"},{"floor":26,"key":"testmod-RandomTest"},{"floor":38,"key":"StoneCalendar"},{"floor":40,"key":"ScarletDevilRocket"},{"floor":42,"key":"Orichalcum"},{"floor":43,"key":"RedBat"},{"floor":45,"key":"Vajra"},{"floor":47,"key":"PreservedInsect"}],"event_choices":[{"damage_healed":0,"gold_gain":0,"player_choice":"Ignored","damage_taken":0,"max_hp_gain":0,"max_hp_loss":0,"event_name":"Golden Wing","floor":2,"gold_loss":0},{"damage_healed":0,"gold_gain":0,"player_choice":"Entered Light","damage_taken":15,"max_hp_gain":0,"max_hp_loss":0,"event_name":"Shining Light","floor":8,"gold_loss":0,"cards_upgraded":["Strike_RM","Strike_RM"]},{"damage_healed":0,"gold_gain":100,"player_choice":"Pray","damage_taken":0,"max_hp_gain":0,"max_hp_loss":0,"event_name":"Golden Shrine","floor":14,"gold_loss":0},{"damage_healed":0,"gold_gain":0,"player_choice":"Ignored","damage_taken":0,"max_hp_gain":0,"max_hp_loss":0,"event_name":"Ghosts","floor":19,"gold_loss":0},{"damage_healed":0,"gold_gain":99,"player_choice":"Stole From Cult","damage_taken":0,"max_hp_gain":0,"max_hp_loss":0,"event_name":"Nest","floor":20,"gold_loss":0},{"damage_healed":0,"gold_gain":0,"player_choice":"Opened","damage_taken":0,"relics_obtained":["Molten Egg 2"],"max_hp_gain":0,"max_hp_loss":0,"event_name":"The Mausoleum","floor":22,"gold_loss":0,"cards_obtained":["Writhe"]},{"damage_healed":0,"gold_gain":540,"player_choice":"GOLD GOLD GOLD GOLD GOLD GOLD ","damage_taken":57,"max_hp_gain":0,"max_hp_loss":0,"event_name":"Knowing Skull","floor":24,"potions_obtained":[],"gold_loss":0,"cards_obtained":[]},{"damage_healed":0,"gold_gain":0,"player_choice":"Obtained Relic","damage_taken":0,"relics_obtained":["ArrowTower"],"max_hp_gain":0,"max_hp_loss":0,"event_name":"Addict","floor":30,"gold_loss":85},{"damage_healed":0,"gold_gain":0,"player_choice":"Memory 1","damage_taken":0,"max_hp_gain":0,"max_hp_loss":0,"event_name":"SensoryStone","floor":36,"gold_loss":0},{"damage_healed":0,"gold_gain":0,"player_choice":"Embrace Madness","damage_taken":9,"max_hp_gain":0,"max_hp_loss":0,"event_name":"Winding Halls","floor":37,"gold_loss":0,"cards_obtained":["Madness","Madness"]},{"damage_healed":0,"gold_gain":0,"player_choice":"Fight","damage_taken":0,"max_hp_gain":0,"max_hp_loss":0,"event_name":"MindBloom","floor":38,"gold_loss":0},{"damage_healed":0,"gold_gain":0,"player_choice":"Forge","damage_taken":0,"max_hp_gain":0,"max_hp_loss":0,"event_name":"Accursed Blacksmith","floor":41,"gold_loss":0,"cards_upgraded":["Madness"]},{"damage_healed":0,"gold_gain":0,"player_choice":"Ignored","damage_taken":0,"max_hp_gain":0,"max_hp_loss":0,"event_name":"给自己的盒子","floor":44,"gold_loss":0}],"is_beta":false,"boss_relics":[{"not_picked":["conspire:SeveredTorchhead","conspire:SpecialSausage"],"picked":"Busted Crown"},{"not_picked":["NightmareShop","Snecko Eye"],"picked":"FeatherPendant"}],"items_purged_floors":[3,3,12,12,21,29,29,29,46,46,46],"is_endless":false,"potions_floor_spawned":[1,1,7,7,10,13,25,27,27,39,40,42,42,48],"ascension_level":0}}