{"host":"o3b7ow6d1xe49css","time":1613458615,"event":{"mods":["Act Like it!","Aspiration","BaseMod","Bestiary","Better Altar","Better Match","Better Note","Better Sensory Stone","Better Skull","Better Third Choice","Colored Powertips","Conspire","Energized Spire","Force Act Four","GifTheSpireLib","Halation","Hermit","Hubris","Infinite Spire","Lobotomy","Minty Spire (QoL Compilation)","Quick Restart","Rare Cards Sparkle","Relic Filter Mod","Reliquary","Replay The Spire","Spicy Shops","Spikes Relics","StSLib","Stuff the Spire","The Blue Laboratory","The Disciple","Wandering Minibosses"],"gold_per_floor":[110,126,43,57,73,108,108,134,161,161,191,222,1,1,1,106,106,117,127,147,48,48,48,81,81,81,81,96,108,142,159,159,260,260,275,275,292,292,292,320,350,350,350,3,3,3,23,23,23,120,120,120,6,33,33],"floor_reached":56,"language":"ENG","playtime":2623,"items_purged":["Strike_R","Strike_R","Strike_R","Defend_R"],"score":1395,"play_id":"5e6e559d-729d-40f8-9a2e-ec57568c064f","local_time":"20210215215655","daily_mods":["Heirloom","Flight"],"is_ascension_mode":true,"campfire_choices":[{"data":"conspire:Banana","floor":7,"key":"SMITH"},{"floor":10,"key":"REST"},{"data":"Pummel","floor":15,"key":"SMITH"},{"data":"Rampage","floor":23,"key":"SMITH"},{"data":"conspire:HitWhereItHurts","floor":27,"key":"SMITH"},{"floor":32,"key":"DIG"},{"data":"Offering","floor":42,"key":"SMITH"},{"data":"Bloodletting","floor":45,"key":"SMITH"},{"floor":46,"key":"RECALL"},{"data":"StuffTheSpire:CelestialWarden","floor":49,"key":"SMITH"},{"data":"StuffTheSpire:Slingshot","floor":52,"key":"SMITH"}],"circlet_count":0,"master_deck":["Defend_R","Bash","Spot Weakness","Power Through","conspire:Banana+1","BarbarianYell","Offering+1","Whirlwind","StuffTheSpire:Slingshot+1","Twin Strike","UniverseFragment","Pummel+1","Berserk","Headbutt","Twin Strike","Rampage+1","conspire:HitWhereItHurts+1","ReplayTheSpireMod:Stacked","Second Wind+1","Reaper","Warcry+1","Power Through+1","Bloodletting+1","StuffTheSpire:CelestialWarden+1","Crescendo+1"],"relics":["Burning Blood","Ring of Chaos","Du-Vu Doll","CogitoBucket","reliquary:ExpiredCoupon","Garlic","Oddly Smooth Stone","halation:PrussianBluePaint","halation:PromiseList","Membership Card","Empty Cage","ChangeAnything","wanderingMiniBosses:Inkheart","BargainBundle","ReplayTheSpireMod:Lightbulb","reliquary:Tamtam","Replay:Bottled Flurry","hubris:SlimyHat","Mark of Pain","SkinProphecy","hubris:Icosahedron","BicycleWheel","Toy Ornithopter","Mummified Hand","reliquary:RoseTintedGlasses","Vajra","Rawhide","reliquary:Craggleroot","aspiration:Nostalgia","Replay:M_SmolderingBlood","infinitespire:ShieldingShard"],"acts_visited":["Exordium","TheCity","TheBeyond","TheEnding"],"potions_floor_usage":[5,6,8,16,19,37,37,40,55,55,55],"damage_taken":[{"damage":1,"enemies":"Cultist","floor":1,"turns":4},{"damage":0,"enemies":"Small Slimes","floor":2,"turns":3},{"damage":19,"enemies":"Jaw Worm","floor":4,"turns":7},{"damage":6,"enemies":"Looter","floor":5,"turns":3},{"damage":23,"enemies":"3 Sentries","floor":6,"turns":5},{"damage":47,"enemies":"Gremlin Nob","floor":8,"turns":5},{"damage":14,"enemies":"3 Sentries","floor":11,"turns":4},{"damage":29,"enemies":"Lagavulin","floor":12,"turns":7},{"damage":12,"enemies":"Slime Boss","floor":16,"turns":7},{"damage":6,"enemies":"Spheric Guardian","floor":18,"turns":3},{"damage":18,"enemies":"Chosen","floor":19,"turns":7},{"damage":6,"enemies":"Snecko","floor":20,"turns":2},{"damage":19,"enemies":"Nightmare","floor":24,"turns":6},{"damage":10,"enemies":"3 Cultists","floor":28,"turns":3},{"damage":0,"enemies":"Cultist and Chosen","floor":29,"turns":1},{"damage":6,"enemies":"Gremlin Leader","floor":30,"turns":3},{"damage":6,"enemies":"Centurion and Healer","floor":31,"turns":2},{"damage":15,"enemies":"conspire:MysteriousRune","floor":33,"turns":3},{"damage":11,"enemies":"3 Shapes","floor":35,"turns":3},{"damage":14,"enemies":"Orb Walker","floor":37,"turns":5},{"damage":54,"enemies":"Nightmare","floor":40,"turns":5},{"damage":19,"enemies":"Nemesis","floor":41,"turns":5},{"damage":9,"enemies":"Spire Growth","floor":47,"turns":1},{"damage":6,"enemies":"Replay:Hell Engine","floor":50,"turns":4},{"damage":16,"enemies":"Shield and Spear","floor":54,"turns":4},{"damage":22,"enemies":"The Heart","floor":55,"turns":5}],"seed_played":"-7077326467485696594","potions_obtained":[{"floor":4,"key":"Fire Potion"},{"floor":5,"key":"PowerPotion"},{"floor":6,"key":"Venom Potion"},{"floor":8,"key":"FearPotion"},{"floor":16,"key":"blueLaboratory:RecallPotion"},{"floor":19,"key":"blueLaboratory:LouseDecoction"},{"floor":24,"key":"Weak Potion"},{"floor":31,"key":"FearPotion"},{"floor":40,"key":"blueLaboratory:CorrosionFlask"},{"floor":50,"key":"FairyPotion"},{"floor":54,"key":"Elixir"}],"is_trial":true,"path_per_floor":["M","M","$","M","M","E","R","E","T","R","E","E","$","?","R","B",null,"M","M","M","$","?","R","NM","AVR","T","R","M","M","E","M","R","B",null,"M","?","M","?","AVR","NM","E","R","T","$","R","R","M","?","R","B",null,"R","$","E","B",null],"character_chosen":"IRONCLAD","items_purchased":["conspire:Banana","Membership Card","Pummel","BargainBundle","Twin Strike","Rampage","DistilledChaos","blueLaboratory:BottleOfVodka","reliquary:RoseTintedGlasses","Bloodletting","Vajra","Rawhide","blueLaboratory:BottleOfVodka","aspiration:Nostalgia","ElixirPotion"],"campfire_rested":1,"item_purchase_floors":[3,13,13,21,21,21,21,21,44,44,44,44,44,53,53],"current_hp_per_floor":[80,80,80,68,69,53,53,14,14,39,33,12,12,12,12,8,70,72,62,62,62,62,62,51,51,51,51,49,55,55,55,55,46,86,83,83,101,101,101,51,104,104,104,104,104,104,97,97,97,95,112,112,112,100,97],"gold":33,"neow_bonus":"","is_daily":false,"chose_seed":false,"campfire_upgraded":8,"win_rate":0.0,"timestamp":1613458615,"path_taken":["M","M","$","M","?","E","R","E","T","R","E","E","$","?","R","BOSS","M","M","M","$","?","R","NM","AVR","T","R","M","?","E","?","R","BOSS","M","?","M","?","AVR","NM","E","R","T","$","R","R","M","?","R","BOSS","R","$","E","BOSS"],"items_purchased_type":["Card","Relic","Card","Relic","Card","Card","Potion","Potion","Relic","Card","Relic","Relic","Potion","Relic","Potion"],"build_version":"2020-12-22","purchased_purges":4,"victory":true,"max_hp_per_floor":[80,80,80,81,82,83,83,85,85,85,87,89,89,89,89,91,91,93,95,95,95,95,95,97,97,97,97,99,99,99,99,99,99,99,101,101,103,103,103,107,111,111,111,111,111,111,113,113,113,117,117,117,117,121,125],"card_choices":[{"not_picked":["Flame Barrier","Perfected Strike"],"picked":"Spot Weakness","floor":1},{"not_picked":["FairyFestival","LittlePrince","OSAHOGD"],"picked":"Singing Bowl","floor":1},{"not_picked":["Clothesline","StuffTheSpire:RockThrow"],"picked":"Power Through","floor":2},{"not_picked":["ShyLook","Wellcheers","Laetitia"],"picked":"Singing Bowl","floor":2},{"not_picked":["Heavy Blade","Dark Embrace"],"picked":"BarbarianYell","floor":4},{"not_picked":["PunishingBird","Bloodbath","CherryBlossoms"],"picked":"Singing Bowl","floor":4},{"not_picked":["Perfected Strike","conspire:Charge"],"picked":"Offering","floor":5},{"not_picked":["Rudolta","BeautyBeast","OldLady"],"picked":"Singing Bowl","floor":5},{"not_picked":["StuffTheSpire:Incineration","Shockwave"],"picked":"Whirlwind","floor":6},{"not_picked":["LittlePrince","CrumblingArmor","Funeral"],"picked":"Singing Bowl","floor":6},{"not_picked":["Juggernaut","Pommel Strike"],"picked":"StuffTheSpire:Slingshot","floor":8},{"not_picked":["BlackSwan","CrumblingArmor","VoidDream"],"picked":"Singing Bowl","floor":8},{"not_picked":["Headbutt","StuffTheSpire:RockThrow"],"picked":"Twin Strike","floor":11},{"not_picked":["HeroicMonk","Freischutz","OSAHOGD"],"picked":"Singing Bowl","floor":11},{"not_picked":["LaLuna","ShyLook","WallGazer"],"picked":"Singing Bowl","floor":12},{"not_picked":["Heavy Blade","Clothesline","hubris:CleavingFinish"],"picked":"SKIP","floor":12},{"not_picked":["conspire:Purge","Demonic Infusion"],"picked":"Berserk","floor":16},{"not_picked":["CrumblingArmor","BigBadWolf","BeautyBeast"],"picked":"Singing Bowl","floor":16},{"not_picked":["Thunderclap+1","Life Link","Abandon+1"],"picked":"SKIP","floor":18},{"not_picked":["Seeing Red","Absolvement","StuffTheSpire:Pyroclast"],"picked":"SKIP","floor":19},{"not_picked":["Anger+1","Whirlwind"],"picked":"Headbutt","floor":20},{"not_picked":["infinitespire:Oblivion","ReplayTheSpireMod:Echoes of Time"],"picked":"infinitespire:SealOfDarkness+","floor":24},{"not_picked":["Feel No Pain","ReplayReversal+1"],"picked":"conspire:HitWhereItHurts","floor":24},{"not_picked":["Anger","Pommel Strike+1"],"picked":"ReplayTheSpireMod:Stacked","floor":28},{"not_picked":["Run Through+1","conspire:ExplosiveBarrier"],"picked":"Second Wind+1","floor":29},{"not_picked":["Twin Strike","Wild Strike","ReplayTheSpireMod:Strike From Hell"],"picked":"SKIP","floor":30},{"not_picked":["Seeing Red","Armaments","ReplayTheSpireMod:Strike From Hell"],"picked":"SKIP","floor":31},{"not_picked":["Feed","Demon Form"],"picked":"Reaper","floor":33},{"not_picked":["Thunderclap+1","Clothesline+1"],"picked":"Warcry+1","floor":35},{"not_picked":["Massacre","Carnage"],"picked":"Power Through+1","floor":37},{"not_picked":["Anger+1","ReplayTheSpireMod:Corrosion Curse+1","Searing Blow+1"],"picked":"SKIP","floor":40},{"not_picked":["StuffTheSpire:TitanForm","Body Slam","Perfected Strike"],"picked":"SKIP","floor":41},{"not_picked":["Heavy Blade+1","StuffTheSpire:RagingBull","Thunderclap"],"picked":"SKIP","floor":47},{"not_picked":["StuffTheSpire:Vigor","StuffTheSpire:Harmony"],"picked":"StuffTheSpire:CelestialWarden","floor":48},{"not_picked":["Sever Soul","Clash+1"],"picked":"Crescendo+1","floor":54}],"player_experience":1518119,"relics_obtained":[{"floor":6,"key":"reliquary:ExpiredCoupon"},{"floor":8,"key":"Garlic"},{"floor":9,"key":"Oddly Smooth Stone"},{"floor":11,"key":"halation:PrussianBluePaint"},{"floor":12,"key":"halation:PromiseList"},{"floor":19,"key":"wanderingMiniBosses:Inkheart"},{"floor":24,"key":"ReplayTheSpireMod:Lightbulb"},{"floor":30,"key":"Replay:Bottled Flurry"},{"floor":32,"key":"hubris:SlimyHat"},{"floor":40,"key":"reliquary:SharkskinSheath"},{"floor":41,"key":"Toy Ornithopter"},{"floor":43,"key":"Mummified Hand"},{"floor":54,"key":"infinitespire:ShieldingShard"}],"event_choices":[{"damage_healed":0,"gold_gain":0,"player_choice":"Ignored","damage_taken":0,"max_hp_gain":0,"max_hp_loss":0,"event_name":"betterNote:BetterNote","floor":22,"gold_loss":0,"cards_obtained":["Strike_R"]},{"cards_removed":["Defend_R"],"damage_healed":0,"gold_gain":0,"player_choice":"Purged","damage_taken":0,"max_hp_gain":0,"max_hp_loss":0,"event_name":"Purifier","floor":36,"gold_loss":0}],"is_beta":false,"boss_relics":[{"not_picked":["aspiration:WatcherSkillbook","Coffee Dripper"],"picked":"Empty Cage"},{"not_picked":["energizedSpire:MagnifyingGlass","Replay:Drink Me"],"picked":"Mark of Pain"},{"not_picked":["aspiration:RunicSpoon","Velvet Choker"],"picked":"reliquary:Craggleroot"}],"items_purged_floors":[13,21,25,39],"is_endless":true,"potions_floor_spawned":[4,5,6,8,16,19,24,29,31,40,50,54,55],"ascension_level":5}}