{"host":"h3yie3u3olngyjol","time":1613478156,"event":{"mods":["BaseMod","Colored Powertips","Downfall","Highlight Path","Infinite Spire","Lobotomy","LobotomyExtend","Marked Mod","Minty Spire (QoL Compilation)","Prisma Mod","Replay The Spire","RumiaBox-露米娅的神秘盒子","Shop Mod","StSLib","The Hierophant","The Runesmith"],"gold_per_floor":[115,131,131,149,149,149,159,159,159],"floor_reached":8,"language":"ZHS","playtime":476,"items_purged":[],"score":89,"play_id":"08e9ae5f-e153-42fb-ae1f-53c1414900bc","local_time":"20210216202236","is_ascension_mode":true,"campfire_choices":[{"floor":6,"key":"REST"}],"circlet_count":0,"master_deck":["AscendersBane","Strike_P","Strike_P","Strike_P","Defend_P","Defend_P","Defend_P","Eruption","Vigilance","CrushJoints","ClearTheMind","ForeignInfluence","Steam","Vengeance"],"relics":["PureWater","LetterFromLob","Ring of Hypnosis","Ring of Fangs"],"acts_visited":["Exordium"],"potions_floor_usage":[8,8],"damage_taken":[{"damage":8.0,"enemies":"Jaw Worm","floor":1.0,"turns":4.0},{"damage":12,"enemies":"Small Slimes","floor":2,"turns":5},{"damage":5,"enemies":"2 Louse","floor":4,"turns":4},{"damage":27,"enemies":"Large Slime","floor":7,"turns":6},{"damage":6,"enemies":"3 Sentries","floor":8,"turns":4}],"seed_played":"-6035358938006241231","potions_obtained":[{"floor":4,"key":"LifebloodPotion"},{"floor":7,"key":"Fire Potion"}],"is_trial":false,"path_per_floor":["M","M","?","M","?","R","M","E"],"character_chosen":"WATCHER","items_purchased":[],"campfire_rested":1,"item_purchase_floors":[],"current_hp_per_floor":[47,35,35,30,30,54,27,21,21],"gold":159,"neow_bonus":"TWENTY_PERCENT_HP_BONUS","is_daily":false,"chose_seed":false,"campfire_upgraded":0,"win_rate":0.0,"timestamp":1613478156,"path_taken":["M","M","?","M","?","R","M","E"],"items_purchased_type":[],"build_version":"2020-12-22","purchased_purges":0,"victory":false,"max_hp_per_floor":[80,80,80,80,80,80,80,80,80],"card_choices":[{"not_picked":["Prostrate","CarveReality"],"picked":"CrushJoints","floor":1.0},{"not_picked":["Replay:BluntJabs","Replay:AtTheReady"],"picked":"ClearTheMind","floor":2},{"not_picked":["SignatureMove","ThirdEye","Replay:Battleflow"],"picked":"SKIP","floor":4},{"not_picked":["MarkedMod:GentlePulse","Replay:LoomingThreat"],"picked":"Vengeance","floor":7}],"player_experience":453814,"relics_obtained":[{"floor":1.0,"key":"LetterFromLob"},{"floor":3,"key":"Ring of Hypnosis"},{"floor":3,"key":"Ring of Fangs"}],"event_choices":[],"is_beta":false,"boss_relics":[],"items_purged_floors":[],"is_endless":false,"potions_floor_spawned":[4,7],"killed_by":"3 Sentries","ascension_level":17}}