{"host":"rguvlafm46vqn9ib","time":1613460963,"event":{"mods":["2.2 Compatiblity","AchievementEnabler","Act Like it!","Arknights","Aspiration","BaseMod","Beaked The Cultist","Better Match","Better Note","Better Third Choice","BetterRewards","Colored Map","Downfall","Elementarium","GifTheSpireLib","Hermit","Highlight Path","Hubris","JesterMod","Mad Scientist","Minty Spire (QoL Compilation)","RRrroohrrRGHHhhh!!","Reliquary","Reorder Act Four","Replay The Spire","Retaliation","SCP261 Mod","Small Relic Pack","Spikes Relics","StSLib","Stuff the Spire","The Blackbeard","The Bug Knight","The Construct","The Death Knight","The Disciple","The Forsaken","The Judge","The Marked","The Mystic","The Necromancer","The Problem Sleuth","The Runesmith","TheSwordswoman"],"gold_per_floor":[109,64,83,83,94,123,123,156,156,58,76,76,76,89,89,190,190,206,45,45,6,25,25,39,39,64,64,64,84,103,103,103],"floor_reached":31,"language":"ENG","playtime":2258,"items_purged":[],"score":397,"play_id":"ec0031f6-e312-4b69-b322-014be655ea05","local_time":"20210216073603","is_ascension_mode":true,"campfire_choices":[{"data":"Finger_Of_Death","floor":7,"key":"SMITH"},{"data":"Bone_Armor","floor":13,"key":"SMITH"},{"data":"Pandemic","floor":15,"key":"SMITH"},{"data":"Death_Knell","floor":23,"key":"SMITH"},{"data":"Bone_Wall","floor":25,"key":"SMITH"},{"data":"Toxic_Smoke_Screen","floor":27,"key":"SMITH"}],"circlet_count":0,"master_deck":["Strike_W","Strike_W","Strike_W","Strike_W","Defend_W","Defend_W","Defend_W","Defend_W","Negative_Energy_Arrows","Bone_Wall+1","Summon_Undead_Army+1","Shackles_Of_Pain","Negative_Energy_Shield","Blood_Curse","Plague_Bolt","Consume_Illness","Finger_Of_Death+1","Spectral_Armor","Negative_Energy_Javelin","Death_Knell+1","Bone_Armor+1","Death_March_Dance","Pandemic+1","Skeleton_Dragon","Bone_Shift","Summon_Undead_Army+1","Toxic_Smoke_Screen+1","Life_Drain","Acid_Javelin","Death_Knell+1","Uncharnel+1","DeathKnight:Defile","Bones_to_Steel","Hellfire"],"relics":["Vampire_Amulet","Orichalcum","Iron Hammer","StuffTheSpire:Barrel","aspiration:FrozenJewel","aspiration:HiddenCompartment"],"acts_visited":["Exordium","TheCity"],"potions_floor_usage":[6,16,16,24,24,30],"damage_taken":[{"damage":7,"enemies":"Jaw Worm","floor":1,"turns":4},{"damage":0,"enemies":"Small Slimes","floor":3,"turns":4},{"damage":6,"enemies":"Cultist","floor":5,"turns":4},{"damage":9,"enemies":"3 Sentries","floor":6,"turns":8},{"damage":26,"enemies":"Lagavulin","floor":8,"turns":4},{"damage":0,"enemies":"Looter","floor":11,"turns":2},{"damage":3,"enemies":"2 Fungi Beasts","floor":14,"turns":3},{"damage":3,"enemies":"Fading Forest","floor":16,"turns":11},{"damage":19,"enemies":"3 Byrds","floor":18,"turns":7},{"damage":17,"enemies":"Shell Parasite","floor":22,"turns":5},{"damage":4,"enemies":"Snake Plant","floor":24,"turns":4},{"damage":13,"enemies":"Shelled Parasite and Fungi","floor":29,"turns":7},{"damage":20,"enemies":"Snecko","floor":30,"turns":5},{"damage":57,"enemies":"Book of Stabbing","floor":31,"turns":6}],"seed_played":"5820954036586962762","potions_obtained":[{"floor":1,"key":"Block Potion"},{"floor":8,"key":"Fire Potion"},{"floor":12,"key":"SteroidPotion"},{"floor":12,"key":"CultistPotion"},{"floor":16,"key":"FearPotion"},{"floor":22,"key":"SCP261:BostonMolassesPotion"},{"floor":29,"key":"DuplicationPotion"}],"is_trial":false,"path_per_floor":["M","$","M","?","M","E","R","E","T","$","M","?","R","M","R","B",null,"M","$","?","$","M","R","M","R","T","R","?","M","M","E"],"character_chosen":"NECROMANCER","items_purchased":["Orichalcum","Summon_Undead_Army","Shackles_Of_Pain","Negative_Energy_Shield","Blood_Curse","Consume_Illness","Bone_Armor","SCP261:DewritoBlazePotion","Summon_Undead_Army","Toxic_Smoke_Screen","Life_Drain","Acid_Javelin"],"campfire_rested":0,"item_purchase_floors":[0,0,0,0,0,2,10,10,19,19,19,21],"current_hp_per_floor":[70,70,74,74,70,67,67,43,43,43,53,53,53,54,54,66,75,60,60,60,60,59,59,65,65,65,65,65,62,53,0,0],"gold":103,"neow_bonus":"","is_daily":false,"chose_seed":false,"campfire_upgraded":6,"win_rate":0.0,"timestamp":1613460963,"path_taken":["M","$","M","?","M","E","R","E","T","$","M","?","R","M","R","BOSS","M","?","?","$","M","R","M","R","T","R","?","M","M","E"],"items_purchased_type":["Relic","Card","Card","Card","Card","Card","Card","Potion","Card","Card","Card","Card"],"build_version":"2020-12-22","purchased_purges":0,"victory":false,"max_hp_per_floor":[75,75,75,75,75,75,75,75,75,75,75,75,75,75,75,75,75,75,75,75,75,75,75,75,75,75,75,75,75,75,75,75],"card_choices":[{"not_picked":["Necrotic_Claws","Scare"],"picked":"Plague_Bolt","floor":1},{"not_picked":["Death_Knell","Negative_Energy_Mist"],"picked":"Finger_Of_Death","floor":3},{"not_picked":["Bone_Bullets","Negative_Energy_Burst"],"picked":"Spectral_Armor","floor":5},{"not_picked":["Consume_Illness","Blood_Shield"],"picked":"Negative_Energy_Javelin","floor":6},{"not_picked":["Consume_Illness","Bone_Bullets"],"picked":"Death_Knell","floor":8},{"not_picked":["Bone_Shift","Toxic_Smoke_Screen"],"picked":"Death_March_Dance","floor":11},{"not_picked":["Necromantic_Selection","Blood_Curse"],"picked":"Pandemic","floor":14},{"not_picked":["Hellfire","Summon_Vampire_Lady"],"picked":"Skeleton_Dragon","floor":16},{"not_picked":["Death_Coil","Bones_to_Steel+1"],"picked":"Bone_Shift","floor":18},{"not_picked":["Blood_Curse","Acid_Javelin"],"picked":"Death_Knell+1","floor":22},{"not_picked":["Scare+1","Death_March_Dance+1"],"picked":"Uncharnel+1","floor":24},{"not_picked":["Negative_Energy_Sphere","Shackles_Of_Pain"],"picked":"Bones_to_Steel","floor":29},{"not_picked":["Exploit","Negative_Energy_Burst+1"],"picked":"Hellfire","floor":30}],"player_experience":1005154,"relics_obtained":[{"floor":6,"key":"Iron Hammer"},{"floor":8,"key":"StuffTheSpire:Barrel"},{"floor":9,"key":"aspiration:FrozenJewel"},{"floor":26,"key":"aspiration:HiddenCompartment"}],"event_choices":[{"damage_healed":0,"gold_gain":0,"player_choice":"Got Potions","damage_taken":0,"max_hp_gain":0,"max_hp_loss":0,"event_name":"Lab","floor":12,"gold_loss":0},{"damage_healed":0,"gold_gain":0,"player_choice":"Forge","damage_taken":0,"max_hp_gain":0,"max_hp_loss":0,"event_name":"Accursed Blacksmith","floor":20,"gold_loss":0,"cards_upgraded":["Summon_Undead_Army"]},{"cards_removed":["Shackles_Of_Pain"],"damage_healed":0,"gold_gain":0,"player_choice":"Take \u0026 Give","damage_taken":0,"max_hp_gain":0,"max_hp_loss":0,"event_name":"betterNote:BetterNote","floor":28,"gold_loss":0,"cards_obtained":["DeathKnight:Defile"]}],"is_beta":false,"boss_relics":[{"not_picked":["aspiration:PoetsPen_weak","aspiration:FutureDiary","StuffTheSpire:Kangaroo"]}],"items_purged_floors":[],"is_endless":false,"potions_floor_spawned":[1,8,14,16,22,29],"killed_by":"Book of Stabbing","ascension_level":3}}