{"host":"08yfhu6uhosdn245","time":1613435653,"event":{"mods":["2.2 Compatiblity","AchievementEnabler","BaseMod","Bestiary","Colored Map","Colored Powertips","Curses Come First","Highlight Path","Minty Spire (QoL Compilation)","Quick Restart","Relic Stats","StSLib","SuperFastMode"],"gold_per_floor":[114,132,152,327,23,23,34,60,107,107,107,107,107,134,134,231,231,251,266,50,62,62,62,90,55,55,55,89,89,89],"floor_reached":29,"language":"ENG","playtime":1192,"items_purged":["Doubt","Strike_B"],"score":363,"play_id":"aa24ada4-e0b2-44ea-9565-d5e015e77136","local_time":"20210215193413","is_ascension_mode":true,"campfire_choices":[{"data":"Sunder","floor":6.0,"key":"SMITH"},{"floor":10.0,"key":"REST"},{"floor":12.0,"key":"REST"},{"floor":15.0,"key":"DIG"},{"floor":23.0,"key":"DIG"},{"data":"Chill","floor":27,"key":"SMITH"}],"circlet_count":0,"master_deck":["Strike_B+1","Defend_B+1","Defend_B","Defend_B","Defend_B+1","Zap","Dualcast","Hologram","Redo","Consume","Sunder+1","Static Discharge","Static Discharge","Self Repair","Multi-Cast","Defragment","Chill+1","Defragment","Cold Snap+1","Steam Power","Loop","Glacier+1"],"relics":["Cracked Core","MealTicket","Mummified Hand","Toy Ornithopter","War Paint","Shovel","Vajra","Nuclear Battery","FaceOfCleric","Whetstone","Blue Candle","Matryoshka","Oddly Smooth Stone"],"acts_visited":["Exordium","TheCity"],"potions_floor_usage":[28],"damage_taken":[{"damage":4.0,"enemies":"Jaw Worm","floor":1.0,"turns":4.0},{"damage":0.0,"enemies":"Small Slimes","floor":2.0,"turns":3.0},{"damage":2.0,"enemies":"2 Louse","floor":3.0,"turns":4.0},{"damage":6.0,"enemies":"Exordium Thugs","floor":7.0,"turns":4.0},{"damage":27.0,"enemies":"Lagavulin","floor":8.0,"turns":6.0},{"damage":10.0,"enemies":"3 Sentries","floor":14.0,"turns":5.0},{"damage":28.0,"enemies":"Hexaghost","floor":16.0,"turns":7.0},{"damage":0.0,"enemies":"Chosen","floor":18.0,"turns":3.0},{"damage":19.0,"enemies":"2 Thieves","floor":19.0,"turns":3.0},{"damage":11.0,"enemies":"Snecko","floor":21.0,"turns":4.0},{"damage":58,"enemies":"Gremlin Leader","floor":24,"turns":7},{"damage":33,"enemies":"Book of Stabbing","floor":28,"turns":4},{"damage":25,"enemies":"Centurion and Healer","floor":29,"turns":12}],"seed_played":"5576176790091436632","potions_obtained":[{"floor":1.0,"key":"EssenceOfSteel"},{"floor":7.0,"key":"Regen Potion"},{"floor":8.0,"key":"Weak Potion"},{"floor":19.0,"key":"SpeedPotion"},{"floor":24,"key":"DistilledChaos"}],"is_trial":false,"path_per_floor":["M","M","M","?","$","R","M","E","T","R","?","R","?","E","R","B",null,"M","M","$","M","?","R","E","$","T","R","E","M"],"character_chosen":"DEFECT","items_purchased":["MealTicket","Sunder","Chill","Defragment","Loop"],"campfire_rested":2,"item_purchase_floors":[5,5,20,20,25],"current_hp_per_floor":[46,46,44,44,44,44,38,23,23,45,20,42,67,57,57,46,68,75,63,75,71,71,71,21,36,36,36,16,0,0],"gold":89,"neow_bonus":"REMOVE_TWO","is_daily":false,"chose_seed":false,"campfire_upgraded":2,"win_rate":0.0,"timestamp":1613435653,"path_taken":["M","M","M","?","$","R","M","E","T","R","?","R","?","E","R","BOSS","M","M","$","M","?","R","E","?","T","R","E","M"],"items_purchased_type":["Relic","Card","Card","Card","Card"],"build_version":"2020-12-22","purchased_purges":2,"victory":false,"max_hp_per_floor":[75,75,75,75,75,75,75,75,75,75,75,75,75,75,75,75,75,75,75,75,75,75,75,76,76,76,76,77,77,77],"relic_stats":{"Shovel":2,"FaceOfCleric":2,"counters":[13,66],"Mummified Hand":[42],"Blue Candle":[0],"MealTicket":27,"Whetstone":["Strike_B"],"War Paint":["Defend_B","Defend_B"],"obtain_stats":[{"Blue Candle":24,"Vajra":15,"Oddly Smooth Stone":28,"Whetstone":23,"War Paint":11,"Nuclear Battery":17,"Shovel":14,"Matryoshka":26,"FaceOfCleric":22,"Mummified Hand":8,"MealTicket":5,"Cracked Core":0,"Toy Ornithopter":9},{"Blue Candle":11,"Vajra":6,"Oddly Smooth Stone":12,"Whetstone":10,"War Paint":5,"Nuclear Battery":7,"Shovel":6,"Matryoshka":11,"FaceOfCleric":10,"Mummified Hand":5,"MealTicket":3,"Cracked Core":0,"Toy Ornithopter":5},{"Blue Candle":50,"Vajra":26,"Oddly Smooth Stone":54,"Whetstone":43,"War Paint":21,"Nuclear Battery":33,"Shovel":26,"Matryoshka":50,"FaceOfCleric":43,"Mummified Hand":21,"MealTicket":11,"Cracked Core":0,"Toy Ornithopter":21}],"Toy Ornithopter":15},"card_choices":[{"not_picked":["Recycle","Gash"],"picked":"Hologram","floor":1.0},{"not_picked":["Melter","Reinforced Body"],"picked":"Redo","floor":2.0},{"not_picked":["Chaos","Compile Driver"],"picked":"Consume","floor":3.0},{"not_picked":["Turbo","Reprogram"],"picked":"Static Discharge","floor":7.0},{"not_picked":["Hello World","Reboot"],"picked":"Static Discharge","floor":8.0},{"not_picked":["Barrage","Coolheaded"],"picked":"Self Repair","floor":14.0},{"not_picked":["Hyperbeam","Biased Cognition"],"picked":"Multi-Cast","floor":16.0},{"not_picked":["Rebound","Compile Driver","Redo"],"picked":"SKIP","floor":18.0},{"not_picked":["Steam+1","Self Repair"],"picked":"Defragment","floor":19.0},{"not_picked":["Beam Cell","Fission"],"picked":"Cold Snap+1","floor":21.0},{"not_picked":["Sunder","Gash+1"],"picked":"Steam Power","floor":24},{"not_picked":["Rebound","Skim"],"picked":"Glacier+1","floor":28}],"player_experience":389761,"relics_obtained":[{"floor":8.0,"key":"Mummified Hand"},{"floor":9.0,"key":"Toy Ornithopter"},{"floor":14.0,"key":"Shovel"},{"floor":15.0,"key":"Vajra"},{"floor":23.0,"key":"Whetstone"},{"floor":24,"key":"Blue Candle"},{"floor":26,"key":"Matryoshka"},{"floor":28,"key":"Oddly Smooth Stone"}],"event_choices":[{"damage_healed":0.0,"max_hp_gain":0.0,"max_hp_loss":0.0,"gold_gain":175.0,"event_name":"Liars Game","player_choice":"AGREE","floor":4.0,"gold_loss":0.0,"damage_taken":0.0,"cards_obtained":["Doubt"]},{"damage_healed":0.0,"max_hp_gain":0.0,"max_hp_loss":0.0,"gold_gain":0.0,"event_name":"Scrap Ooze","player_choice":"Success","floor":11.0,"gold_loss":0.0,"damage_taken":25.0,"relics_obtained":["War Paint"]},{"damage_healed":25.0,"max_hp_gain":0.0,"max_hp_loss":0.0,"gold_gain":0.0,"event_name":"Big Fish","player_choice":"Banana","floor":13.0,"gold_loss":0.0,"damage_taken":0.0},{"damage_healed":0.0,"max_hp_gain":0.0,"max_hp_loss":0.0,"gold_gain":0.0,"event_name":"FaceTrader","player_choice":"Trade","floor":22.0,"gold_loss":0.0,"damage_taken":0.0,"relics_obtained":["FaceOfCleric"]}],"is_beta":false,"boss_relics":[{"not_picked":["Runic Dome","Coffee Dripper"],"picked":"Nuclear Battery"}],"items_purged_floors":[5,20],"is_endless":false,"potions_floor_spawned":[1,7,8,19,24],"killed_by":"Centurion and Healer","ascension_level":7}}