{"host":"d2gh6suihlstufn7","time":1613454564,"event":{"mods":["AchievementEnabler","BaseMod","Colored Map","Colored Powertips","Minty Spire (QoL Compilation)","Permanent Neow","Quick Restart"],"gold_per_floor":[114,114,127,147,72,102,120,120,120,120,145,125,140,160,160,160,160],"floor_reached":16,"language":"KOR","playtime":470,"items_purged":["Regret"],"score":112,"play_id":"2b3e6bee-49b5-428b-ab9b-2c99d851bc0f","local_time":"20210216144924","is_ascension_mode":false,"campfire_choices":[{"floor":8,"key":"RECALL"},{"floor":10,"key":"REST"},{"floor":15,"key":"REST"}],"circlet_count":0,"master_deck":["Strike_R","Strike_R","Strike_R","Strike_R","Strike_R","Defend_R","Defend_R","Defend_R","Defend_R","Bash","Pommel Strike","Twin Strike","Wild Strike","Spot Weakness","Impervious","Twin Strike"],"relics":["SlaversCollar","Paper Frog","Lantern","Bag of Preparation"],"acts_visited":["Exordium"],"potions_floor_usage":[6],"damage_taken":[{"damage":11,"enemies":"Jaw Worm","floor":1,"turns":4},{"damage":2,"enemies":"2 Louse","floor":3,"turns":3},{"damage":9,"enemies":"Cultist","floor":4,"turns":3},{"damage":21,"enemies":"Lagavulin","floor":6,"turns":4},{"damage":19,"enemies":"Exordium Wildlife","floor":7,"turns":6},{"damage":17,"enemies":"3 Sentries","floor":11,"turns":5},{"damage":5,"enemies":"Looter","floor":13,"turns":2},{"damage":3,"enemies":"Exordium Thugs","floor":14,"turns":5},{"damage":36,"enemies":"Slime Boss","floor":16,"turns":8}],"seed_played":"8415932084252724016","potions_obtained":[{"floor":3,"key":"Strength Potion"},{"floor":11,"key":"Ancient Potion"},{"floor":12,"key":"SmokeBomb"}],"is_trial":false,"path_per_floor":["M","?","M","M","$","E","M","R","T","R","E","?","M","M","R","B"],"character_chosen":"IRONCLAD","items_purchased":[],"campfire_rested":2,"item_purchase_floors":[],"current_hp_per_floor":[69,69,67,58,58,37,18,18,18,42,25,25,20,17,41,5,5],"gold":160,"neow_bonus":"BOSS_RELIC","is_daily":false,"chose_seed":false,"campfire_upgraded":0,"win_rate":0.0,"timestamp":1613454564,"path_taken":["M","?","M","M","$","E","M","R","T","R","E","?","M","?","R","BOSS"],"items_purchased_type":[],"build_version":"2020-12-22","purchased_purges":1,"victory":false,"max_hp_per_floor":[80,80,80,80,80,80,80,80,80,80,80,80,80,80,80,80,80],"card_choices":[{"not_picked":["Body Slam","Hemokinesis"],"picked":"Pommel Strike","floor":1},{"not_picked":["Anger","Cleave"],"picked":"Twin Strike","floor":3},{"not_picked":["Sword Boomerang","Body Slam","True Grit"],"picked":"SKIP","floor":4},{"not_picked":["Cleave","Spot Weakness"],"picked":"Wild Strike","floor":6},{"not_picked":["Clash","Sentinel"],"picked":"Spot Weakness","floor":7},{"not_picked":["Seeing Red","Flex"],"picked":"Impervious","floor":11},{"not_picked":["Heavy Blade","Body Slam"],"picked":"Twin Strike","floor":13},{"not_picked":["Headbutt","Brutality","Carnage"],"picked":"SKIP","floor":14}],"player_experience":206079,"relics_obtained":[{"floor":6,"key":"Lantern"},{"floor":11,"key":"Bag of Preparation"}],"event_choices":[{"damage_healed":0,"gold_gain":0,"player_choice":"Box","damage_taken":0,"relics_obtained":["Paper Frog"],"max_hp_gain":0,"max_hp_loss":0,"event_name":"Big Fish","floor":2,"gold_loss":0,"cards_obtained":["Regret"]},{"damage_healed":0,"gold_gain":0,"player_choice":"Bought 1 Potion","damage_taken":0,"max_hp_gain":0,"max_hp_loss":0,"event_name":"The Woman in Blue","floor":12,"gold_loss":0}],"is_beta":false,"boss_relics":[],"items_purged_floors":[5],"is_endless":false,"potions_floor_spawned":[3,11],"killed_by":"Slime Boss","ascension_level":0}}