{"host":"qjv9b7mze4c73keh","time":1613510351,"event":{"mods":["BaseMod","Colored Map","Colored Powertips","DeckTracker","Highlight Path","Minty Spire (QoL Compilation)","Rare Cards Sparkle","Synergy Search","Unceasing Turn Reminder"],"gold_per_floor":[111,126,6,6,6,6,16,341,341,341,371,382,392,416,416,513,513,478,478,403,403,414,414,414,425,425,425,425],"floor_reached":27,"language":"RUS","playtime":1832,"items_purged":["Defend_G"],"score":221,"play_id":"512ed7a4-6e44-44d0-8732-69ab1eec097e","local_time":"20210217021911","is_ascension_mode":false,"campfire_choices":[{"data":"Poisoned Stab","floor":6,"key":"SMITH"},{"floor":10,"key":"REST"},{"floor":15,"key":"REST"},{"floor":23,"key":"REST"}],"circlet_count":0,"master_deck":["Strike_G","Strike_G","Strike_G","Defend_G","Defend_G","Defend_G","Defend_G","Survivor","Neutralize","Bouncing Flask","Poisoned Stab+1","Deadly Poison","Terror","Slice","Envenom","Deflect+1","Deadly Poison","Poisoned Stab"],"relics":["Ring of the Snake","Old Coin","Ice Cream","Prayer Wheel","Happy Flower"],"acts_visited":["Exordium","TheCity"],"potions_floor_usage":[13,16,16,25,27,27],"damage_taken":[{"damage":1,"enemies":"Cultist","floor":1,"turns":5},{"damage":0,"enemies":"Jaw Worm","floor":2,"turns":5},{"damage":0,"enemies":"2 Louse","floor":7,"turns":4},{"damage":21,"enemies":"Lagavulin","floor":8,"turns":7},{"damage":53,"enemies":"Gremlin Nob","floor":11,"turns":6},{"damage":9,"enemies":"Blue Slaver","floor":12,"turns":3},{"damage":0,"enemies":"Large Slime","floor":13,"turns":3},{"damage":26,"enemies":"Hexaghost","floor":16,"turns":8},{"damage":29,"enemies":"2 Thieves","floor":18,"turns":5},{"damage":34,"enemies":"3 Byrds","floor":22,"turns":7},{"damage":11,"enemies":"Snake Plant","floor":25,"turns":4},{"damage":32,"enemies":"Cultist and Chosen","floor":27,"turns":6}],"seed_played":"7988658224574508926","potions_obtained":[{"floor":1,"key":"FearPotion"},{"floor":11,"key":"CunningPotion"},{"floor":13,"key":"Swift Potion"},{"floor":16,"key":"EssenceOfSteel"},{"floor":22,"key":"SneckoOil"},{"floor":24,"key":"SkillPotion"}],"is_trial":false,"path_per_floor":["M","M","$","?","?","R","M","E","T","R","E","M","M","T","R","B",null,"M","?","?","?","M","R","?","M","T","M"],"character_chosen":"THE_SILENT","items_purchased":["Poisoned Stab"],"campfire_rested":3,"item_purchase_floors":[3],"current_hp_per_floor":[76,76,76,76,81,81,81,60,60,82,29,20,20,20,44,18,82,53,53,53,53,19,43,43,32,32,0,0],"gold":425,"neow_bonus":"TEN_PERCENT_HP_BONUS","is_daily":false,"chose_seed":false,"campfire_upgraded":1,"win_rate":0.0,"timestamp":1613510351,"path_taken":["M","?","$","?","?","R","M","E","T","R","E","M","M","?","R","BOSS","M","?","?","?","M","R","?","M","T","M"],"items_purchased_type":["Card"],"build_version":"2020-12-22","purchased_purges":1,"victory":false,"max_hp_per_floor":[77,77,77,77,82,82,82,82,82,82,82,82,82,82,82,82,82,82,82,82,82,82,82,82,82,82,82,82],"card_choices":[{"not_picked":["Dagger Throw","Blade Dance"],"picked":"Bouncing Flask","floor":1},{"not_picked":["Blade Dance","Footwork","Dagger Spray"],"picked":"SKIP","floor":2},{"not_picked":["Skewer","Die Die Die","Dodge and Roll"],"picked":"SKIP","floor":7},{"not_picked":["Blade Dance","PiercingWail","Underhanded Strike"],"picked":"SKIP","floor":8},{"not_picked":["Wraith Form v2","Finisher","Footwork"],"picked":"SKIP","floor":11},{"not_picked":["Calculated Gamble","Endless Agony"],"picked":"Deadly Poison","floor":12},{"not_picked":["PiercingWail","Outmaneuver"],"picked":"Terror","floor":12},{"not_picked":["Outmaneuver","Acrobatics"],"picked":"Slice","floor":13},{"not_picked":["Predator","Flying Knee","Tactician"],"picked":"SKIP","floor":13},{"not_picked":["Wraith Form v2","Unload"],"picked":"Envenom","floor":16},{"not_picked":["Bane","Acrobatics"],"picked":"Deflect+1","floor":18},{"not_picked":["Tactician","Crippling Poison","Blade Dance"],"picked":"SKIP","floor":18},{"not_picked":["Expertise","Sucker Punch"],"picked":"Deadly Poison","floor":22},{"not_picked":["Quick Slash","Unload","Finisher"],"picked":"SKIP","floor":22},{"not_picked":["Dagger Throw","Predator"],"picked":"Poisoned Stab","floor":25},{"not_picked":["Outmaneuver+1","Blade Dance","Slice"],"picked":"SKIP","floor":25}],"player_experience":100731,"relics_obtained":[{"floor":8,"key":"Old Coin"},{"floor":9,"key":"Ice Cream"},{"floor":11,"key":"Prayer Wheel"},{"floor":14,"key":"Happy Flower"}],"event_choices":[{"damage_healed":0,"gold_gain":0,"player_choice":"Fled","damage_taken":0,"max_hp_gain":0,"max_hp_loss":0,"event_name":"Scrap Ooze","floor":4,"gold_loss":0},{"damage_healed":0,"gold_gain":0,"player_choice":"Donut","damage_taken":0,"max_hp_gain":5,"max_hp_loss":0,"event_name":"Big Fish","floor":5,"gold_loss":0},{"cards_removed":["Strike_G"],"damage_healed":0,"gold_gain":0,"player_choice":"Elegance","damage_taken":0,"max_hp_gain":0,"max_hp_loss":0,"event_name":"Back to Basics","floor":19,"gold_loss":0},{"cards_removed":["Strike_G"],"damage_healed":0,"gold_gain":0,"player_choice":"Gave Gold","damage_taken":0,"max_hp_gain":0,"max_hp_loss":0,"event_name":"Beggar","floor":20,"gold_loss":75},{"damage_healed":0,"gold_gain":0,"player_choice":"Ignored","damage_taken":0,"max_hp_gain":0,"max_hp_loss":0,"event_name":"The Mausoleum","floor":21,"gold_loss":0},{"damage_healed":0,"gold_gain":0,"player_choice":"Got Potions","damage_taken":0,"max_hp_gain":0,"max_hp_loss":0,"event_name":"Lab","floor":24,"gold_loss":0}],"is_beta":false,"boss_relics":[{"not_picked":["Sozu","Busted Crown","Runic Dome"]}],"items_purged_floors":[3],"is_endless":false,"potions_floor_spawned":[1,11,13,16,22],"killed_by":"Cultist and Chosen","ascension_level":0}}