{"host":"cdbhaz9p3iutjbyx","time":1613483679,"event":{"mods":["AchievementEnabler","BaseMod","Downfall","GifTheSpireLib","Hubris","Minty Spire (QoL Compilation)","StSLib","The Cursed","The Disciple","The Forsaken","The Necromancer","The Senshi"],"gold_per_floor":[111,111,111,128,141,169,169,139,139,139,158,183,183,183,183,284,284,302,302,302],"floor_reached":19,"language":"ENG","playtime":3650,"items_purged":[],"score":225,"play_id":"4e5d8e0f-7f3d-471d-b781-0340ef92de18","local_time":"20210216145438","is_ascension_mode":false,"campfire_choices":[{"floor":7,"key":"REST"},{"floor":13,"key":"REST"},{"data":"LockedWarPaint","floor":15,"key":"SMITH"}],"circlet_count":0,"master_deck":["Strike_Br","Strike_Br","Strike_Br","Defend_Br","Defend_Br","Defend_Br","SecondHand","PatternShift","LockedScales","Facsimile","LockedThread","LockedTurtyl","LockedWarPaint+1","ExoVibe","Stagnate","OldTimer","CurseOfTheBell","LockedBlood"],"relics":["Chronometer","NeowsBlessing","Matryoshka","PreservedInsect","Strawberry","Meat on the Bone","Blue Candle","Calling Bell","Nunchaku","Gremlin Horn","Ice Cream"],"acts_visited":["Exordium","TheCity"],"potions_floor_usage":[18],"damage_taken":[{"damage":0,"enemies":"Jaw Worm","floor":1,"turns":1},{"damage":0,"enemies":"2 Louse","floor":4,"turns":1},{"damage":0,"enemies":"Cultist","floor":5,"turns":1},{"damage":32,"enemies":"Gremlin Nob","floor":6,"turns":13},{"damage":7,"enemies":"Looter","floor":8,"turns":4},{"damage":3,"enemies":"3 Louse","floor":11,"turns":7},{"damage":4,"enemies":"Lagavulin","floor":12,"turns":13},{"damage":0,"enemies":"The Guardian","floor":16,"turns":36},{"damage":16,"enemies":"3 Byrds","floor":18,"turns":6},{"damage":46,"enemies":"Spheric Guardian","floor":19,"turns":13}],"seed_played":"6644751848764126537","potions_obtained":[{"floor":3,"key":"SkillPotion"},{"floor":3,"key":"GamblersBrew"},{"floor":3,"key":"HastePotion"},{"floor":6,"key":"PowerPotion"}],"is_trial":false,"path_per_floor":["M","?","?","M","M","E","R","M","T","?","M","E","R","?","R","B",null,"M","M"],"character_chosen":"CHRONO_CLASS","items_purchased":[],"campfire_rested":2,"item_purchase_floors":[],"current_hp_per_floor":[65,65,65,65,65,33,52,45,52,45,42,38,59,54,54,54,72,56,16,16],"gold":302,"neow_bonus":"THREE_ENEMY_KILL","is_daily":false,"chose_seed":false,"campfire_upgraded":1,"win_rate":0.0,"timestamp":1613483678,"path_taken":["M","?","?","?","M","E","R","M","T","?","M","E","R","?","R","BOSS","M","M"],"items_purchased_type":[],"build_version":"2020-12-22","purchased_purges":0,"victory":false,"max_hp_per_floor":[65,65,65,65,65,65,65,65,72,72,72,72,72,72,72,72,72,72,72,72],"card_choices":[{"not_picked":["ShortSighted","VestedLegacy"],"picked":"LockedScales","floor":1},{"not_picked":["TiringSlam","AlternateTimeline"],"picked":"Facsimile","floor":4},{"not_picked":["HandsUpB","LockedMedicine"],"picked":"LockedThread","floor":5},{"not_picked":["Parity","TiringSlam"],"picked":"LockedTurtyl","floor":6},{"not_picked":["Echoward","HandsUpB"],"picked":"LockedWarPaint","floor":8},{"not_picked":["Echoward","WatchCommand"],"picked":"ExoVibe","floor":11},{"not_picked":["PrimeTime","Break"],"picked":"Stagnate","floor":12},{"not_picked":["Chronoelasticity","Pendulum"],"picked":"OldTimer","floor":16},{"not_picked":["PrimeTime","SlimeSpray+1"],"picked":"LockedBlood","floor":18}],"player_experience":303,"relics_obtained":[{"floor":6,"key":"Matryoshka"},{"floor":9,"key":"PreservedInsect"},{"floor":9,"key":"Strawberry"},{"floor":12,"key":"Meat on the Bone"},{"floor":17,"key":"Nunchaku"},{"floor":17,"key":"Gremlin Horn"},{"floor":17,"key":"Ice Cream"}],"event_choices":[{"cards_removed":["Strike_Br"],"damage_healed":0,"gold_gain":0,"player_choice":"Forget","damage_taken":0,"max_hp_gain":0,"max_hp_loss":0,"event_name":"Living Wall","floor":2,"gold_loss":0},{"damage_healed":0,"gold_gain":0,"player_choice":"Got Potions","damage_taken":0,"max_hp_gain":0,"max_hp_loss":0,"event_name":"Lab","floor":3,"gold_loss":0},{"cards_removed":["Defend_Br"],"damage_healed":0,"gold_gain":0,"player_choice":"Card Removal","damage_taken":7,"max_hp_gain":0,"max_hp_loss":0,"event_name":"Golden Wing","floor":10,"gold_loss":0}],"is_beta":false,"boss_relics":[{"not_picked":["HangingClock","hubris:TerracottaHorce"],"picked":"Calling Bell"}],"items_purged_floors":[],"is_endless":false,"potions_floor_spawned":[4,5,6,16],"killed_by":"Spheric Guardian","ascension_level":0}}