{"host":"72n3jwtrlpjobydj","time":1613515621,"event":{"mods":["BaseMod","CapriCore","DeckTracker","Hermit","Koishi","KomeijiMod","Lobotomy","Marisa£¨Ùöéë¡¡Øª×âÞÞ£©","Minty Spire (QoL Compilation)","Permanent Neow","StSLib","SuperFastMode","The Cursed","The Hierophant","The Immortal"],"gold_per_floor":[113,22,22,39,52,52,27,27,27,27,40,60,60,94,94,193,193,167,177,177,35,45,45,45],"floor_reached":23,"language":"KOR","playtime":791,"items_purged":[],"score":191,"play_id":"aa43e293-507c-4c13-80b7-8f4f71bfb639","local_time":"20210217074701","is_ascension_mode":false,"campfire_choices":[{"data":"Gash","floor":6,"key":"SMITH"},{"data":"Stack","floor":10,"key":"SMITH"},{"floor":13,"key":"REST"},{"data":"Gash","floor":15,"key":"SMITH"}],"circlet_count":0,"master_deck":["Strike_B","Strike_B","Strike_B","Defend_B","Defend_B","Defend_B","Defend_B","Zap","Dualcast","Go for the Eyes","Gash+1","Coolheaded","Beam Cell","Gash+1","Stack+1","Genetic Algorithm","Stack","BootSequence","Seek","Sweeping Beam","Stack","Core Surge","Recycle"],"relics":["Cracked Core","NlothsMask","Du-Vu Doll","Philosopher\u0027s Stone","Nloth\u0027s Gift"],"acts_visited":["Exordium","TheCity"],"potions_floor_usage":[14,16,16,23,23],"damage_taken":[{"damage":0,"enemies":"Cultist","floor":1,"turns":1},{"damage":0,"enemies":"Jaw Worm","floor":4,"turns":1},{"damage":0,"enemies":"2 Louse","floor":5,"turns":1},{"damage":8,"enemies":"Red Slaver","floor":11,"turns":3},{"damage":12,"enemies":"Exordium Wildlife","floor":12,"turns":3},{"damage":22,"enemies":"Lagavulin","floor":14,"turns":10},{"damage":16,"enemies":"Slime Boss","floor":16,"turns":9},{"damage":7,"enemies":"2 Thieves","floor":18,"turns":5},{"damage":11,"enemies":"Shell Parasite","floor":19,"turns":6},{"damage":33,"enemies":"Shelled Parasite and Fungi","floor":22,"turns":10},{"damage":25,"enemies":"Slavers","floor":23,"turns":3}],"seed_played":"172581684494635759","potions_obtained":[{"floor":1,"key":"Strength Potion"},{"floor":4,"key":"Fire Potion"},{"floor":5,"key":"Regen Potion"},{"floor":16,"key":"CalmPotion"},{"floor":18,"key":"FearPotion"}],"is_trial":false,"path_per_floor":["M","$","?","M","M","R","$","?","T","R","M","M","R","E","R","B",null,"M","M","?","$","M","E"],"character_chosen":"DEFECT","items_purchased":["Gash","Coolheaded","Stack","Core Surge","Recycle"],"campfire_rested":1,"item_purchase_floors":[2,2,7,21,21],"current_hp_per_floor":[75,75,75,75,75,75,75,75,75,75,67,55,75,68,68,52,75,68,57,57,57,24,0,0],"gold":45,"neow_bonus":"THREE_ENEMY_KILL","is_daily":false,"chose_seed":false,"campfire_upgraded":3,"win_rate":0.0,"timestamp":1613515621,"path_taken":["M","$","?","?","M","R","$","?","T","R","?","M","R","E","R","BOSS","M","M","?","$","?","E"],"items_purchased_type":["Card","Card","Card","Card","Card"],"build_version":"2020-12-22","purchased_purges":0,"victory":false,"max_hp_per_floor":[75,75,75,75,75,75,75,75,75,75,75,75,75,75,75,75,75,75,75,75,75,75,75,75],"card_choices":[{"not_picked":["Melter","Steam"],"picked":"Go for the Eyes","floor":1},{"not_picked":["Skim","Streamline"],"picked":"Beam Cell","floor":4},{"not_picked":["Rebound","Streamline"],"picked":"Gash","floor":5},{"not_picked":["Cold Snap","Sweeping Beam"],"picked":"Genetic Algorithm","floor":11},{"not_picked":["Sunder","Rebound"],"picked":"Stack","floor":12},{"not_picked":["Barrage","Lockon"],"picked":"BootSequence","floor":14},{"not_picked":["Echo Form","Rainbow"],"picked":"Seek","floor":16},{"not_picked":["Darkness","Rebound"],"picked":"Sweeping Beam","floor":18},{"not_picked":["Defragment","Steam"],"picked":"Stack","floor":19},{"not_picked":["Auto Shields","Electrodynamics","Storm"],"picked":"SKIP","floor":22}],"player_experience":62114,"relics_obtained":[{"floor":14,"key":"Du-Vu Doll"}],"event_choices":[{"damage_healed":0,"gold_gain":0,"player_choice":"Trade","damage_taken":0,"relics_obtained":["NlothsMask"],"max_hp_gain":0,"max_hp_loss":0,"event_name":"FaceTrader","floor":3,"gold_loss":0},{"cards_removed":["Strike_B"],"damage_healed":0,"gold_gain":0,"player_choice":"Purged","damage_taken":0,"max_hp_gain":0,"max_hp_loss":0,"event_name":"Purifier","floor":8,"gold_loss":0},{"damage_healed":0,"gold_gain":0,"player_choice":"Traded Relic","damage_taken":0,"relics_obtained":["Nloth\u0027s Gift"],"max_hp_gain":0,"max_hp_loss":0,"event_name":"N\u0027loth","floor":20,"relics_lost":["NeowsBlessing"],"gold_loss":0}],"is_beta":false,"boss_relics":[{"not_picked":["Black Star","Velvet Choker"],"picked":"Philosopher\u0027s Stone"}],"items_purged_floors":[],"is_endless":false,"potions_floor_spawned":[1,4,5,16,18],"killed_by":"Slavers","ascension_level":0}}