{"host":"f76wcztdlwlduum6","time":1613442281,"event":{"mods":["BaseMod","BetterRewards","Colored Powertips","Minty Spire (QoL Compilation)","Quick Restart","Rare Cards Sparkle","Relic Stats","StSLib","SuperFastMode","everything is the same but u backflip on backflip"],"gold_per_floor":[114,126,143,157,157,157,7,7,7],"floor_reached":8,"language":"ENG","playtime":331,"items_purged":[],"score":96,"play_id":"89ffc012-990d-4564-8670-b18fde4cada8","local_time":"20210215202441","is_ascension_mode":true,"campfire_choices":[{"floor":6,"key":"REST"}],"circlet_count":0,"master_deck":["AscendersBane","Strike_R","Strike_R","Strike_R","Strike_R","Defend_R","Defend_R","Defend_R","Defend_R","Bash","Juggernaut","Burning Pact","Battle Trance","Cleave","Feed"],"relics":["Burning Blood"],"acts_visited":["Exordium"],"potions_floor_usage":[8,8],"damage_taken":[{"damage":8,"enemies":"Cultist","floor":1,"turns":5},{"damage":21,"enemies":"Jaw Worm","floor":2,"turns":6},{"damage":13,"enemies":"Small Slimes","floor":3,"turns":4},{"damage":32,"enemies":"2 Fungi Beasts","floor":4,"turns":6},{"damage":38,"enemies":"Lagavulin","floor":8,"turns":7}],"seed_played":"1057977896647759244","potions_obtained":[{"floor":1,"key":"EssenceOfSteel"},{"floor":4,"key":"Swift Potion"}],"is_trial":false,"path_per_floor":["M","M","M","M","?","R","$","E"],"character_chosen":"IRONCLAD","items_purchased":["Feed"],"campfire_rested":1,"item_purchase_floors":[7],"current_hp_per_floor":[66,51,44,18,18,38,38,0,0],"gold":7,"neow_bonus":"THREE_RARE_CARDS","is_daily":false,"chose_seed":false,"campfire_upgraded":0,"win_rate":0.0,"timestamp":1613442281,"path_taken":["M","M","M","?","?","R","$","E"],"items_purchased_type":["Card"],"build_version":"2020-12-22","purchased_purges":0,"victory":false,"max_hp_per_floor":[68,68,68,68,68,68,68,68,68],"relic_stats":{"counters":[5,28],"obtain_stats":[{"Burning Blood":0},{"Burning Blood":0},{"Burning Blood":0}],"Burning Blood":24},"card_choices":[{"not_picked":["Limit Break","Immolate"],"picked":"Juggernaut","floor":0},{"not_picked":["Reckless Charge","Flex"],"picked":"Burning Pact","floor":1},{"not_picked":["Clothesline","Twin Strike"],"picked":"Battle Trance","floor":2},{"not_picked":["Body Slam","Thunderclap","Pommel Strike"],"picked":"SKIP","floor":3},{"not_picked":["Clothesline","Twin Strike"],"picked":"Cleave","floor":4}],"player_experience":333956,"relics_obtained":[],"event_choices":[{"cards_removed":["Strike_R"],"damage_healed":0,"gold_gain":0,"player_choice":"Purged","damage_taken":0,"max_hp_gain":0,"max_hp_loss":0,"event_name":"Purifier","floor":5,"gold_loss":0}],"is_beta":false,"boss_relics":[],"items_purged_floors":[],"is_endless":false,"potions_floor_spawned":[1,4],"killed_by":"Lagavulin","ascension_level":20}}