{"host":"zsnmfqgcm92hlreo","time":1613465162,"event":{"mods":["AchievementEnabler","BaseMod","Bestiary","Block Reminder","Colored Map","Colored Powertips","Filter the Spire","Minty Spire (QoL Compilation)","Permanent Neow","Quick Restart","Relic Stats","StSLib","Weighted Paths"],"gold_per_floor":[117,131,142,153,153,182,182,216,216,216,216],"floor_reached":10,"language":"ENG","playtime":280,"items_purged":[],"score":156,"play_id":"54f5e632-ad6f-42a7-aa6a-5c2398564dff","local_time":"20210216024602","is_ascension_mode":true,"campfire_choices":[{"floor":7,"key":"REST"}],"circlet_count":0,"master_deck":["AscendersBane","Zap","Dualcast","Amplify","Cold Snap","Lockon","Streamline","Steam Power","Lockon","Undo","Electrodynamics","Storm","Hello World","Leap","Ball Lightning","Doom and Gloom","Ball Lightning"],"relics":["Pandora\u0027s Box","SsserpentHead","Bottled Flame","Kunai","Shuriken"],"acts_visited":["Exordium"],"potions_floor_usage":[8,8],"damage_taken":[{"damage":4.0,"enemies":"Cultist","floor":1.0,"turns":3.0},{"damage":15.0,"enemies":"2 Louse","floor":2.0,"turns":2.0},{"damage":10.0,"enemies":"Jaw Worm","floor":3.0,"turns":2.0},{"damage":5.0,"enemies":"Lots of Slimes","floor":4.0,"turns":2.0},{"damage":29,"enemies":"Lagavulin","floor":6,"turns":4},{"damage":17,"enemies":"3 Sentries","floor":8,"turns":3},{"damage":11,"enemies":"Gremlin Nob","floor":10,"turns":2}],"seed_played":"8389279397795100402","potions_obtained":[{"floor":2.0,"key":"ColorlessPotion"},{"floor":6,"key":"SkillPotion"}],"is_trial":false,"path_per_floor":["M","M","M","M","?","E","R","E","T","E"],"character_chosen":"DEFECT","items_purchased":[],"campfire_rested":1,"item_purchase_floors":[],"current_hp_per_floor":[60,45,35,30,30,1,22,5,5,0,0],"gold":216,"neow_bonus":"BOSS_RELIC","is_daily":false,"chose_seed":false,"campfire_upgraded":0,"win_rate":0.0,"timestamp":1613465162,"path_taken":["M","?","M","M","?","E","R","E","T","E"],"items_purchased_type":[],"build_version":"2020-12-22","purchased_purges":0,"victory":false,"max_hp_per_floor":[71,71,71,71,71,71,71,71,71,71,71],"relic_stats":{"SsserpentHead":0,"counters":[7,18],"Shuriken":[0],"Pandora\u0027s Box":["Amplify","Cold Snap","Lockon","Streamline","Steam Power","Lockon","Undo","Electrodynamics"],"Kunai":[0],"obtain_stats":[{"SsserpentHead":5,"Bottled Flame":6,"Shuriken":9,"Pandora\u0027s Box":0,"Kunai":8,"Cracked Core":0},{"SsserpentHead":4,"Bottled Flame":5,"Shuriken":6,"Pandora\u0027s Box":0,"Kunai":6,"Cracked Core":0},{"SsserpentHead":9,"Bottled Flame":13,"Shuriken":16,"Pandora\u0027s Box":0,"Kunai":16,"Cracked Core":0}]},"card_choices":[{"not_picked":["Redo","Aggregate"],"picked":"Storm","floor":1.0},{"not_picked":["Sweeping Beam","Hologram"],"picked":"Hello World","floor":2.0},{"not_picked":["FTL","Undo"],"picked":"Leap","floor":3.0},{"not_picked":["Conserve Battery","Compile Driver"],"picked":"Ball Lightning","floor":4.0},{"not_picked":["Stack","Ball Lightning"],"picked":"Doom and Gloom","floor":6},{"not_picked":["Hello World","Beam Cell"],"picked":"Ball Lightning","floor":8}],"player_experience":1162605,"relics_obtained":[{"floor":6,"key":"Bottled Flame"},{"floor":8,"key":"Kunai"},{"floor":9,"key":"Shuriken"}],"event_choices":[{"damage_healed":0.0,"max_hp_gain":0.0,"max_hp_loss":0.0,"gold_gain":0.0,"event_name":"FaceTrader","player_choice":"Trade","floor":5.0,"gold_loss":0.0,"damage_taken":0.0,"relics_obtained":["SsserpentHead"]}],"is_beta":false,"boss_relics":[],"items_purged_floors":[],"is_endless":false,"potions_floor_spawned":[2,6],"killed_by":"Gremlin Nob","ascension_level":20}}