{"host":"28bpuzdckreop5i0","time":1613438904,"event":{"mods":["BaseMod","Downfall","Minty Spire (QoL Compilation)","Relic Stats","Shop Mod","StSLib"],"gold_per_floor":[99,115,125,110,121,140,195,239,251,279,291,321,333,445,475,583,595,607,636,661,1073,422,432,457,457,483,513,523,523,534,549,568,665,715,715,725,743,788,788,788,812,831,831,848,867,138,142,168,185,185],"floor_reached":51,"language":"ENG","playtime":3452,"items_purged":["bronze:Strike"],"score":876,"play_id":"39dcde47-021e-4c21-989e-52faaf6e18c3","local_time":"20210215192824","is_ascension_mode":true,"campfire_choices":[{"data":"bronze:Goto","floor":1,"key":"SMITH"},{"data":"bronze:Terminator","floor":9,"key":"SMITH"},{"data":"bronze:DelayedSlice","floor":11,"key":"SMITH"},{"data":"bronze:DelayedGuard","floor":13,"key":"SMITH"},{"data":"bronze:Virus","floor":18,"key":"SMITH"},{"data":"Thinking Ahead","floor":25,"key":"SMITH"},{"data":"bronze:Library","floor":35,"key":"SMITH"},{"data":"bronze:DelayedSlice","floor":40,"key":"SMITH"}],"circlet_count":0,"master_deck":["bronze:Defend","bronze:Defend","bronze:Defend","bronze:Defend","bronze:Replicate+1","bronze:Goto+1","bronze:WildBeam","bronze:DelayedSlice+1","bronze:Terminator+1","bronze:FineTuning","bronze:WhirlingStrike","bronze:WhirlingStrike","bronze:DelayedGuard+1","bronze:ChildClass","bronze:ForceShield","bronze:ForceShield+1","bronze:DelayedSlice+1","bronze:Virus+1","bronze:NullPointer","bronze:Deprecate","bronze:Constructor+1","bronze:InfiniteBeams","Thinking Ahead+1","bronze:Repair","bronze:Separator+1","bronze:Shell","bronze:Invalidate","bronze:CutThrough+1","bronze:WhirlingStrike+1","bronze:DelayedGuard+1","bronze:InfiniteBeams","bronze:Library+1","bronze:WhirlingStrike","bronze:Separator","bronze:BronzeOrb+1","bronze:FineTuning+1","expansioncontent:AwakenDeath","bronze:FollowUp","bronze:BuggyMess","bronze:CutThrough","bronze:ThunderWave","bronze:DelayedSlice","bronze:BuggyMess","bronze:FindAndReplace","bronze:InfiniteBeams","bronze:Constructor","bronze:FindAndReplace","bronze:Branch"],"relics":["bronze:PlatinumCore","Lantern","MawBank","Bag of Marbles","Old Coin","Shuriken","Unceasing Top","Happy Flower","Sundial","Red Mask","Tiny House","Gambling Chip","Oddly Smooth Stone","MealTicket","Cauldron","Strange Spoon","Pantograph"],"acts_visited":["Exordium","TheCity","TheBeyond"],"potions_floor_usage":[8,12,14,21,27,33,38,45,48,50],"damage_taken":[{"damage":4,"enemies":"Jaw Worm","floor":2,"turns":5},{"damage":0,"enemies":"Small Slimes","floor":3,"turns":2},{"damage":0,"enemies":"downfall:FleeingMerchant","floor":4,"turns":4},{"damage":6,"enemies":"Cultist","floor":5,"turns":3},{"damage":0,"enemies":"2 Fungi Beasts","floor":6,"turns":2},{"damage":12,"enemies":"3 Sentries","floor":8,"turns":5},{"damage":0,"enemies":"3 Louse","floor":10,"turns":1},{"damage":11,"enemies":"Lots of Slimes","floor":12,"turns":3},{"damage":1,"enemies":"downfall:Heads","floor":14,"turns":3},{"damage":0,"enemies":"Large Slime","floor":15,"turns":2},{"damage":19,"enemies":"DF_ARCHETYPE_STREAMLINE","floor":16,"turns":8},{"damage":0,"enemies":"Spheric Guardian","floor":19,"turns":2},{"damage":38,"enemies":"Chosen","floor":20,"turns":5},{"damage":4,"enemies":"WA_ARCHETYPE_RETAIN","floor":21,"turns":6},{"damage":0,"enemies":"downfall:FleeingMerchant","floor":22,"turns":4},{"damage":5,"enemies":"Shelled Parasite and Fungi","floor":23,"turns":3},{"damage":16,"enemies":"Book of Stabbing","floor":26,"turns":5},{"damage":0,"enemies":"Masked Bandits","floor":27,"turns":2},{"damage":6,"enemies":"Centurion and Healer","floor":28,"turns":4},{"damage":0,"enemies":"Cultist and Chosen","floor":30,"turns":2},{"damage":0,"enemies":"3 Cultists","floor":31,"turns":3},{"damage":0,"enemies":"Centurion and Healer","floor":32,"turns":4},{"damage":0,"enemies":"IC_MUSHROOM_ARCHETYPE","floor":33,"turns":5},{"damage":0,"enemies":"Orb Walker","floor":36,"turns":3},{"damage":11,"enemies":"3 Shapes","floor":37,"turns":2},{"damage":20,"enemies":"2 Orb Walkers","floor":38,"turns":3},{"damage":11,"enemies":"3 Darklings","floor":42,"turns":4},{"damage":25,"enemies":"Transient","floor":44,"turns":5},{"damage":0,"enemies":"Maw","floor":45,"turns":6},{"damage":0,"enemies":"downfall:FleeingMerchant","floor":46,"turns":4},{"damage":0,"enemies":"downfall:FleeingMerchant","floor":47,"turns":1},{"damage":5,"enemies":"Reptomancer","floor":48,"turns":5},{"damage":18,"enemies":"Spire Growth","floor":49,"turns":3},{"damage":92,"enemies":"SI_POISON_ARCHETYPE","floor":50,"turns":11}],"seed_played":"-5216823202069266122","potions_obtained":[{"floor":5,"key":"AttackPotion"},{"floor":6,"key":"AttackPotion"},{"floor":8,"key":"EssenceOfSteel"},{"floor":10,"key":"SpeedPotion"},{"floor":15,"key":"Guardian:BlockOnCardUsePotion"},{"floor":19,"key":"SpeedPotion"},{"floor":21,"key":"Dexterity Potion"},{"floor":32,"key":"sneckomod:MuddlingPotion"},{"floor":33,"key":"DuplicationPotion"},{"floor":46,"key":"AttackPotion"},{"floor":46,"key":"FairyPotion"},{"floor":49,"key":"Explosive Potion"}],"is_trial":false,"path_per_floor":["R","M","M","$","M","M","T","E","R","M","R","M","R","?","M","B",null,"R","M","M","?","$","M","T","R","E","?","M","?","M","M","M","B",null,"R","M","M","?","?","R","T","M","?","M","M","?","$","E","M","B",null],"character_chosen":"THE_AUTOMATON","items_purchased":["bronze:InfiniteBeams","Thinking Ahead","bronze:Repair","Unceasing Top","bronze:ThunderWave","bronze:DelayedSlice","bronze:BuggyMess","bronze:FindAndReplace","bronze:InfiniteBeams","MealTicket","Cauldron","bronze:FindAndReplace","bronze:Branch","Strange Spoon"],"campfire_rested":0,"item_purchase_floors":[22,22,22,22,46,46,46,46,46,46,46,47,47,47],"current_hp_per_floor":[70,66,66,66,60,60,60,48,48,48,48,37,37,36,36,17,70,70,70,32,28,28,30,30,30,21,21,15,15,15,22,29,36,75,75,75,64,51,51,51,51,47,39,21,28,28,43,38,20,20],"gold":185,"neow_bonus":"RANDOM_COMMON_RELIC","is_daily":false,"chose_seed":false,"campfire_upgraded":8,"win_rate":0.0,"timestamp":1613438904,"path_taken":["R","M","M","$","M","M","T","E","R","M","R","M","R","?","M","BOSS","R","M","M","?","$","M","T","R","E","?","M","?","?","M","M","BOSS","R","M","?","?","?","R","T","M","?","M","?","?","$","E","M","BOSS"],"items_purchased_type":["Card","Card","Card","Relic","Card","Card","Card","Card","Card","Relic","Relic","Card","Card","Relic"],"build_version":"2020-12-22","purchased_purges":1,"victory":true,"max_hp_per_floor":[70,70,70,70,70,70,70,70,70,70,70,70,70,70,70,70,70,70,70,70,70,70,70,70,70,70,70,70,70,70,70,70,70,75,75,75,75,75,75,75,75,75,75,75,75,75,75,75,75,75],"relic_stats":{"Strange Spoon":[6],"Happy Flower":[24],"counters":[34,130],"Shuriken":[77],"Sundial":[2],"Gambling Chip":[13],"Pantograph":25,"MealTicket":15,"MawBank":180,"obtain_stats":[{"bronze:PlatinumCore":17,"Lantern":0,"bronze:BronzeCore":0,"Tiny House":34,"Happy Flower":24,"Oddly Smooth Stone":41,"MawBank":7,"Old Coin":21,"Cauldron":46,"Strange Spoon":47,"Shuriken":21,"Sundial":26,"Gambling Chip":38,"Pantograph":48,"MealTicket":46,"Bag of Marbles":8,"Red Mask":27,"Unceasing Top":22},{"bronze:PlatinumCore":11,"Lantern":0,"bronze:BronzeCore":0,"Tiny House":23,"Happy Flower":16,"Oddly Smooth Stone":26,"MawBank":5,"Old Coin":14,"Cauldron":30,"Strange Spoon":31,"Shuriken":14,"Sundial":17,"Gambling Chip":26,"Pantograph":32,"MealTicket":30,"Bag of Marbles":6,"Red Mask":18,"Unceasing Top":15},{"bronze:PlatinumCore":38,"Lantern":0,"bronze:BronzeCore":0,"Tiny House":83,"Happy Flower":58,"Oddly Smooth Stone":91,"MawBank":16,"Old Coin":51,"Cauldron":110,"Strange Spoon":111,"Shuriken":51,"Sundial":63,"Gambling Chip":91,"Pantograph":116,"MealTicket":110,"Bag of Marbles":21,"Red Mask":65,"Unceasing Top":55}],"Unceasing Top":[25]},"card_choices":[{"not_picked":["bronze:Frontload","bronze:Invalidate"],"picked":"bronze:WildBeam","floor":2},{"not_picked":["bronze:Turbo","bronze:Deprecate"],"picked":"bronze:DelayedSlice","floor":3},{"not_picked":["bronze:Flail","bronze:InfiniteBeams"],"picked":"bronze:Terminator","floor":4},{"not_picked":["bronze:BitShift","bronze:WildBeam"],"picked":"bronze:FineTuning","floor":5},{"not_picked":["bronze:FineTuning","bronze:Return"],"picked":"bronze:WhirlingStrike","floor":6},{"not_picked":["bronze:FineTuning","bronze:Return"],"picked":"bronze:WhirlingStrike","floor":8},{"not_picked":["bronze:Overheat","bronze:BronzeOrb"],"picked":"bronze:DelayedGuard","floor":10},{"not_picked":["bronze:WildBeam","bronze:OilSpill"],"picked":"bronze:ChildClass","floor":12},{"not_picked":["bronze:Overheat","bronze:NullPointer"],"picked":"bronze:ForceShield","floor":14},{"not_picked":["bronze:Iterate","bronze:ChosenStrike"],"picked":"bronze:DelayedSlice","floor":15},{"not_picked":["bronze:ShipIt","bronze:Assembly"],"picked":"bronze:Virus","floor":16},{"not_picked":["bronze:MaxOutput+1","bronze:Safeguard"],"picked":"bronze:NullPointer","floor":19},{"not_picked":["bronze:WhirlingStrike","bronze:BitShift"],"picked":"bronze:Deprecate","floor":20},{"not_picked":["bronze:ClassDefault","bronze:Fortify"],"picked":"bronze:Constructor+1","floor":22},{"not_picked":["bronze:DelayedGuard","bronze:Format"],"picked":"bronze:Separator","floor":23},{"not_picked":["bronze:BurnOut","bronze:MaxOutput"],"picked":"bronze:Shell","floor":26},{"not_picked":["bronze:BronzeOrb","bronze:FineTuning"],"picked":"bronze:Invalidate","floor":27},{"not_picked":["bronze:Shield","bronze:Overheat"],"picked":"bronze:CutThrough+1","floor":28},{"not_picked":["bronze:ChosenStrike+1","bronze:Deprecate"],"picked":"bronze:WhirlingStrike+1","floor":30},{"not_picked":["bronze:Safeguard","bronze:WhirlingStrike"],"picked":"bronze:DelayedGuard+1","floor":31},{"not_picked":["bronze:Overheat+1","bronze:ItsAFeature"],"picked":"bronze:InfiniteBeams","floor":32},{"not_picked":["bronze:SpaghettiCode","bronze:ThunderWave"],"picked":"bronze:Library","floor":33},{"not_picked":["bronze:CutThrough","bronze:BugBarrage"],"picked":"bronze:WhirlingStrike","floor":34},{"not_picked":["bronze:Overheat+1","bronze:ForceShield"],"picked":"bronze:Separator","floor":36},{"not_picked":["bronze:Boost+1","bronze:Shell"],"picked":"bronze:BronzeOrb+1","floor":37},{"not_picked":["bronze:Separator","bronze:Shield"],"picked":"bronze:FineTuning+1","floor":38},{"not_picked":["expansioncontent:PrepareCrush","expansioncontent:LastStand"],"picked":"expansioncontent:AwakenDeath","floor":39},{"not_picked":["bronze:BitShift","bronze:Overheat+1"],"picked":"bronze:FollowUp","floor":42},{"not_picked":["bronze:Repulsor+1","bronze:Backtrace+1","bronze:Invalidate"],"picked":"SKIP","floor":44},{"not_picked":["bronze:Safeguard","bronze:Separator+1"],"picked":"bronze:BuggyMess","floor":45},{"not_picked":["bronze:Turbo+1","bronze:Hardcode"],"picked":"bronze:CutThrough","floor":46},{"not_picked":["bronze:Backtrace","bronze:Refactor"],"picked":"bronze:Constructor","floor":47},{"not_picked":["bronze:Deprecate","bronze:Flail","bronze:FineTuning+1"],"picked":"SKIP","floor":48},{"not_picked":["bronze:Shield+1","bronze:BuggyMess+1","bronze:FineTuning"],"picked":"SKIP","floor":49}],"player_experience":988994,"relics_obtained":[{"floor":7,"key":"MawBank"},{"floor":8,"key":"Bag of Marbles"},{"floor":21,"key":"Old Coin"},{"floor":21,"key":"Shuriken"},{"floor":24,"key":"Happy Flower"},{"floor":26,"key":"Sundial"},{"floor":27,"key":"Red Mask"},{"floor":38,"key":"Gambling Chip"},{"floor":41,"key":"Oddly Smooth Stone"},{"floor":48,"key":"Pantograph"}],"event_choices":[{"damage_healed":0,"gold_gain":0,"player_choice":"Fought Bandits","damage_taken":0,"max_hp_gain":0,"max_hp_loss":0,"event_name":"Masked Bandits","floor":27,"gold_loss":0},{"damage_healed":0,"gold_gain":0,"player_choice":"Ignored","damage_taken":0,"max_hp_gain":0,"max_hp_loss":0,"event_name":"Vampires","floor":29,"gold_loss":0},{"damage_healed":0,"gold_gain":0,"player_choice":"Fight","damage_taken":0,"max_hp_gain":0,"max_hp_loss":0,"event_name":"Mysterious Sphere","floor":38,"gold_loss":0}],"is_beta":false,"boss_relics":[{"not_picked":["Busted Crown","Snecko Eye"],"picked":"bronze:PlatinumCore"},{"not_picked":["expansioncontent:StudyCardRelic","Velvet Choker"],"picked":"Tiny House"}],"items_purged_floors":[22],"is_endless":false,"potions_floor_spawned":[5,6,8,10,15,19,20,21,32,33,36,37,49],"ascension_level":2}}