{"host":"ypzb5vvnu9f3ii1t","time":1613485854,"event":{"mods":["AchievementEnabler","BaseMod","Colored Map","DeckTracker","Keyboard Shortcuts","Minty Spire (QoL Compilation)","Permanent Neow","Quick Restart","SuperFastMode"],"gold_per_floor":[119,119,69,69,69,69,69,96,146,162,162,177,177,195,195,298,298,318,243,256,256,256,256,256,276,357,370,396,496,530,557,557,659,709,720,942,959,1009,456,489,505,505,505,505,520,534,113,113,113,113,113,113,113,147,147,147],"floor_reached":55,"language":"KOR","playtime":2020,"items_purged":["Strike_P","Defend_P","Strike_P"],"score":1155,"play_id":"6cf30d04-bb5d-4ed5-8a84-d1903ce56b20","local_time":"20210216233054","is_ascension_mode":true,"campfire_choices":[{"data":"FearNoEvil","floor":6.0,"key":"SMITH"},{"floor":11.0,"key":"REST"},{"floor":13.0,"key":"REST"},{"data":"Adaptation","floor":15.0,"key":"SMITH"},{"floor":23.0,"key":"REST"},{"data":"Scrawl","floor":32.0,"key":"SMITH"},{"floor":42.0,"key":"REST"},{"floor":44.0,"key":"REST"},{"floor":49.0,"key":"RECALL"},{"floor":52.0,"key":"REST"}],"circlet_count":0,"master_deck":["Strike_P+1","Defend_P+1","Defend_P+1","Eruption+1","FearNoEvil+1","Adaptation+1","Scrawl+1","Adaptation+1","MentalFortress+1"],"relics":["PureWater","Molten Egg 2","PreservedInsect","Toy Ornithopter","Philosopher\u0027s Stone","Singing Bowl","Boot","Dead Branch","Eternal Feather","Strawberry","Red Mask","Tiny House","GoldenEye","Bag of Marbles","Omamori","War Paint","Juzu Bracelet","Happy Flower","Blood Vial"],"acts_visited":["Exordium","TheCity","TheBeyond","TheEnding"],"potions_floor_usage":[55,55,55],"damage_taken":[{"damage":0.0,"enemies":"Small Slimes","floor":1.0,"turns":3.0},{"damage":25.0,"enemies":"Lagavulin","floor":8.0,"turns":5.0},{"damage":0.0,"enemies":"Jaw Worm","floor":10.0,"turns":1.0},{"damage":7.0,"enemies":"2 Louse","floor":12.0,"turns":2.0},{"damage":0.0,"enemies":"Gremlin Gang","floor":14.0,"turns":3.0},{"damage":52.0,"enemies":"The Guardian","floor":16.0,"turns":9.0},{"damage":0.0,"enemies":"Spheric Guardian","floor":18.0,"turns":1.0},{"damage":0.0,"enemies":"Chosen","floor":20.0,"turns":1.0},{"damage":0.0,"enemies":"Centurion and Healer","floor":25.0,"turns":1.0},{"damage":0.0,"enemies":"Shelled Parasite and Fungi","floor":27.0,"turns":1.0},{"damage":0.0,"enemies":"Slavers","floor":28.0,"turns":1.0},{"damage":0.0,"enemies":"Colosseum Slavers","floor":29.0,"turns":1.0},{"damage":0.0,"enemies":"Colosseum Nobs","floor":29.0,"turns":1.0},{"damage":11.0,"enemies":"Gremlin Leader","floor":30.0,"turns":3.0},{"damage":4.0,"enemies":"Masked Bandits","floor":31.0,"turns":2.0},{"damage":0.0,"enemies":"Champ","floor":33.0,"turns":1.0},{"damage":0.0,"enemies":"3 Darklings","floor":35.0,"turns":2.0},{"damage":0.0,"enemies":"Orb Walker","floor":37.0,"turns":1.0},{"damage":27.0,"enemies":"Mind Bloom Boss Battle","floor":38.0,"turns":7.0},{"damage":66.0,"enemies":"Nemesis","floor":40.0,"turns":5.0},{"damage":0.0,"enemies":"Maw","floor":41.0,"turns":2.0},{"damage":30.0,"enemies":"4 Shapes","floor":45.0,"turns":3.0},{"damage":0.0,"enemies":"Writhing Mass","floor":46.0,"turns":1.0},{"damage":0.0,"enemies":"Donu and Deca","floor":50.0,"turns":2.0},{"damage":6.0,"enemies":"Shield and Spear","floor":54.0,"turns":2.0},{"damage":123,"enemies":"The Heart","floor":55,"turns":5}],"seed_played":"-2379866922498112830","potions_obtained":[{"floor":1.0,"key":"LiquidBronze"},{"floor":8.0,"key":"Swift Potion"},{"floor":16.0,"key":"Fruit Juice"},{"floor":20.0,"key":"Strength Potion"},{"floor":24.0,"key":"DuplicationPotion"},{"floor":24.0,"key":"ColorlessPotion"},{"floor":24.0,"key":"Block Potion"},{"floor":33.0,"key":"AttackPotion"},{"floor":38.0,"key":"CultistPotion"}],"is_trial":false,"path_per_floor":["M","?","?","$","?","R","T","E","T","M","R","M","R","M","R","B",null,"M","$","M","?","?","R","?","M","T","M","E","?","E","?","R","B",null,"M","?","M","?","$","E","M","R","T","R","M","M","$","?","R","B",null,"R","$","E","B"],"character_chosen":"WATCHER","items_purchased":["CultistPotion","PowerPotion","Bag of Marbles","Omamori","Juzu Bracelet","Happy Flower"],"campfire_rested":6,"item_purchase_floors":[39,39,39,39,47,47],"current_hp_per_floor":[65,58,58,58,58,58,58,33,33,38,59,52,72,72,72,30,65,65,65,65,65,51,75,75,75,75,77,79,81,79,77,80,87,105,107,107,107,87,87,23,25,62,62,99,71,71,71,71,74,74,107,118,118,114,0,0],"gold":147,"neow_bonus":"UPGRADE_CARD","is_daily":false,"chose_seed":false,"campfire_upgraded":3,"win_rate":0.0,"timestamp":1613485854,"path_taken":["M","?","?","$","?","R","?","E","T","?","R","M","R","M","R","BOSS","M","$","M","?","?","R","?","?","T","M","E","?","E","?","R","BOSS","M","?","M","?","$","E","M","R","T","R","M","M","$","?","R","BOSS","R","$","E","BOSS"],"items_purchased_type":["Potion","Potion","Relic","Relic","Relic","Relic"],"build_version":"2020-12-22","purchased_purges":3,"victory":false,"max_hp_per_floor":[72,72,72,72,72,72,72,72,72,72,72,72,72,72,72,77,77,77,77,77,77,82,82,82,82,82,84,86,88,97,99,99,101,108,110,110,110,112,112,114,116,116,116,116,118,118,118,118,118,118,118,118,118,120,120,120],"card_choices":[{"not_picked":["FlyingSleeves","EmptyFist"],"picked":"FearNoEvil","floor":1.0},{"not_picked":["BowlingBash+1","FlurryOfBlows+1","FearNoEvil+1"],"picked":"SKIP","floor":8.0},{"not_picked":["EmptyFist+1","JustLucky+1","ReachHeaven+1"],"picked":"SKIP","floor":10.0},{"not_picked":["DeceiveReality","FollowUp+1","SashWhip+1"],"picked":"SKIP","floor":12.0},{"not_picked":["CutThroughFate+1","EmptyBody"],"picked":"Adaptation","floor":14.0},{"not_picked":["MasterReality","Omniscience"],"picked":"Scrawl","floor":16.0},{"not_picked":["WreathOfFlame+1","Conclude+1","Evaluate"],"picked":"SKIP","floor":18.0},{"not_picked":["Indignation","ThirdEye+1","Weave+1"],"picked":"SKIP","floor":20.0},{"not_picked":["Adaptation","Worship","EmptyBody+1"],"picked":"SKIP","floor":25.0},{"not_picked":["CutThroughFate+1","EmptyBody","Consecrate+1"],"picked":"Singing Bowl","floor":27.0},{"not_picked":["Meditate","Protect","Indignation"],"picked":"Singing Bowl","floor":28.0},{"not_picked":["ClearTheMind","Prostrate+1","WreathOfFlame"],"picked":"Singing Bowl","floor":29.0},{"not_picked":["Evaluate+1","ReachHeaven+1","Nirvana+1"],"picked":"Singing Bowl","floor":30.0},{"not_picked":["WindmillStrike+1","Conclude+1","EmptyFist+1"],"picked":"Singing Bowl","floor":31.0},{"not_picked":["Brilliance+1","Establishment","Devotion"],"picked":"Singing Bowl","floor":33.0},{"not_picked":["Protect","BowlingBash+1","CutThroughFate+1"],"picked":"Singing Bowl","floor":34.0},{"not_picked":["ThirdEye","Sanctity","ClearTheMind+1"],"picked":"Singing Bowl","floor":35.0},{"not_picked":["SignatureMove+1","FearNoEvil+1"],"picked":"Adaptation+1","floor":37.0},{"not_picked":["Halt","FollowUp+1","FlurryOfBlows+1"],"picked":"Singing Bowl","floor":38.0},{"not_picked":["Protect+1","SpiritShield","FlurryOfBlows+1"],"picked":"Singing Bowl","floor":40.0},{"not_picked":["Worship","ForeignInfluence","Prostrate"],"picked":"Singing Bowl","floor":41.0},{"not_picked":["FollowUp+1","Pray+1","Worship+1"],"picked":"Singing Bowl","floor":45.0},{"not_picked":["EmptyFist+1","Consecrate+1"],"picked":"MentalFortress+1","floor":46.0},{"not_picked":["BowlingBash+1","EmptyFist+1","Prostrate"],"picked":"Singing Bowl","floor":54.0}],"player_experience":232403,"relics_obtained":[{"floor":7.0,"key":"Molten Egg 2"},{"floor":8.0,"key":"PreservedInsect"},{"floor":9.0,"key":"Toy Ornithopter"},{"floor":26.0,"key":"Singing Bowl"},{"floor":28.0,"key":"Boot"},{"floor":29.0,"key":"Dead Branch"},{"floor":29.0,"key":"Eternal Feather"},{"floor":30.0,"key":"Strawberry"},{"floor":31.0,"key":"Red Mask"},{"floor":38.0,"key":"GoldenEye"},{"floor":40.0,"key":"War Paint"},{"floor":54.0,"key":"Blood Vial"}],"event_choices":[{"cards_removed":["Vigilance"],"damage_healed":0.0,"max_hp_gain":0.0,"max_hp_loss":0.0,"gold_gain":0.0,"event_name":"Golden Wing","player_choice":"Card Removal","floor":2.0,"gold_loss":0.0,"damage_taken":7.0},{"cards_removed":["Strike_P"],"damage_healed":0.0,"max_hp_gain":0.0,"max_hp_loss":0.0,"gold_gain":0.0,"event_name":"The Cleric","player_choice":"Card Removal","floor":3.0,"gold_loss":50.0,"damage_taken":0.0},{"cards_removed":["Defend_P"],"damage_healed":0.0,"max_hp_gain":0.0,"max_hp_loss":0.0,"gold_gain":0.0,"event_name":"Living Wall","player_choice":"Forget","floor":5.0,"gold_loss":0.0,"damage_taken":0.0},{"damage_healed":0.0,"max_hp_gain":0.0,"max_hp_loss":0.0,"gold_gain":0.0,"event_name":"Ghosts","player_choice":"Ignored","floor":21.0,"gold_loss":0.0,"damage_taken":0.0},{"damage_healed":0.0,"max_hp_gain":5.0,"max_hp_loss":0.0,"gold_gain":0.0,"event_name":"Forgotten Altar","player_choice":"Shed Blood","floor":22.0,"gold_loss":0.0,"damage_taken":19.0},{"damage_healed":0.0,"max_hp_gain":0.0,"max_hp_loss":0.0,"gold_gain":0.0,"event_name":"Lab","player_choice":"Got Potions","floor":24.0,"gold_loss":0.0,"damage_taken":0.0},{"damage_healed":0.0,"max_hp_gain":0.0,"max_hp_loss":0.0,"gold_gain":0.0,"event_name":"Colosseum","player_choice":"Fight","floor":29.0,"gold_loss":0.0,"damage_taken":0.0},{"damage_healed":0.0,"max_hp_gain":0.0,"max_hp_loss":0.0,"gold_gain":0.0,"event_name":"Colosseum","player_choice":"Fought Nobs","floor":29.0,"gold_loss":0.0,"damage_taken":0.0},{"damage_healed":0.0,"max_hp_gain":0.0,"max_hp_loss":0.0,"gold_gain":0.0,"event_name":"Masked Bandits","player_choice":"Fought Bandits","floor":31.0,"gold_loss":0.0,"damage_taken":0.0},{"damage_healed":0.0,"max_hp_gain":0.0,"max_hp_loss":0.0,"gold_gain":222.0,"event_name":"Tomb of Lord Red Mask","player_choice":"Wore Mask","floor":36.0,"gold_loss":0.0,"damage_taken":0.0},{"damage_healed":0.0,"max_hp_gain":0.0,"max_hp_loss":0.0,"gold_gain":0.0,"event_name":"MindBloom","player_choice":"Fight","floor":38.0,"gold_loss":0.0,"damage_taken":0.0},{"damage_healed":0.0,"max_hp_gain":0.0,"max_hp_loss":0.0,"gold_gain":0.0,"event_name":"The Woman in Blue","player_choice":"Bought 0 Potions","floor":48.0,"gold_loss":0.0,"damage_taken":0.0}],"is_beta":false,"boss_relics":[{"not_picked":["Ectoplasm","Runic Dome"],"picked":"Philosopher\u0027s Stone"},{"not_picked":["Velvet Choker","HolyWater"],"picked":"Tiny House"}],"items_purged_floors":[19,39,47],"is_endless":false,"potions_floor_spawned":[1,8,16,20,25,30,33,38,41,45,46],"killed_by":"The Heart","ascension_level":6}}