{"host":"qc1sjgtdjonvdsd8","time":1613505095,"event":{"mods":["BaseMod","Colored Map","Colored Powertips","Curses Come First","Minty Spire (QoL Compilation)","StSLib"],"gold_per_floor":[115,37,37,52,52,79,4,4,4,4,15,28,61,136,136,237,237,252,252,252,18,288,288,288],"floor_reached":23,"language":"ENG","playtime":1074,"items_purged":["Regret","Writhe"],"score":339,"play_id":"84a34f7e-4fd8-4dcc-a58a-54d2bdb37f9e","local_time":"20210216115135","is_ascension_mode":true,"campfire_choices":[{"data":"Chill","floor":8,"key":"SMITH"},{"data":"Zap","floor":10,"key":"SMITH"},{"data":"Rainbow","floor":15,"key":"SMITH"}],"circlet_count":0,"master_deck":["Strike_B","Strike_B","Strike_B","Defend_B","Defend_B","Defend_B","Defend_B","Zap+1","Dualcast","Cold Snap","Chill+1","Sweeping Beam","Core Surge","Rainbow+1","Buffer","CurseOfTheBell","Self Repair"],"relics":["Cracked Core","NeowsBlessing","White Beast Statue","Blood Vial","Pocketwatch","Matryoshka","Calling Bell","Nunchaku","Sundial","CaptainsWheel","Emotion Chip","Nilry\u0027s Codex","Membership Card"],"acts_visited":["Exordium","TheCity"],"potions_floor_usage":[13,16,18,18,23,23],"damage_taken":[{"damage":0,"enemies":"Jaw Worm","floor":1,"turns":1},{"damage":0,"enemies":"Small Slimes","floor":4,"turns":1},{"damage":0,"enemies":"Gremlin Nob","floor":6,"turns":1},{"damage":0,"enemies":"2 Louse","floor":11,"turns":2},{"damage":0,"enemies":"Exordium Wildlife","floor":12,"turns":2},{"damage":0,"enemies":"3 Sentries","floor":13,"turns":3},{"damage":0,"enemies":"Slime Boss","floor":16,"turns":6},{"damage":12,"enemies":"Shell Parasite","floor":18,"turns":4},{"damage":14,"enemies":"Slavers","floor":23,"turns":4}],"seed_played":"1696218139693389934","potions_obtained":[{"floor":4,"key":"EssenceOfDarkness"},{"floor":6,"key":"Energy Potion"},{"floor":11,"key":"ColorlessPotion"},{"floor":13,"key":"EssenceOfSteel"},{"floor":16,"key":"GamblersBrew"},{"floor":18,"key":"EssenceOfSteel"}],"is_trial":false,"path_per_floor":["M","$","?","M","?","E","$","R","T","R","M","M","E","?","R","B",null,"M","?","?","$","?","E"],"character_chosen":"DEFECT","items_purchased":["Chill","Membership Card","Self Repair"],"campfire_rested":0,"item_purchase_floors":[2,21,21],"current_hp_per_floor":[75,75,75,75,75,75,75,75,75,75,75,75,75,64,64,66,75,63,63,47,47,20,8,8],"gold":288,"neow_bonus":"THREE_ENEMY_KILL","is_daily":false,"chose_seed":false,"campfire_upgraded":3,"win_rate":0.0,"timestamp":1613505095,"path_taken":["M","$","?","M","?","E","$","R","T","R","M","M","E","?","R","BOSS","M","?","?","$","?","E"],"items_purchased_type":["Card","Relic","Card"],"build_version":"2020-12-22","purchased_purges":2,"victory":false,"max_hp_per_floor":[75,75,75,75,75,75,75,75,75,75,75,75,75,75,75,75,75,75,75,75,75,75,75,75],"card_choices":[{"not_picked":["Leap","Stack"],"picked":"Cold Snap","floor":1},{"not_picked":["Stack","Barrage"],"picked":"Sweeping Beam","floor":4},{"not_picked":["BootSequence","Rebound","Leap"],"picked":"SKIP","floor":6},{"not_picked":["Coolheaded","Darkness"],"picked":"Core Surge","floor":11},{"not_picked":["Turbo","Gash","Chaos"],"picked":"SKIP","floor":12},{"not_picked":["Hello World","Gash"],"picked":"Rainbow","floor":13},{"not_picked":["Amplify","Seek"],"picked":"Buffer","floor":16},{"not_picked":["Rebound+1","Cold Snap+1","Turbo"],"picked":"SKIP","floor":18}],"player_experience":262562,"relics_obtained":[{"floor":6,"key":"Blood Vial"},{"floor":9,"key":"Pocketwatch"},{"floor":13,"key":"Matryoshka"},{"floor":17,"key":"Nunchaku"},{"floor":17,"key":"Sundial"},{"floor":17,"key":"CaptainsWheel"},{"floor":20,"key":"Nilry\u0027s Codex"}],"event_choices":[{"cards_removed":["Strike_B"],"damage_healed":0,"gold_gain":0,"player_choice":"Forget","damage_taken":0,"max_hp_gain":0,"max_hp_loss":0,"event_name":"Living Wall","floor":3,"gold_loss":0},{"damage_healed":0,"gold_gain":0,"player_choice":"Box","damage_taken":0,"relics_obtained":["White Beast Statue"],"max_hp_gain":0,"max_hp_loss":0,"event_name":"Big Fish","floor":5,"gold_loss":0,"cards_obtained":["Regret"]},{"damage_healed":0,"gold_gain":75,"player_choice":"Gather Gold","damage_taken":11,"max_hp_gain":0,"max_hp_loss":0,"event_name":"World of Goop","floor":14,"gold_loss":0},{"damage_healed":0,"gold_gain":0,"player_choice":"Opened","damage_taken":0,"relics_obtained":["Emotion Chip"],"max_hp_gain":0,"max_hp_loss":0,"event_name":"The Mausoleum","floor":19,"gold_loss":0,"cards_obtained":["Writhe"]},{"damage_healed":0,"gold_gain":0,"player_choice":"Obtained Book","damage_taken":16,"max_hp_gain":0,"max_hp_loss":0,"event_name":"Cursed Tome","floor":20,"gold_loss":0},{"damage_healed":0,"gold_gain":270,"player_choice":"GOLD GOLD GOLD ","damage_taken":27,"max_hp_gain":0,"max_hp_loss":0,"event_name":"Knowing Skull","floor":22,"potions_obtained":[],"gold_loss":0,"cards_obtained":[]}],"is_beta":false,"boss_relics":[{"not_picked":["Inserter","Black Star"],"picked":"Calling Bell"}],"items_purged_floors":[7,21],"is_endless":false,"potions_floor_spawned":[4,6,11,12,13,16,18],"killed_by":"Slavers","ascension_level":3}}