{"host":"b0hh64pqctf46s8m","time":1613517056,"event":{"mods":["100% Spire Juice","Act Like it!","Aspiration","BaseMod","Bestiary","Better Third Choice","CCEM2","CapriCore","ChefMod","Conspire","Curses Come First","Displayed Cursed Tome","Dota2Spire","Downfall","Ekko","Elementarium","Evolution","Fireblade Mod","Fox Events","Halation","Hallownest","Hermit","Hubris","Infinite Spire","Jess\u0027s Bottle","JesterMod","Jorbs\u0027s Wanderer Trilogy","Koishi","Kratos Character Expansion","Lobotomy","Luminous","Mari Mod (Legacy)","Mari\u0027s V1 Patch","Menagerie","Mimic Mod","Minty Spire (QoL Compilation)","Pale of the Ancients","Permanent Neow","Pikachu Mod","QueenMod","Random Character Button","Relic Sorter","Relic Stats","Reliquary","Replay The Spire","Robot Space Explorer","Ruina","Shade Mod","Shapeshifter Mod","Spire Arcade","StSLib","The Blue Laboratory","The Bug Knight","The Dragon Tamer","The Hayseed","The Immortal","TheSurvivalist","TheSwordswoman","TheVacant","TheWitcher","Treasure Hunter","UnlockEverythingMod","Wandering Minibosses","??????REMEMod"],"gold_per_floor":[271,271,54,69,81,81,112,112,112,123,123,123,137,149,149,149,149],"floor_reached":16,"language":"ENG","playtime":523,"items_purged":["FireBladeMod:StrikeFireBlade"],"score":102,"play_id":"948159c4-402c-4463-a10a-2f93f2df1145","local_time":"20210216151056","is_ascension_mode":false,"campfire_choices":[{"data":"FireBladeMod:ScorchingStrike","floor":6,"key":"SMITH"},{"data":"FireBladeMod:FireBarrier","floor":8,"key":"SMITH"},{"data":"FireBladeMod:SoulSword","floor":12,"key":"SMITH"}],"circlet_count":0,"master_deck":["FireBladeMod:StrikeFireBlade","FireBladeMod:StrikeFireBlade","FireBladeMod:StrikeFireBlade","FireBladeMod:DefendFireBlade","FireBladeMod:DefendFireBlade","FireBladeMod:DefendFireBlade","FireBladeMod:DefendFireBlade","FireBladeMod:FlamingSword","FireBladeMod:FireBarrier+1","Crow Ritual","Mercenary","FireBladeMod:FerventSlash+1","FireBladeMod:ScorchingStrike+1","FireBladeMod:Speed","FireBladeMod:BackhandSwing","FireBladeMod:IronEndurance+1","FireBladeMod:SoulSword+1","FireBladeMod:ComplexDefense+1","FireBladeMod:SmokeScreen"],"relics":["FireBladeMod:DuelistLocket","hubris:Icosahedron","CogitoBucket","REME_ComplimentaryCards","EVO:Axolotl","CCEMRelics:PorcelainBowl","halation:OrihimeAndHikoboshiSamaAndTears","SkinProphecy"],"acts_visited":["Exordium"],"potions_floor_usage":[13],"damage_taken":[{"damage":1,"enemies":"Small Slimes","floor":1,"turns":5},{"damage":7,"enemies":"Jaw Worm","floor":4,"turns":4},{"damage":6,"enemies":"2 Louse","floor":5,"turns":3},{"damage":8,"enemies":"Lagavulin","floor":7,"turns":5},{"damage":9,"enemies":"2 Fungi Beasts","floor":10,"turns":3},{"damage":17,"enemies":"Exordium Thugs","floor":13,"turns":6},{"damage":0,"enemies":"3 Louse","floor":14,"turns":2},{"damage":37,"enemies":"Slime Boss","floor":16,"turns":3}],"seed_played":"-7514018102414859646","potions_obtained":[{"floor":4,"key":"SteroidPotion"},{"floor":5,"key":"blueLaboratory:LouseDecoction"},{"floor":10,"key":"sneckomod:MuddlingPotion"},{"floor":13,"key":"SpeedPotion"}],"is_trial":false,"path_per_floor":["M","?","$","M","M","R","E","R","T","M","?","R","M","M","R","B"],"character_chosen":"THE_FIREBLADE","items_purchased":["FireBladeMod:ScorchingStrike","FireBladeMod:Speed","FireBladeMod:BackhandSwing"],"campfire_rested":0,"item_purchase_floors":[3,3,3],"current_hp_per_floor":[69,69,69,62,56,56,62,62,62,53,39,39,22,18,39,0,0],"gold":149,"neow_bonus":"","is_daily":false,"chose_seed":false,"campfire_upgraded":3,"win_rate":0.0,"timestamp":1613517056,"path_taken":["M","?","$","M","M","R","E","R","T","M","?","R","M","M","R","BOSS"],"items_purchased_type":["Card","Card","Card"],"build_version":"2020-12-22","purchased_purges":1,"victory":false,"max_hp_per_floor":[70,70,70,70,70,70,70,70,70,70,70,70,70,72,72,74,74],"relic_stats":{"counters":[9,32],"obtain_stats":[{"CogitoBucket":0,"CCEMRelics:PorcelainBowl":7,"halation:OrihimeAndHikoboshiSamaAndTears":9,"hubris:Icosahedron":2,"FireBladeMod:DuelistLocket":0,"EVO:Axolotl":0,"SkinProphecy":13,"REME_ComplimentaryCards":0},{"CogitoBucket":0,"CCEMRelics:PorcelainBowl":4,"halation:OrihimeAndHikoboshiSamaAndTears":4,"hubris:Icosahedron":1,"FireBladeMod:DuelistLocket":0,"EVO:Axolotl":0,"SkinProphecy":7,"REME_ComplimentaryCards":0},{"CogitoBucket":0,"CCEMRelics:PorcelainBowl":17,"halation:OrihimeAndHikoboshiSamaAndTears":17,"hubris:Icosahedron":5,"FireBladeMod:DuelistLocket":0,"EVO:Axolotl":0,"SkinProphecy":27,"REME_ComplimentaryCards":0}]},"card_choices":[{"not_picked":["VoidDream","CherryBlossoms"],"picked":"Mercenary","floor":1},{"not_picked":["FireBladeMod:DoubleDash","FireBladeMod:SteadyEndurance"],"picked":"FireBladeMod:FerventSlash","floor":1},{"not_picked":["FireBladeMod:Reposition","FireBladeMod:EruptionSlash"],"picked":"FireBladeMod:IronEndurance","floor":4},{"not_picked":["FireBladeMod:SoulStrike","FireBladeMod:ComplexAttack"],"picked":"FireBladeMod:SoulSword","floor":5},{"not_picked":["TH:ElvenBoots","TH:EnergyPotion"],"picked":"SKIP","floor":7},{"not_picked":["FireBladeMod:QuickJabs","FireBladeMod:Arson","FireBladeMod:ComplexAttack"],"picked":"SKIP","floor":7},{"not_picked":["TH:ElvenBoots","TH:EnergyPotion"],"picked":"SKIP","floor":9},{"not_picked":["FireBladeMod:ComboCleave","FireBladeMod:FerventSlash"],"picked":"FireBladeMod:ComplexDefense","floor":10},{"not_picked":["FireBladeMod:Turtle","FireBladeMod:ScorchingStrike"],"picked":"FireBladeMod:SmokeScreen","floor":13},{"not_picked":["FireBladeMod:ComplexDefense","FireBladeMod:SoulStrike","FireBladeMod:WellPrepared"],"picked":"SKIP","floor":14}],"player_experience":1587176,"relics_obtained":[{"floor":7,"key":"CCEMRelics:PorcelainBowl"},{"floor":9,"key":"halation:OrihimeAndHikoboshiSamaAndTears"}],"event_choices":[{"damage_healed":53,"gold_gain":0,"player_choice":"Upgrade","damage_taken":14,"max_hp_gain":0,"max_hp_loss":70,"event_name":"betterThird:BetterShining","floor":11,"gold_loss":0,"cards_upgraded":["FireBladeMod:ComplexDefense","FireBladeMod:IronEndurance"]}],"is_beta":false,"boss_relics":[],"items_purged_floors":[3],"is_endless":false,"potions_floor_spawned":[4,5,10,13,14],"killed_by":"Slime Boss","ascension_level":0}}