{"host":"3knbl8zxdy69ze8y","time":1613480608,"event":{"mods":["BaseMod","Colored Map","Minty Spire (QoL Compilation)","Smile Girya","StSLib","The Widow"],"gold_per_floor":[218,233,68,79,96,96,130,130,156,121,121,133,152,177,177,177,177],"floor_reached":16,"language":"ENG","playtime":1148,"items_purged":["theWidow:StrikeWidow"],"score":224,"play_id":"c9ccde1c-336b-4a07-a36a-b8be64ec66a4","local_time":"20210216050328","is_ascension_mode":true,"campfire_choices":[{"data":"theWidow:EggClutch","floor":6,"key":"SMITH"},{"floor":8,"key":"REST"},{"floor":15,"key":"REST"}],"circlet_count":0,"master_deck":["AscendersBane","theWidow:StrikeWidow","theWidow:StrikeWidow","theWidow:StrikeWidow","theWidow:DefendWidow","theWidow:DefendWidow","theWidow:DefendWidow","theWidow:DefendWidow","theWidow:Steelweave","theWidow:StringShot","theWidow:Weld","theWidow:Restock","theWidow:EggClutch+1","theWidow:MetalBurrs","theWidow:Toxic+1","theWidow:Harden","theWidow:SearingBlade","theWidow:EggClutch","theWidow:BackupBattery+1"],"relics":["theWidow:CyberheartRelic","Blood Vial","Art of War","Smiling Mask"],"acts_visited":["Exordium"],"potions_floor_usage":[7,7,13,16],"damage_taken":[{"damage":0,"enemies":"Cultist","floor":1,"turns":4},{"damage":3,"enemies":"Small Slimes","floor":2,"turns":4},{"damage":1,"enemies":"Jaw Worm","floor":4,"turns":4},{"damage":18,"enemies":"Large Slime","floor":5,"turns":5},{"damage":26,"enemies":"Gremlin Nob","floor":7,"turns":4},{"damage":9,"enemies":"3 Louse","floor":12,"turns":3},{"damage":8,"enemies":"Exordium Wildlife","floor":13,"turns":7},{"damage":31,"enemies":"3 Sentries","floor":14,"turns":12},{"damage":40,"enemies":"Slime Boss","floor":16,"turns":8}],"seed_played":"-4030745268760194922","potions_obtained":[{"floor":2,"key":"Weak Potion"},{"floor":4,"key":"BlessingOfTheForge"},{"floor":7,"key":"ColorlessPotion"},{"floor":13,"key":"GamblersBrew"}],"is_trial":false,"path_per_floor":["M","M","$","M","M","R","E","R","T","?","?","M","M","E","R","B"],"character_chosen":"THE_WIDOW","items_purchased":["theWidow:EggClutch"],"campfire_rested":2,"item_purchase_floors":[3],"current_hp_per_floor":[64,61,61,60,42,42,16,37,37,54,54,47,41,12,33,0,0],"gold":177,"neow_bonus":"HUNDRED_GOLD","is_daily":false,"chose_seed":false,"campfire_upgraded":1,"win_rate":0.0,"timestamp":1613480608,"path_taken":["M","M","$","M","M","R","E","R","T","?","?","?","M","E","R","BOSS"],"items_purchased_type":["Card"],"build_version":"2020-12-22","purchased_purges":1,"victory":false,"max_hp_per_floor":[71,71,71,71,71,71,71,71,71,71,71,71,71,71,71,71,71],"card_choices":[{"not_picked":["theWidow:Refine","theWidow:Stinger"],"picked":"theWidow:Weld","floor":1},{"not_picked":["theWidow:Underfoot","theWidow:Harden"],"picked":"theWidow:Restock","floor":2},{"not_picked":["theWidow:SelfImprovement","theWidow:Refine+1"],"picked":"theWidow:MetalBurrs","floor":4},{"not_picked":["theWidow:Underfoot+1","theWidow:Salvage"],"picked":"theWidow:Toxic+1","floor":5},{"not_picked":["theWidow:Toxic+1","theWidow:BioInformatics+1"],"picked":"theWidow:Harden","floor":7},{"not_picked":["theWidow:Restock+1","theWidow:JunkHeap+1"],"picked":"theWidow:EggClutch","floor":12},{"not_picked":["theWidow:Grenadier+1","theWidow:Weld+1"],"picked":"theWidow:BackupBattery+1","floor":13},{"not_picked":["theWidow:Entrap+1","theWidow:ExplosiveKick","theWidow:Nanobots+1"],"picked":"SKIP","floor":14}],"player_experience":794056,"relics_obtained":[{"floor":7,"key":"Blood Vial"},{"floor":9,"key":"Art of War"},{"floor":14,"key":"Smiling Mask"}],"event_choices":[{"damage_healed":17,"gold_gain":0,"player_choice":"Healed","damage_taken":0,"max_hp_gain":0,"max_hp_loss":0,"event_name":"The Cleric","floor":10,"gold_loss":35},{"damage_healed":0,"gold_gain":0,"cards_transformed":["theWidow:StrikeWidow"],"player_choice":"Transformed","damage_taken":0,"max_hp_gain":0,"max_hp_loss":0,"event_name":"Transmorgrifier","floor":11,"gold_loss":0,"cards_obtained":["theWidow:SearingBlade"]}],"is_beta":false,"boss_relics":[],"items_purged_floors":[3],"is_endless":false,"potions_floor_spawned":[2,4,5,7,13],"killed_by":"Slime Boss","ascension_level":20}}