{"host":"dztixnx9b0gu6w9i","time":1613433636,"event":{"mods":["BaseMod","Bestiary","Minty Spire (QoL Compilation)","Relic Stats","Slay the Relics Exporter","SpireBot","ojb\u0027s Better Paths Mod","ojb\u0027s Info Mod"],"gold_per_floor":[116,167,10,10,29,29,58,74,98,98,130,130,142,173,173,252,252,269,269,287,287,306,306,306],"floor_reached":23,"language":"ENG","playtime":1998,"items_purged":[],"score":418,"play_id":"c53e65b3-c035-497f-af7e-de7f492b11c0","local_time":"20210215190036","is_ascension_mode":true,"campfire_choices":[{"data":"Doom and Gloom","floor":6,"key":"SMITH"},{"data":"Redo","floor":12,"key":"SMITH"},{"data":"Go for the Eyes","floor":15,"key":"SMITH"}],"circlet_count":0,"master_deck":["AscendersBane","Strike_B","Strike_B","Strike_B","Defend_B","Defend_B","Defend_B","Zap","Dualcast","Redo+1","Multi-Cast","Doom and Gloom+1","Compile Driver","Rebound","Core Surge","Leap","Go for the Eyes+1","Genetic Algorithm","Biased Cognition","Chill","Cold Snap","Core Surge"],"relics":["Cracked Core","DataDisk","PreservedInsect","Centennial Puzzle","Blood Vial","Inserter"],"acts_visited":["Exordium","TheCity"],"potions_floor_usage":[18,22],"damage_taken":[{"damage":2,"enemies":"2 Louse","floor":1,"turns":2},{"damage":7,"enemies":"Jaw Worm","floor":5,"turns":3},{"damage":20,"enemies":"Lagavulin","floor":7,"turns":5},{"damage":0,"enemies":"Small Slimes","floor":8,"turns":2},{"damage":6,"enemies":"Gremlin Nob","floor":11,"turns":3},{"damage":0,"enemies":"2 Fungi Beasts","floor":13,"turns":3},{"damage":6,"enemies":"3 Sentries","floor":14,"turns":4},{"damage":31,"enemies":"The Guardian","floor":16,"turns":8},{"damage":29,"enemies":"2 Thieves","floor":18,"turns":4},{"damage":7,"enemies":"3 Byrds","floor":20,"turns":4},{"damage":19,"enemies":"Snake Plant","floor":22,"turns":6},{"damage":10,"enemies":"Gremlin Leader","floor":23,"turns":2}],"seed_played":"-6700398990065717227","potions_obtained":[{"floor":5,"key":"DuplicationPotion"},{"floor":7,"key":"SmokeBomb"},{"floor":16,"key":"DuplicationPotion"},{"floor":18,"key":"SteroidPotion"}],"is_trial":false,"path_per_floor":["M","?","$","?","M","R","E","M","T","?","E","R","M","E","R","B",null,"M","?","M","?","M","E"],"character_chosen":"DEFECT","items_purchased":["DataDisk"],"campfire_rested":0,"item_purchase_floors":[3],"current_hp_per_floor":[62,62,62,62,55,55,35,35,35,56,50,50,50,44,44,15,52,25,25,20,20,3,0,0],"gold":306,"neow_bonus":"TRANSFORM_TWO_CARDS","is_daily":false,"chose_seed":false,"campfire_upgraded":3,"win_rate":0.0,"timestamp":1613433636,"path_taken":["M","?","$","?","M","R","E","M","T","?","E","R","M","E","R","BOSS","M","?","M","?","?","E"],"items_purchased_type":["Relic"],"build_version":"2020-12-22","purchased_purges":0,"victory":false,"max_hp_per_floor":[64,64,64,64,64,64,64,64,64,64,64,64,64,64,64,64,64,64,64,64,64,64,64,64],"relic_stats":{"Blood Vial":10,"Centennial Puzzle":[15],"Inserter":[8],"counters":[12,46],"PreservedInsect":102,"obtain_stats":[{"Blood Vial":14,"DataDisk":3,"Centennial Puzzle":11,"Inserter":17,"PreservedInsect":7,"Cracked Core":0},{"Blood Vial":7,"DataDisk":1,"Centennial Puzzle":5,"Inserter":8,"PreservedInsect":3,"Cracked Core":0},{"Blood Vial":22,"DataDisk":2,"Centennial Puzzle":15,"Inserter":30,"PreservedInsect":10,"Cracked Core":0}]},"card_choices":[{"not_picked":["Coolheaded","BootSequence"],"picked":"Doom and Gloom","floor":1},{"not_picked":["Go for the Eyes","Leap"],"picked":"Compile Driver","floor":5},{"not_picked":["Rip and Tear","Gash"],"picked":"Rebound","floor":7},{"not_picked":["Go for the Eyes","Defragment"],"picked":"Core Surge","floor":8},{"not_picked":["Consume","Steam"],"picked":"Leap","floor":11},{"not_picked":["Streamline","Hello World"],"picked":"Go for the Eyes","floor":13},{"not_picked":["Compile Driver","Coolheaded"],"picked":"Genetic Algorithm","floor":14},{"not_picked":["Buffer","Meteor Strike"],"picked":"Biased Cognition","floor":16},{"not_picked":["Aggregate","Leap"],"picked":"Chill","floor":18},{"not_picked":["Stack","Steam"],"picked":"Cold Snap","floor":20},{"not_picked":["Skim","Hologram","Barrage"],"picked":"SKIP","floor":22}],"player_experience":8647553,"relics_obtained":[{"floor":7,"key":"PreservedInsect"},{"floor":11,"key":"Centennial Puzzle"},{"floor":14,"key":"Blood Vial"}],"event_choices":[{"damage_healed":0,"gold_gain":51,"player_choice":"Gained Gold","damage_taken":0,"max_hp_gain":0,"max_hp_loss":0,"event_name":"Golden Wing","floor":2,"gold_loss":0},{"damage_healed":0,"gold_gain":0,"player_choice":"Ignored","damage_taken":0,"max_hp_gain":0,"max_hp_loss":0,"event_name":"Liars Game","floor":4,"gold_loss":0},{"damage_healed":21,"gold_gain":0,"player_choice":"Banana","damage_taken":0,"max_hp_gain":0,"max_hp_loss":0,"event_name":"Big Fish","floor":10,"gold_loss":0},{"damage_healed":0,"gold_gain":0,"player_choice":"Ignored","damage_taken":0,"max_hp_gain":0,"max_hp_loss":0,"event_name":"Cursed Tome","floor":19,"gold_loss":0},{"damage_healed":0,"gold_gain":0,"player_choice":"1 cards matched","damage_taken":0,"max_hp_gain":0,"max_hp_loss":0,"event_name":"Match and Keep!","floor":21,"gold_loss":0,"cards_obtained":["Core Surge"]}],"is_beta":false,"boss_relics":[{"not_picked":["Velvet Choker","Astrolabe"],"picked":"Inserter"}],"items_purged_floors":[],"is_endless":false,"potions_floor_spawned":[5,7,16,18],"killed_by":"Gremlin Leader","ascension_level":20}}