{"host":"5hsgormuu0lj4iiq","time":1613500790,"event":{"mods":["AchievementEnabler","BaseMod","Colored Map","Colored Powertips","Minty Spire (QoL Compilation)","Quick Restart","Relic Stats","SuperFastMode","everything is the same but u backflip on backflip","slay the spire mod where everything is the same but ironclad has a cowboy hat"],"gold_per_floor":[112,42,55,55,55,88,88,111,159,159,119,143,183,198,198,291,291,305,112,137,137,137],"floor_reached":21,"language":"ENG","playtime":646,"items_purged":["Strike_B"],"score":350,"play_id":"76d97699-8d3e-4b07-93ec-fdd987d258af","local_time":"20210216133950","is_ascension_mode":true,"campfire_choices":[{"data":"Undo","floor":7,"key":"SMITH"},{"data":"Self Repair","floor":10,"key":"SMITH"},{"floor":15,"key":"REST"}],"circlet_count":0,"master_deck":["AscendersBane","Strike_B","Strike_B","Strike_B","Defend_B","Defend_B","Defend_B","Defend_B","Zap+1","Dualcast+1","Self Repair+1","Undo+1","FTL","Glacier","Leap","Ball Lightning","Core Surge","CurseOfTheBell","Ball Lightning","White Noise"],"relics":["Cracked Core","NeowsBlessing","Golden Idol","Blood Vial","War Paint","Smiling Mask","StrikeDummy","Calling Bell","MealTicket","Pantograph","Peace Pipe","ClockworkSouvenir"],"acts_visited":["Exordium","TheCity"],"potions_floor_usage":[14,18,20],"damage_taken":[{"damage":0,"enemies":"Cultist","floor":1,"turns":1},{"damage":0,"enemies":"Small Slimes","floor":3,"turns":1},{"damage":0,"enemies":"Lagavulin","floor":6,"turns":1},{"damage":0,"enemies":"Jaw Worm","floor":12,"turns":3},{"damage":38,"enemies":"3 Sentries","floor":13,"turns":8},{"damage":13,"enemies":"Exordium Thugs","floor":14,"turns":6},{"damage":34,"enemies":"The Guardian","floor":16,"turns":17},{"damage":23,"enemies":"2 Thieves","floor":18,"turns":4},{"damage":22,"enemies":"3 Byrds","floor":20,"turns":3},{"damage":25,"enemies":"3 Cultists","floor":21,"turns":4}],"seed_played":"-3681368960780071140","potions_obtained":[{"floor":6,"key":"FocusPotion"},{"floor":14,"key":"SneckoOil"},{"floor":16,"key":"LiquidBronze"}],"is_trial":false,"path_per_floor":["M","$","M","?","$","E","R","T","T","R","$","M","E","M","R","B",null,"M","$","M","M"],"character_chosen":"DEFECT","items_purchased":["Self Repair","FTL","ClockworkSouvenir"],"campfire_rested":1,"item_purchase_floors":[2,11,19],"current_hp_per_floor":[68,68,68,68,68,68,68,68,68,68,68,69,41,40,60,38,61,50,65,55,32,32],"gold":137,"neow_bonus":"THREE_ENEMY_KILL","is_daily":false,"chose_seed":false,"campfire_upgraded":2,"win_rate":0.0,"timestamp":1613500790,"path_taken":["M","?","M","?","$","E","R","?","T","R","$","M","E","M","R","BOSS","M","$","M","M"],"items_purchased_type":["Card","Card","Relic"],"build_version":"2020-12-22","purchased_purges":1,"victory":false,"max_hp_per_floor":[75,75,75,69,69,69,69,69,69,69,69,69,69,69,69,69,69,69,69,69,69,69],"relic_stats":{"Blood Vial":11,"Peace Pipe":0,"counters":[10,47],"Golden Idol":50,"Pantograph":0,"MealTicket":15,"War Paint":["Zap","Dualcast"],"Smiling Mask":25,"obtain_stats":[{"Blood Vial":6,"Calling Bell":17,"Peace Pipe":17,"NeowsBlessing":0,"Golden Idol":4,"Pantograph":17,"MealTicket":17,"War Paint":8,"Cracked Core":0,"Smiling Mask":9,"StrikeDummy":13,"ClockworkSouvenir":19},{"Blood Vial":3,"Calling Bell":7,"Peace Pipe":7,"NeowsBlessing":0,"Golden Idol":2,"Pantograph":7,"MealTicket":7,"War Paint":3,"Cracked Core":0,"Smiling Mask":3,"StrikeDummy":5,"ClockworkSouvenir":8},{"Blood Vial":3,"Calling Bell":37,"Peace Pipe":37,"NeowsBlessing":0,"Golden Idol":2,"Pantograph":37,"MealTicket":37,"War Paint":3,"Cracked Core":0,"Smiling Mask":3,"StrikeDummy":14,"ClockworkSouvenir":41}]},"card_choices":[{"not_picked":["Coolheaded","Steam Power","Streamline"],"picked":"SKIP","floor":1},{"not_picked":["Go for the Eyes","Compile Driver","Reinforced Body"],"picked":"SKIP","floor":3},{"not_picked":["Reinforced Body","Stack"],"picked":"Undo","floor":6},{"not_picked":["Compile Driver","Redo"],"picked":"Glacier","floor":12},{"not_picked":["Beam Cell","Darkness"],"picked":"Leap","floor":13},{"not_picked":["Gash","Cold Snap"],"picked":"Ball Lightning","floor":14},{"not_picked":["Multi-Cast","Reboot"],"picked":"Core Surge","floor":16},{"not_picked":["Gash","Reinforced Body"],"picked":"Ball Lightning","floor":18},{"not_picked":["Ball Lightning","Barrage"],"picked":"White Noise","floor":20}],"player_experience":740233,"relics_obtained":[{"floor":6,"key":"Blood Vial"},{"floor":8,"key":"War Paint"},{"floor":9,"key":"Smiling Mask"},{"floor":13,"key":"StrikeDummy"},{"floor":17,"key":"MealTicket"},{"floor":17,"key":"Pantograph"},{"floor":17,"key":"Peace Pipe"}],"event_choices":[{"damage_healed":0,"gold_gain":0,"player_choice":"Lose Max HP","damage_taken":0,"relics_obtained":["Golden Idol"],"max_hp_gain":0,"max_hp_loss":6,"event_name":"Golden Idol","floor":4,"gold_loss":0}],"is_beta":false,"boss_relics":[{"not_picked":["Empty Cage","FrozenCore"],"picked":"Calling Bell"}],"items_purged_floors":[19],"is_endless":false,"potions_floor_spawned":[6,14,16],"killed_by":"3 Cultists","ascension_level":13}}