{"host":"y4mx56vxqys6xwyn","time":1613502153,"event":{"mods":["BaseMod","Hermit","Minty Spire (QoL Compilation)","StSLib","The Bug Knight"],"gold_per_floor":[112,86,86,161,173,173,233,248,326,339,356,369,381,397,397,397,397],"floor_reached":16,"language":"ENG","playtime":1502,"items_purged":[],"score":96,"play_id":"05b490e5-9ebe-4113-b5d5-be16be059589","local_time":"20210216130233","is_ascension_mode":false,"campfire_choices":[{"floor":6,"key":"REST"},{"data":"Dagger Throw","floor":15,"key":"SMITH"}],"circlet_count":0,"master_deck":["Strike_G","Strike_G","Strike_G","Strike_G","Strike_G","Defend_G","Defend_G","Defend_G","Defend_G+1","Defend_G+1","Survivor","Neutralize","Dagger Throw","Dagger Throw+1","Underhanded Strike","Escape Plan","Heel Hook","Leg Sweep","Underhanded Strike","Acrobatics","Tactician"],"relics":["HoveringKite","Ornamental Fan","Bottled Flame"],"acts_visited":["Exordium"],"potions_floor_usage":[14,16,16],"damage_taken":[{"damage":0,"enemies":"2 Louse","floor":1,"turns":3},{"damage":0,"enemies":"Small Slimes","floor":5,"turns":2},{"damage":25,"enemies":"Lagavulin Event","floor":7,"turns":8},{"damage":0,"enemies":"Jaw Worm","floor":8,"turns":3},{"damage":0,"enemies":"Exordium Thugs","floor":10,"turns":4},{"damage":0,"enemies":"Large Slime","floor":11,"turns":10},{"damage":3,"enemies":"Gremlin Gang","floor":12,"turns":6},{"damage":2,"enemies":"2 Fungi Beasts","floor":13,"turns":4},{"damage":0,"enemies":"Large Slime","floor":14,"turns":5},{"damage":38,"enemies":"The Guardian","floor":16,"turns":12}],"seed_played":"-7651068517711485993","potions_obtained":[{"floor":1,"key":"Energy Potion"},{"floor":7,"key":"ColorlessPotion"},{"floor":13,"key":"Fire Potion"}],"is_trial":false,"path_per_floor":["M","$","?","?","M","R","?","M","T","M","M","M","M","M","R","B"],"character_chosen":"THE_SILENT","items_purchased":["Dagger Throw"],"campfire_rested":1,"item_purchase_floors":[2],"current_hp_per_floor":[70,70,56,45,45,66,41,41,41,41,41,38,36,36,36,0,0],"gold":397,"neow_bonus":"BOSS_RELIC","is_daily":false,"chose_seed":false,"campfire_upgraded":1,"win_rate":0.0,"timestamp":1613502153,"path_taken":["M","$","?","?","M","R","?","M","T","M","M","M","M","M","R","BOSS"],"items_purchased_type":["Card"],"build_version":"2020-12-22","purchased_purges":0,"victory":false,"max_hp_per_floor":[70,70,70,70,70,70,70,70,70,70,70,70,70,70,70,70,70],"card_choices":[{"not_picked":["Choke","Riddle With Holes"],"picked":"Dagger Throw","floor":1},{"not_picked":["Acrobatics","Dagger Throw"],"picked":"Underhanded Strike","floor":5},{"not_picked":["Slice","Dagger Spray"],"picked":"Escape Plan","floor":7},{"not_picked":["Predator","PiercingWail"],"picked":"Heel Hook","floor":8},{"not_picked":["Outmaneuver","Dodge and Roll"],"picked":"Leg Sweep","floor":10},{"not_picked":["Cloak And Dagger","Backflip"],"picked":"Underhanded Strike","floor":11},{"not_picked":["Distraction","PiercingWail"],"picked":"Acrobatics","floor":12},{"not_picked":["Flying Knee","Caltrops"],"picked":"Tactician","floor":13},{"not_picked":["Masterful Stab","Expertise","Skewer"],"picked":"SKIP","floor":14}],"player_experience":60062,"relics_obtained":[{"floor":9,"key":"Bottled Flame"}],"event_choices":[{"damage_healed":0,"gold_gain":0,"player_choice":"Entered Light","damage_taken":14,"max_hp_gain":0,"max_hp_loss":0,"event_name":"Shining Light","floor":3,"gold_loss":0,"cards_upgraded":["Defend_G","Defend_G"]},{"damage_healed":0,"gold_gain":75,"player_choice":"Gather Gold","damage_taken":11,"max_hp_gain":0,"max_hp_loss":0,"event_name":"World of Goop","floor":4,"gold_loss":0},{"damage_healed":0,"gold_gain":30,"player_choice":"Searched \u00273\u0027 times","damage_taken":0,"relics_obtained":["Ornamental Fan"],"max_hp_gain":0,"max_hp_loss":0,"event_name":"Dead Adventurer","floor":7,"gold_loss":0}],"is_beta":false,"boss_relics":[],"items_purged_floors":[],"is_endless":false,"potions_floor_spawned":[1,7,13],"killed_by":"The Guardian","ascension_level":0}}