{"host":"ypphcgdomtfqpc2w","time":1613476538,"event":{"mods":["BaseMod","DeckTracker","MarisaÅiñ∂âJÅ@ñÇóùçπÅj","Minty Spire (QoL Compilation)","Relic Stats","StSLib"],"gold_per_floor":[116,128,203,253,282,325,325,325,348,398,432,103,136,181,181,269,269,317,347,65,65,119,119,179,256,311,311,363,35,76,178,178,293,293,352,12,12,71,121,121,203,203,203,203,260,342,342,527,527,881,1171,1171,1171,25,132,180],"floor_reached":57,"language":"ENG","playtime":5477,"items_purged":["Strike_MRS","MasterSpark"],"score":3394,"play_id":"2a59f61e-9f65-4dda-bb58-00dcea426f6c","local_time":"20210216205538","is_ascension_mode":true,"campfire_choices":[{"floor":8,"key":"REST"},{"data":"MillisecondPulsars","floor":15,"key":"SMITH"},{"data":"Apotheosis","floor":23,"key":"SMITH"},{"data":"OrrerysSun","floor":27,"key":"SMITH"},{"floor":32,"key":"RECALL"},{"data":"ManaConvection","floor":40,"key":"SMITH"},{"data":"SatelliteIllusion","floor":44,"key":"SMITH"},{"data":"MagicAbsorber","floor":49,"key":"SMITH"},{"data":"Acceleration","floor":53,"key":"SMITH"}],"circlet_count":0,"master_deck":["AscendersBane","UpSweep+1","WitchOfGreed","Acceleration+1","GrandCross","MillisecondPulsars+1","Orbital","ShootingEcho+1","OrrerysSun+1","Acceleration","DeepEcoloBomb","SatelliteIllusion+1","SuperPerseids","BinaryStars","IllusionStar","Acceleration","MagicAbsorber+1","WitchOfGreed","SuperPerseids","DarkMatter","SporeBomb","Apotheosis+1","GravityBeat","AsteroidBelt","Parasite","Parasite","Orbital+1","ManaConvection+1","UltimateShortwave","GasGiant+1","6A","Robbery+1","EventHorizon"],"relics":["MiniHakkero","MealTicket","Oddly Smooth Stone","Toy Ornithopter","Potion Belt","Pandora\u0027s Box","ShroomBag","Boot","MagicBroom","The Courier","Snecko Eye","Mummified Hand","Bag of Marbles","Blood Vial","Whetstone","Thread and Needle","ClockworkSouvenir","Pocketwatch","Vajra","AmplifyWand","Strawberry","Bottled Lightning","Ornamental Fan"],"acts_visited":["Exordium","TheCity","TheBeyond","TheEnding"],"potions_floor_usage":[1,2,6,6,11,13,14,18,18,19,22,22,22,24,24,25,25,28,28,31,31,31,33,39,50,51,51,56,56,56,56],"damage_taken":[{"damage":2,"enemies":"Jaw Worm","floor":1,"turns":3},{"damage":0,"enemies":"Small Slimes","floor":2,"turns":3},{"damage":2,"enemies":"Cultist","floor":5,"turns":4},{"damage":11,"enemies":"Gremlin Nob","floor":6,"turns":3},{"damage":25,"enemies":"Lagavulin","floor":10,"turns":6},{"damage":0,"enemies":"2 Fungi Beasts","floor":11,"turns":2},{"damage":4,"enemies":"Looter","floor":13,"turns":3},{"damage":2,"enemies":"Gremlin Nob","floor":14,"turns":3},{"damage":0,"enemies":"Hexaghost","floor":16,"turns":8},{"damage":7,"enemies":"Shell Parasite","floor":18,"turns":3},{"damage":0,"enemies":"2 Thieves","floor":19,"turns":3},{"damage":18,"enemies":"Shelled Parasite and Fungi","floor":22,"turns":3},{"damage":8,"enemies":"Snake Plant","floor":24,"turns":3},{"damage":14,"enemies":"Book of Stabbing","floor":25,"turns":3},{"damage":0,"enemies":"Cultist and Chosen","floor":28,"turns":4},{"damage":0,"enemies":"Snecko","floor":30,"turns":5},{"damage":0,"enemies":"Slavers","floor":31,"turns":2},{"damage":0,"enemies":"Collector","floor":33,"turns":3},{"damage":22,"enemies":"3 Darklings","floor":35,"turns":3},{"damage":0,"enemies":"3 Shapes","floor":38,"turns":3},{"damage":0,"enemies":"3 Darklings","floor":39,"turns":3},{"damage":0,"enemies":"Nemesis","floor":41,"turns":2},{"damage":0,"enemies":"4 Shapes","floor":45,"turns":4},{"damage":0,"enemies":"Giant Head","floor":46,"turns":1},{"damage":0,"enemies":"Spire Growth","floor":48,"turns":3},{"damage":0,"enemies":"Awakened One","floor":50,"turns":10},{"damage":24,"enemies":"Donu and Deca","floor":51,"turns":6},{"damage":0,"enemies":"Shield and Spear","floor":55,"turns":4},{"damage":6,"enemies":"The Heart","floor":56,"turns":6}],"seed_played":"8602126710065692519","potions_obtained":[{"floor":0,"key":"BlessingOfTheForge"},{"floor":0,"key":"Energy Potion"},{"floor":1,"key":"BottledSpark"},{"floor":5,"key":"PowerPotion"},{"floor":10,"key":"AttackPotion"},{"floor":10,"key":"DistilledChaos"},{"floor":11,"key":"Weak Potion"},{"floor":13,"key":"DistilledChaos"},{"floor":14,"key":"BottledSpark"},{"floor":16,"key":"Fire Potion"},{"floor":16,"key":"Regen Potion"},{"floor":18,"key":"SneckoOil"},{"floor":18,"key":"Swift Potion"},{"floor":19,"key":"SkillPotion"},{"floor":22,"key":"Strength Potion"},{"floor":22,"key":"EssenceOfSteel"},{"floor":22,"key":"Strength Potion"},{"floor":24,"key":"ColorlessPotion"},{"floor":24,"key":"Ancient Potion"},{"floor":24,"key":"AttackPotion"},{"floor":25,"key":"DuplicationPotion"},{"floor":25,"key":"BlessingOfTheForge"},{"floor":28,"key":"AttackPotion"},{"floor":28,"key":"Weak Potion"},{"floor":30,"key":"Swift Potion"},{"floor":31,"key":"PowerPotion"},{"floor":31,"key":"Strength Potion"},{"floor":31,"key":"Strength Potion"},{"floor":33,"key":"LiquidMemories"},{"floor":33,"key":"GamblersBrew"},{"floor":35,"key":"DistilledChaos"},{"floor":38,"key":"PowerPotion"},{"floor":39,"key":"Energy Potion"},{"floor":46,"key":"DistilledChaos"},{"floor":55,"key":"DistilledChaos"}],"is_trial":false,"path_per_floor":["M","M","?","?","M","E","?","R","T","E","M","$","M","E","R","B",null,"M","M","$","?","M","R","M","E","T","R","M","$","M","E","R","B",null,"M","$","?","M","M","R","E","$","T","R","M","E","?","M","R","B","B",null,"R","$","E","B",null],"character_chosen":"MARISA","items_purchased":["Toy Ornithopter","OrrerysSun","Apotheosis","MagicBroom","Mummified Hand","Bag of Marbles","ClockworkSouvenir","Pocketwatch","Vajra","AmplifyWand","Strawberry","Bottled Lightning","EssenceOfSteel","PowerPotion"],"campfire_rested":1,"item_purchase_floors":[12,12,20,29,36,36,54,54,54,54,54,54,54,54],"current_hp_per_floor":[61,61,50,50,48,37,37,58,58,33,33,48,49,52,52,52,66,69,70,70,70,52,52,54,50,50,50,64,70,70,70,70,70,70,48,63,70,70,70,70,70,70,70,70,70,70,66,70,70,70,50,65,65,77,77,77],"gold":180,"neow_bonus":"THREE_SMALL_POTIONS","is_daily":false,"chose_seed":false,"campfire_upgraded":7,"win_rate":0.0,"timestamp":1613476538,"path_taken":["M","M","?","?","?","E","?","R","T","E","M","$","M","E","R","BOSS","M","M","$","?","?","R","M","E","T","R","M","?","M","E","R","BOSS","M","$","?","M","?","R","E","$","T","R","M","E","?","M","R","BOSS","BOSS","R","$","E","BOSS"],"items_purchased_type":["Relic","Card","Card","Relic","Relic","Relic","Relic","Relic","Relic","Relic","Relic","Relic","Potion","Potion"],"build_version":"2020-12-22","purchased_purges":2,"victory":true,"max_hp_per_floor":[70,70,70,70,70,70,70,70,70,70,70,70,70,70,70,70,70,70,70,70,70,70,70,70,70,70,70,70,70,70,70,70,70,70,70,70,70,70,70,70,70,70,70,70,70,70,70,70,70,70,70,70,70,77,77,77],"relic_stats":{"Blood Vial":2,"counters":[29,109],"Mummified Hand":[81],"Ornamental Fan":[36],"Snecko Eye":[51,50,47,41],"MealTicket":41,"Pandora\u0027s Box":["SuperPerseids","BinaryStars","IllusionStar","Acceleration","MagicAbsorber","WitchOfGreed","SuperPerseids"],"Whetstone":["ShootingEcho","UpSweep"],"Boot":[46],"obtain_stats":[{"Potion Belt":14,"AmplifyWand":54,"MagicBroom":29,"Oddly Smooth Stone":10,"Vajra":54,"Thread and Needle":46,"The Courier":31,"Whetstone":43,"Boot":26,"ClockworkSouvenir":54,"Blood Vial":41,"ShroomBag":25,"Ornamental Fan":25,"Mummified Hand":36,"Strawberry":54,"Snecko Eye":34,"MealTicket":6,"Pandora\u0027s Box":17,"Bag of Marbles":36,"MiniHakkero":0,"Bottled Lightning":54,"Toy Ornithopter":12,"Pocketwatch":54},{"Potion Belt":8,"AmplifyWand":27,"MagicBroom":15,"Oddly Smooth Stone":5,"Vajra":27,"Thread and Needle":24,"The Courier":17,"Whetstone":22,"Boot":14,"ClockworkSouvenir":27,"Blood Vial":22,"ShroomBag":14,"Ornamental Fan":14,"Mummified Hand":19,"Strawberry":27,"Snecko Eye":18,"MealTicket":4,"Pandora\u0027s Box":9,"Bag of Marbles":19,"MiniHakkero":0,"Bottled Lightning":27,"Toy Ornithopter":6,"Pocketwatch":27},{"Potion Belt":27,"AmplifyWand":99,"MagicBroom":54,"Oddly Smooth Stone":19,"Vajra":99,"Thread and Needle":80,"The Courier":61,"Whetstone":75,"Boot":50,"ClockworkSouvenir":99,"Blood Vial":75,"ShroomBag":50,"Ornamental Fan":50,"Mummified Hand":67,"Strawberry":99,"Snecko Eye":64,"MealTicket":13,"Pandora\u0027s Box":35,"Bag of Marbles":67,"MiniHakkero":0,"Bottled Lightning":99,"Toy Ornithopter":21,"Pocketwatch":99}],"Toy Ornithopter":55,"Pocketwatch":[0]},"card_choices":[{"not_picked":["PowerUp","SporeBomb"],"picked":"WitchOfGreed","floor":1},{"not_picked":["StarBarrage","UnstableBomb"],"picked":"Acceleration","floor":2},{"not_picked":["ChargeUpSpray","OpenUniverse"],"picked":"GrandCross","floor":5},{"not_picked":["NonDirectionalLaser","GrandCross"],"picked":"MillisecondPulsars","floor":6},{"not_picked":["BlazeAway","UnstableBomb"],"picked":"Orbital","floor":10},{"not_picked":["SprinkleStarSeal","UnstableBomb"],"picked":"ShootingEcho","floor":11},{"not_picked":["MysteriousBeam","DarkSpark"],"picked":"Acceleration","floor":13},{"not_picked":["MagicAbsorber","CasketOfStar"],"picked":"DeepEcoloBomb","floor":14},{"not_picked":["BinaryStars","EscapeVelocity"],"picked":"SatelliteIllusion","floor":16},{"not_picked":["GalacticHalo","NonDirectionalLaser"],"picked":"DarkMatter","floor":18},{"not_picked":["GravityBeat","PulseMagic"],"picked":"SporeBomb","floor":19},{"not_picked":["DC","GasGiant"],"picked":"GravityBeat","floor":22},{"not_picked":["WitchOfGreed+1","BlazeAway"],"picked":"AsteroidBelt","floor":24},{"not_picked":["ShootingEcho","DeepEcoloBomb"],"picked":"Orbital+1","floor":25},{"not_picked":["DC","MysteriousBeam"],"picked":"ManaConvection","floor":28},{"not_picked":["SporeBomb","PowerUp","DoubleSpark"],"picked":"SKIP","floor":30},{"not_picked":["StarDustReverie","DC","RefractionSpark"],"picked":"SKIP","floor":31},{"not_picked":["StarDustReverie","JA"],"picked":"UltimateShortwave","floor":33},{"not_picked":["WitchOfGreed+1","PropBag+1","LuminesStrike"],"picked":"SKIP","floor":35},{"not_picked":["WitchOfGreed+1","PropBag+1","LuminesStrike"],"picked":"SKIP","floor":35},{"not_picked":["ShootingEcho+1","StarBarrage+1","DoubleSpark"],"picked":"SKIP","floor":38},{"not_picked":["PropBag","NonDirectionalLaser+1","GrandCross"],"picked":"SKIP","floor":39},{"not_picked":["OpenUniverse","GrandCross"],"picked":"GasGiant+1","floor":41},{"not_picked":["FairyDestructionRay","MeteoricShower"],"picked":"6A","floor":45},{"not_picked":["MeteoricShower+1","WitchOfGreed"],"picked":"Robbery+1","floor":46},{"not_picked":["StarDustReverie","WitchOfGreed","ChargeUpSpray"],"picked":"SKIP","floor":48},{"not_picked":["WitchOfGreed","Acceleration"],"picked":"EventHorizon","floor":55}],"player_experience":3310007,"relics_obtained":[{"floor":6,"key":"MealTicket"},{"floor":10,"key":"Oddly Smooth Stone"},{"floor":14,"key":"Potion Belt"},{"floor":25,"key":"ShroomBag"},{"floor":26,"key":"Boot"},{"floor":31,"key":"The Courier"},{"floor":41,"key":"Blood Vial"},{"floor":43,"key":"Whetstone"},{"floor":46,"key":"Thread and Needle"},{"floor":55,"key":"Ornamental Fan"}],"event_choices":[{"damage_healed":0,"gold_gain":75,"player_choice":"Gather Gold","damage_taken":11,"max_hp_gain":0,"max_hp_loss":0,"event_name":"World of Goop","floor":3,"gold_loss":0},{"damage_healed":0,"gold_gain":50,"player_choice":"Pray","damage_taken":0,"max_hp_gain":0,"max_hp_loss":0,"event_name":"Golden Shrine","floor":4,"gold_loss":0},{"damage_healed":0,"gold_gain":0,"player_choice":"Searched \u00270\u0027 times","damage_taken":0,"max_hp_gain":0,"max_hp_loss":0,"event_name":"Dead Adventurer","floor":7,"gold_loss":0},{"damage_healed":0,"gold_gain":0,"player_choice":"Ignored","damage_taken":0,"max_hp_gain":0,"max_hp_loss":0,"event_name":"Transmorgrifier","floor":21,"gold_loss":0},{"damage_healed":7,"gold_gain":0,"player_choice":"Full Heal","damage_taken":0,"max_hp_gain":0,"max_hp_loss":0,"event_name":"Wheel of Change","floor":37,"gold_loss":0},{"damage_healed":0,"gold_gain":0,"player_choice":"Bought 0 Potions","damage_taken":0,"max_hp_gain":0,"max_hp_loss":0,"event_name":"The Woman in Blue","floor":47,"gold_loss":0}],"is_beta":false,"boss_relics":[{"not_picked":["ExperimentalFamiliar","Black Star"],"picked":"Pandora\u0027s Box"},{"not_picked":["BewitchedHakkero","Philosopher\u0027s Stone"],"picked":"Snecko Eye"}],"items_purged_floors":[12,20],"is_endless":false,"potions_floor_spawned":[1,5,10,16,22,24,28,33,46,48,55],"ascension_level":20}}