{"host":"cjhtzh7tp54jdfyv","time":1613503227,"event":{"mods":["AchievementEnabler","BaseMod","Colored Map","Colored Powertips","Curses Come First","DeckTracker","Filter the Spire","Minty Spire (QoL Compilation)","RNG Fix","Relic Sorter","Relic Stats","StSLib","UnlockEverythingMod","ojb\u0027s Better Paths Mod","ojb\u0027s Info Mod"],"gold_per_floor":[112,127,127,141,161,192,192,533,533,568,581,581,595,83,83,179,179,192,206,227,127,127,127,165,165,189,230,130,130,130,163,163,259,259,282,282,302,182,201,245,245,285,285,285,145,161,205,45,45,45,45,45,45,45,81,81],"floor_reached":57,"language":"ENG","playtime":4525,"items_purged":["Defend_P","Defend_P","Strike_P","Strike_P","Strike_P+1","BowlingBash+1"],"score":3557,"play_id":"cff3e582-8b03-4874-8212-9349fba55311","local_time":"20210216142027","is_ascension_mode":true,"campfire_choices":[{"data":"Eruption","floor":12,"key":"SMITH"},{"data":"CrushJoints","floor":15,"key":"SMITH"},{"data":"Vault","floor":23,"key":"SMITH"},{"data":"Ghostly","floor":32,"key":"SMITH"},{"floor":44,"key":"RECALL"}],"circlet_count":0,"master_deck":["AscendersBane","Eruption+1","Vigilance+1","EmptyFist+1","CrushJoints+1","Vault+1","InnerPeace+1","FlurryOfBlows+1","Tantrum+1","Adaptation+1","LessonLearned+1","Ghostly+1","Ghostly+1","Ghostly+1","Omniscience+1","TalkToTheHand"],"relics":["Runic Dome","Happy Flower","Golden Idol","FossilizedHelix","Old Coin","Mummified Hand","Anchor","Gambling Chip","Coffee Dripper","Orichalcum","MealTicket","The Courier","Calipers","Cursed Key","Yang","Damaru","Mango"],"acts_visited":["Exordium","TheCity","TheBeyond","TheEnding"],"potions_floor_usage":[6,20,24,33,56,56],"damage_taken":[{"damage":2,"enemies":"Cultist","floor":1,"turns":3},{"damage":3,"enemies":"2 Louse","floor":2,"turns":4},{"damage":4,"enemies":"Small Slimes","floor":4,"turns":4},{"damage":13,"enemies":"Exordium Wildlife","floor":5,"turns":4},{"damage":2,"enemies":"Lagavulin","floor":6,"turns":4},{"damage":0,"enemies":"Gremlin Nob","floor":8,"turns":4},{"damage":7,"enemies":"Lagavulin","floor":10,"turns":6},{"damage":0,"enemies":"3 Louse","floor":11,"turns":3},{"damage":0,"enemies":"Blue Slaver","floor":13,"turns":3},{"damage":0,"enemies":"Slime Boss","floor":16,"turns":4},{"damage":0,"enemies":"2 Thieves","floor":18,"turns":3},{"damage":0,"enemies":"Spheric Guardian","floor":19,"turns":4},{"damage":0,"enemies":"Shelled Parasite and Fungi","floor":20,"turns":3},{"damage":0,"enemies":"Slavers","floor":24,"turns":3},{"damage":26,"enemies":"Book of Stabbing","floor":27,"turns":5},{"damage":0,"enemies":"Slavers","floor":31,"turns":4},{"damage":18,"enemies":"Champ","floor":33,"turns":9},{"damage":0,"enemies":"3 Darklings","floor":35,"turns":5},{"damage":0,"enemies":"Orb Walker","floor":37,"turns":2},{"damage":0,"enemies":"Sphere and 2 Shapes","floor":39,"turns":4},{"damage":0,"enemies":"Nemesis","floor":40,"turns":3},{"damage":0,"enemies":"Giant Head","floor":42,"turns":4},{"damage":0,"enemies":"4 Shapes","floor":46,"turns":2},{"damage":0,"enemies":"Reptomancer","floor":47,"turns":3},{"damage":0,"enemies":"Donu and Deca","floor":50,"turns":5},{"damage":0,"enemies":"Awakened One","floor":51,"turns":3},{"damage":0,"enemies":"Shield and Spear","floor":55,"turns":7},{"damage":16,"enemies":"The Heart","floor":56,"turns":8}],"seed_played":"-7200826371026672118","potions_obtained":[{"floor":1,"key":"Fire Potion"},{"floor":8,"key":"Dexterity Potion"},{"floor":11,"key":"ColorlessPotion"},{"floor":20,"key":"Swift Potion"},{"floor":27,"key":"ColorlessPotion"},{"floor":33,"key":"AttackPotion"},{"floor":39,"key":"PowerPotion"},{"floor":42,"key":"PowerPotion"}],"is_trial":false,"path_per_floor":["M","M","?","M","M","E","?","E","T","E","M","R","M","$","R","B",null,"M","M","M","$","?","R","E","?","T","E","$","?","T","E","R","B",null,"M","?","M","$","M","E","?","E","T","R","$","M","E","$","R","B","B",null,"R","$","E","B",null],"character_chosen":"WATCHER","items_purchased":["Tantrum","Adaptation","Gambling Chip"],"campfire_rested":0,"item_purchase_floors":[14,14,14],"current_hp_per_floor":[59,56,56,52,39,37,37,37,37,30,30,30,30,30,30,30,54,54,54,54,54,54,54,54,54,54,28,43,31,31,31,31,13,27,27,27,27,31,31,31,31,31,31,31,31,31,31,31,31,31,31,31,31,31,45,29],"gold":81,"neow_bonus":"BOSS_RELIC","is_daily":false,"chose_seed":false,"campfire_upgraded":4,"win_rate":0.0,"timestamp":1613503227,"path_taken":["M","M","?","M","M","E","?","E","T","E","M","R","M","$","R","BOSS","M","M","M","$","?","R","E","?","T","E","$","?","?","E","R","BOSS","M","?","M","$","M","E","?","E","T","R","$","M","E","$","R","BOSS","BOSS","R","$","E","BOSS"],"items_purchased_type":["Card","Card","Relic"],"build_version":"2020-12-22","purchased_purges":6,"victory":true,"max_hp_per_floor":[68,68,62,62,62,62,62,62,62,62,62,62,62,62,62,62,62,62,62,62,62,62,62,62,62,62,62,62,31,31,31,31,31,31,31,31,31,31,31,31,31,31,31,31,31,31,31,31,31,31,31,31,31,31,45,45],"relic_stats":{"Happy Flower":[10],"counters":[28,116],"Golden Idol":210,"Mummified Hand":[31],"Gambling Chip":[51],"MealTicket":19,"Yang":[218],"Orichalcum":[96],"Cursed Key":0,"obtain_stats":[{"Calipers":31,"Happy Flower":40,"Golden Idol":3,"Damaru":47,"Yang":42,"Mango":55,"The Courier":27,"Orichalcum":24,"Cursed Key":34,"Old Coin":8,"Runic Dome":0,"Anchor":10,"Mummified Hand":9,"Gambling Chip":14,"MealTicket":26,"Coffee Dripper":17,"PureWater":0,"FossilizedHelix":6},{"Calipers":16,"Happy Flower":21,"Golden Idol":2,"Damaru":24,"Yang":22,"Mango":27,"The Courier":15,"Orichalcum":14,"Cursed Key":17,"Old Coin":6,"Runic Dome":0,"Anchor":7,"Mummified Hand":6,"Gambling Chip":9,"MealTicket":14,"Coffee Dripper":10,"PureWater":0,"FossilizedHelix":5},{"Calipers":61,"Happy Flower":84,"Golden Idol":7,"Damaru":93,"Yang":88,"Mango":108,"The Courier":57,"Orichalcum":52,"Cursed Key":70,"Old Coin":23,"Runic Dome":0,"Anchor":29,"Mummified Hand":23,"Gambling Chip":35,"MealTicket":52,"Coffee Dripper":39,"PureWater":0,"FossilizedHelix":19}]},"card_choices":[{"not_picked":["WaveOfTheHand","Indignation","Pray"],"picked":"SKIP","floor":1},{"not_picked":["BowlingBash","Vengeance"],"picked":"EmptyFist","floor":2},{"not_picked":["ClearTheMind","Prostrate"],"picked":"CrushJoints","floor":4},{"not_picked":["Worship","ThirdEye"],"picked":"BowlingBash","floor":5},{"not_picked":["BowlingBash","DevaForm"],"picked":"Vault","floor":6},{"not_picked":["PathToVictory","Halt"],"picked":"InnerPeace","floor":8},{"not_picked":["FollowUp","EmptyBody","InnerPeace"],"picked":"SKIP","floor":10},{"not_picked":["Consecrate","Crescendo"],"picked":"FlurryOfBlows","floor":11},{"not_picked":["Prostrate","Weave","Consecrate"],"picked":"SKIP","floor":13},{"not_picked":["Ragnarok","ConjureBlade"],"picked":"LessonLearned","floor":16},{"not_picked":["CarveReality","EmptyBody","BowlingBash"],"picked":"SKIP","floor":18},{"not_picked":["Worship","Pray","Meditate"],"picked":"SKIP","floor":19},{"not_picked":["ThirdEye","FearNoEvil","Sanctity"],"picked":"SKIP","floor":20},{"not_picked":["ThirdEye","FearNoEvil","Sanctity"],"picked":"SKIP","floor":20},{"not_picked":["ConjureBlade","PathToVictory+1","Halt"],"picked":"SKIP","floor":24},{"not_picked":["SashWhip+1","CrushJoints","EmptyFist"],"picked":"SKIP","floor":27},{"not_picked":["Meditate","BowlingBash+1","ClearTheMind"],"picked":"SKIP","floor":31},{"not_picked":["LessonLearned","SpiritShield"],"picked":"Omniscience","floor":33},{"not_picked":["WheelKick+1","Meditate+1","BowlingBash"],"picked":"SKIP","floor":35},{"not_picked":["SashWhip","Protect","Prostrate"],"picked":"SKIP","floor":37},{"not_picked":["Halt","Fasting2","SignatureMove"],"picked":"SKIP","floor":39},{"not_picked":["ThirdEye","BattleHymn","FlyingSleeves+1"],"picked":"SKIP","floor":40},{"not_picked":["EmptyMind","ReachHeaven+1","Devotion"],"picked":"SKIP","floor":42},{"not_picked":["Weave","Collect","ClearTheMind"],"picked":"SKIP","floor":46},{"not_picked":["LikeWater","CrushJoints+1","FollowUp"],"picked":"SKIP","floor":47},{"not_picked":["FlyingSleeves+1","Sanctity"],"picked":"TalkToTheHand","floor":55}],"player_experience":4924574,"relics_obtained":[{"floor":6,"key":"FossilizedHelix"},{"floor":8,"key":"Old Coin"},{"floor":9,"key":"Mummified Hand"},{"floor":10,"key":"Anchor"},{"floor":24,"key":"Orichalcum"},{"floor":26,"key":"MealTicket"},{"floor":27,"key":"The Courier"},{"floor":31,"key":"Calipers"},{"floor":40,"key":"Happy Flower"},{"floor":42,"key":"Yang"},{"floor":47,"key":"Damaru"},{"floor":55,"key":"Mango"}],"event_choices":[{"damage_healed":0,"gold_gain":0,"player_choice":"Lose Max HP","damage_taken":0,"relics_obtained":["Golden Idol"],"max_hp_gain":0,"max_hp_loss":6,"event_name":"Golden Idol","floor":3,"gold_loss":0},{"cards_removed":["Defend_P"],"damage_healed":0,"gold_gain":0,"player_choice":"Forget","damage_taken":0,"max_hp_gain":0,"max_hp_loss":0,"event_name":"Living Wall","floor":7,"gold_loss":0},{"cards_removed":["Defend_P"],"damage_healed":0,"gold_gain":0,"player_choice":"Purged","damage_taken":0,"max_hp_gain":0,"max_hp_loss":0,"event_name":"Purifier","floor":22,"gold_loss":0},{"damage_healed":0,"gold_gain":0,"player_choice":"Ignored","damage_taken":0,"max_hp_gain":0,"max_hp_loss":0,"event_name":"Vampires","floor":25,"gold_loss":0},{"damage_healed":0,"gold_gain":0,"player_choice":"Became a Ghost","damage_taken":0,"max_hp_gain":0,"max_hp_loss":31,"event_name":"Ghosts","floor":29,"gold_loss":0,"cards_obtained":["Ghostly","Ghostly","Ghostly"]},{"cards_removed":["Strike_P"],"damage_healed":0,"gold_gain":0,"player_choice":"Purged","damage_taken":0,"max_hp_gain":0,"max_hp_loss":0,"event_name":"Purifier","floor":36,"gold_loss":0},{"damage_healed":0,"gold_gain":0,"player_choice":"Upgraded","damage_taken":0,"max_hp_gain":0,"max_hp_loss":0,"event_name":"Upgrade Shrine","floor":41,"gold_loss":0,"cards_upgraded":["Omniscience"]}],"is_beta":false,"boss_relics":[{"not_picked":["SacredBark","Black Star"],"picked":"Coffee Dripper"},{"not_picked":["Velvet Choker","Pandora\u0027s Box"],"picked":"Cursed Key"}],"items_purged_floors":[14,21,28,38,45,48],"is_endless":false,"potions_floor_spawned":[1,8,11,20,27,33,39,42,46,55],"ascension_level":20}}