{"host":"sc0o2qwpf9j16a4i","time":1613478575,"event":{"mods":["AchievementEnabler","BaseMod","BetterRewards","Block Reminder","Colored Map","Colored Powertips","Custom Start","Highlight Path","Minty Spire (QoL Compilation)","Relic Stats"],"gold_per_floor":[111,111,131,148,13,45,65,41,87,162,174,212,27,45,45,149,149,169,194,194,12,27,60,60,60,60,80,96,107,107,107],"floor_reached":30,"language":"ENG","playtime":1065,"items_purged":[],"score":460,"play_id":"62f58ff3-ff16-4d75-8762-979a70aa142f","local_time":"20210216142935","daily_mods":["Insanity","Colorless Cards","Lethality"],"is_ascension_mode":false,"campfire_choices":[{"data":"SashWhip","floor":15,"key":"SMITH"},{"data":"Panacea","floor":25,"key":"SMITH"}],"circlet_count":0,"master_deck":["Fasting2","Dark Shackles","FollowUp+1","Prostrate","EmptyBody","SashWhip","Enlightenment","ClearTheMind","CrushJoints","Evaluate","FollowUp","Blind","InnerPeace","WaveOfTheHand","JustLucky","FollowUp","DeceiveReality","SashWhip+1","Consecrate","FollowUp","JustLucky","Vengeance","BowlingBash","PathToVictory","FollowUp","JustLucky","Consecrate","ClearTheMind","SashWhip+1","Enlightenment","WheelKick","CutThroughFate","EmptyBody","Good Instincts","Panacea+1","Halt","WindmillStrike","BowlingBash","FollowUp","ClearTheMind","BowlingBash","DeceiveReality","ReachHeaven","Wireheading","JustLucky","ThirdEye","JustLucky","Evaluate","Dramatic Entrance","Meditate+1","InnerPeace","Vengeance","Vengeance","Protect","PathToVictory","WindmillStrike","SashWhip","WaveOfTheHand","Prostrate","ClearTheMind","Halt","BowlingBash","Establishment","CurseOfTheBell","DeceiveReality+1","EmptyBody","ThirdEye","Wireheading+1","CutThroughFate","ThirdEye","Madness+1","Dark Shackles+1"],"relics":["PureWater","Sundial","MawBank","Blood Vial","Whetstone","Calling Bell","Regal Pillow","Eternal Feather","Peace Pipe","Red Mask","TeardropLocket","Frozen Eye","GoldenEye","Singing Bowl"],"acts_visited":["Exordium","TheCity"],"potions_floor_usage":[18,19,23],"damage_taken":[{"damage":0,"enemies":"2 Louse","floor":1,"turns":1},{"damage":0,"enemies":"Small Slimes","floor":3,"turns":2},{"damage":0,"enemies":"Cultist","floor":4,"turns":2},{"damage":6,"enemies":"Lagavulin","floor":6,"turns":5},{"damage":0,"enemies":"Large Slime","floor":7,"turns":4},{"damage":20,"enemies":"3 Sentries","floor":12,"turns":4},{"damage":0,"enemies":"Red Slaver","floor":14,"turns":1},{"damage":38,"enemies":"Hexaghost","floor":16,"turns":7},{"damage":2,"enemies":"Spheric Guardian","floor":18,"turns":3},{"damage":2,"enemies":"Masked Bandits","floor":19,"turns":3},{"damage":0,"enemies":"Chosen","floor":22,"turns":4},{"damage":0,"enemies":"Gremlin Leader","floor":23,"turns":3},{"damage":4,"enemies":"Centurion and Healer","floor":27,"turns":4},{"damage":38,"enemies":"Snecko","floor":28,"turns":6},{"damage":5,"enemies":"Sentry and Sphere","floor":29,"turns":6},{"damage":0,"enemies":"Book of Stabbing","floor":30,"turns":1}],"seed_played":"-6488087916154296362","potions_obtained":[{"floor":1,"key":"Fire Potion"},{"floor":7,"key":"StancePotion"},{"floor":12,"key":"DuplicationPotion"},{"floor":19,"key":"FairyPotion"},{"floor":27,"key":"DuplicationPotion"},{"floor":28,"key":"Strength Potion"}],"is_trial":true,"path_per_floor":["M","?","M","M","$","E","M","$","T","?","?","E","$","M","R","B",null,"M","?","?","$","M","E","?","R","T","M","M","M","E"],"character_chosen":"WATCHER","items_purchased":["Protect","PathToVictory","WindmillStrike","Prostrate","Whetstone","Halt","Frozen Eye","ThirdEye"],"campfire_rested":0,"item_purchase_floors":[5,5,5,8,13,13,21,21],"current_hp_per_floor":[72,65,65,65,65,59,59,59,59,59,59,39,39,41,41,5,72,70,70,70,70,72,72,72,72,72,68,32,29,31,31],"gold":107,"neow_bonus":"","is_daily":false,"chose_seed":false,"campfire_upgraded":2,"win_rate":0.0,"timestamp":1613478575,"path_taken":["M","?","M","?","?","E","M","$","T","?","?","E","$","M","R","BOSS","M","?","?","$","M","E","?","R","T","M","?","M","E"],"items_purchased_type":["Card","Card","Card","Card","Relic","Card","Relic","Card"],"build_version":"2020-12-22","purchased_purges":0,"victory":false,"max_hp_per_floor":[72,72,72,72,72,72,72,72,72,72,72,72,72,72,72,72,72,72,72,72,72,72,72,72,72,72,72,72,72,72,72],"relic_stats":{"Blood Vial":14,"Peace Pipe":0,"Regal Pillow":0,"Singing Bowl":0,"counters":[16,55],"Sundial":[0],"Eternal Feather":0,"Whetstone":["FollowUp","SashWhip"],"MawBank":48,"GoldenEye":[26],"obtain_stats":[{"Regal Pillow":17,"Singing Bowl":26,"Eternal Feather":17,"Whetstone":13,"TeardropLocket":20,"MawBank":9,"GoldenEye":23,"Blood Vial":12,"Calling Bell":17,"Peace Pipe":17,"Frozen Eye":21,"Sundial":6,"Red Mask":19,"PureWater":0},{"Regal Pillow":8,"Singing Bowl":12,"Eternal Feather":8,"Whetstone":6,"TeardropLocket":10,"MawBank":5,"GoldenEye":12,"Blood Vial":6,"Calling Bell":8,"Peace Pipe":8,"Frozen Eye":10,"Sundial":4,"Red Mask":10,"PureWater":0},{"Regal Pillow":26,"Singing Bowl":39,"Eternal Feather":26,"Whetstone":18,"TeardropLocket":32,"MawBank":14,"GoldenEye":39,"Blood Vial":18,"Calling Bell":26,"Peace Pipe":26,"Frozen Eye":32,"Sundial":10,"Red Mask":32,"PureWater":0}]},"card_choices":[{"not_picked":["FollowUp","Prostrate"],"picked":"InnerPeace","floor":1},{"not_picked":["Study","JustLucky"],"picked":"Vengeance","floor":3},{"not_picked":["Discovery","Consecrate"],"picked":"Vengeance","floor":4},{"not_picked":["Madness","Forethought"],"picked":"SashWhip","floor":6},{"not_picked":["CarveReality","Worship"],"picked":"WaveOfTheHand","floor":7},{"not_picked":["Discovery","Consecrate"],"picked":"ClearTheMind","floor":12},{"not_picked":["Wireheading","Alpha"],"picked":"BowlingBash","floor":14},{"not_picked":["Metamorphosis","Transmutation"],"picked":"Establishment","floor":16},{"not_picked":["InnerPeace","Halt"],"picked":"DeceiveReality+1","floor":18},{"not_picked":["LikeWater","Halt"],"picked":"EmptyBody","floor":19},{"not_picked":["MentalFortress","SashWhip"],"picked":"Wireheading+1","floor":22},{"not_picked":["WheelKick","Panache"],"picked":"CutThroughFate","floor":23},{"not_picked":["Halt+1","SashWhip"],"picked":"ThirdEye","floor":27},{"not_picked":["Flash of Steel+1","FlurryOfBlows"],"picked":"Madness+1","floor":28},{"not_picked":["Prostrate","FlurryOfBlows"],"picked":"Dark Shackles+1","floor":29}],"player_experience":1438006,"relics_obtained":[{"floor":6,"key":"Sundial"},{"floor":9,"key":"MawBank"},{"floor":12,"key":"Blood Vial"},{"floor":17,"key":"Regal Pillow"},{"floor":17,"key":"Eternal Feather"},{"floor":17,"key":"Peace Pipe"},{"floor":19,"key":"Red Mask"},{"floor":23,"key":"GoldenEye"},{"floor":26,"key":"Singing Bowl"}],"event_choices":[{"damage_healed":0,"gold_gain":0,"player_choice":"Damaged","damage_taken":7,"max_hp_gain":0,"max_hp_loss":0,"event_name":"Wheel of Change","floor":2,"gold_loss":0},{"damage_healed":0,"gold_gain":63,"player_choice":"Gained Gold","damage_taken":0,"max_hp_gain":0,"max_hp_loss":0,"event_name":"Golden Wing","floor":10,"gold_loss":0},{"damage_healed":0,"gold_gain":0,"player_choice":"Grow","damage_taken":0,"max_hp_gain":0,"max_hp_loss":0,"event_name":"Living Wall","floor":11,"gold_loss":0,"cards_upgraded":["Meditate"]},{"damage_healed":0,"gold_gain":0,"player_choice":"Fought Bandits","damage_taken":0,"max_hp_gain":0,"max_hp_loss":0,"event_name":"Masked Bandits","floor":19,"gold_loss":0},{"damage_healed":0,"gold_gain":0,"player_choice":"Opened","damage_taken":0,"relics_obtained":["TeardropLocket"],"max_hp_gain":0,"max_hp_loss":0,"event_name":"The Mausoleum","floor":20,"gold_loss":0},{"damage_healed":0,"gold_gain":0,"player_choice":"Full Heal","damage_taken":0,"max_hp_gain":0,"max_hp_loss":0,"event_name":"Wheel of Change","floor":24,"gold_loss":0}],"is_beta":false,"boss_relics":[{"not_picked":["SlaversCollar","Busted Crown"],"picked":"Calling Bell"}],"items_purged_floors":[],"is_endless":false,"potions_floor_spawned":[1,7,12,19,27,28],"killed_by":"Book of Stabbing","ascension_level":0}}