{"host":"wshey5htrz8rni6u","time":1613458386,"event":{"mods":["2.2 Compatiblity","BaseMod","Block Reminder","Colored Map","Colored Powertips","Current Relic Mod","Curses Come First","Dark Map","Key Reminder","Keyboard Shortcuts","Minty Spire (QoL Compilation)","Potion Indicator Mod","Quick Restart","Random Character Button","Relic Sorter","Relic Stats","StSLib","SuperFastMode","Twitch Utils","Unceasing Turn Reminder","Weighted Paths","everything is the same but u backflip on backflip"],"gold_per_floor":[112,112,112,37,212,241,241,274,347,422,211,224,249,269,269,371,371,386,134,49,72,84,84,110,110,110,135,135,60,60,74,74,173,173,187,287,306,326,326,354,371,406,430,430,56,73,92,107,107,107,107,107,107,57,85,85],"floor_reached":57,"language":"ENG","playtime":4512,"items_purged":["Strike_G","Doubt","Well Laid Plans+1","Strike_G","Defend_G"],"score":1584,"play_id":"e2625eeb-067e-419c-8b3a-61a23e7719e5","local_time":"20210215225306","is_ascension_mode":true,"campfire_choices":[{"data":"Well Laid Plans","floor":7,"key":"SMITH"},{"data":"Neutralize","floor":15,"key":"SMITH"},{"data":"After Image","floor":23,"key":"SMITH"},{"data":"Footwork","floor":25,"key":"SMITH"},{"floor":28,"key":"REST"},{"data":"Terror","floor":30,"key":"SMITH"},{"floor":32,"key":"REST"},{"floor":44,"key":"REST"},{"floor":50,"key":"RECALL"},{"data":"Footwork","floor":53,"key":"SMITH"}],"circlet_count":0,"master_deck":["Strike_G+1","Defend_G+1","Defend_G","Defend_G","Defend_G","Survivor","Neutralize+1","Blade Dance+1","Riddle With Holes+1","After Image+1","Infinite Blades","Leg Sweep","Dagger Spray","Terror+1","Backflip","Grand Finale","Endless Agony+1","Footwork+1","Backflip","Crippling Poison+1","Grand Finale","Deflect","Deflect","Grand Finale","Outmaneuver+1","Acrobatics","Backflip+1","Blade Dance","PiercingWail","Footwork+1","Accuracy+1","Deflect","Concentrate+1","Storm of Steel"],"relics":["Ring of the Snake","NeowsBlessing","Nunchaku","Whetstone","InkBottle","Boot","Runic Pyramid","Vajra","Pen Nib","Bottled Tornado","Anchor","Sozu","PreservedInsect","Centennial Puzzle","Torii","Smiling Mask","Pantograph","Incense Burner"],"acts_visited":["Exordium","TheCity","TheBeyond","TheEnding"],"potions_floor_usage":[16,18,33,33,42,56],"damage_taken":[{"damage":0,"enemies":"Jaw Worm","floor":1,"turns":1},{"damage":0,"enemies":"3 Sentries","floor":6,"turns":1},{"damage":0,"enemies":"Gremlin Nob","floor":8,"turns":1},{"damage":0,"enemies":"Small Slimes","floor":12,"turns":3},{"damage":5,"enemies":"3 Sentries","floor":13,"turns":7},{"damage":0,"enemies":"2 Louse","floor":14,"turns":2},{"damage":7,"enemies":"Hexaghost","floor":16,"turns":8},{"damage":5,"enemies":"2 Thieves","floor":18,"turns":4},{"damage":5,"enemies":"Shell Parasite","floor":22,"turns":4},{"damage":5,"enemies":"Gremlin Leader","floor":24,"turns":4},{"damage":38,"enemies":"Slavers","floor":27,"turns":9},{"damage":0,"enemies":"Cultist and Chosen","floor":31,"turns":5},{"damage":0,"enemies":"Automaton","floor":33,"turns":6},{"damage":0,"enemies":"3 Darklings","floor":35,"turns":5},{"damage":0,"enemies":"Orb Walker","floor":37,"turns":4},{"damage":0,"enemies":"Maw","floor":38,"turns":5},{"damage":0,"enemies":"Nemesis","floor":40,"turns":5},{"damage":2,"enemies":"Jaw Worm Horde","floor":41,"turns":4},{"damage":37,"enemies":"Reptomancer","floor":42,"turns":5},{"damage":21,"enemies":"Transient","floor":46,"turns":5},{"damage":8,"enemies":"Spire Growth","floor":47,"turns":4},{"damage":8,"enemies":"Sphere and 2 Shapes","floor":48,"turns":6},{"damage":1,"enemies":"Awakened One","floor":51,"turns":9},{"damage":23,"enemies":"Shield and Spear","floor":55,"turns":5},{"damage":37,"enemies":"The Heart","floor":56,"turns":9}],"seed_played":"7676814136209386570","potions_obtained":[{"floor":6,"key":"Poison Potion"},{"floor":12,"key":"Energy Potion"},{"floor":18,"key":"LiquidBronze"},{"floor":24,"key":"CultistPotion"},{"floor":31,"key":"DuplicationPotion"},{"floor":33,"key":"Fire Potion"}],"is_trial":false,"path_per_floor":["M","?","?","$","?","E","R","E","T","?","$","M","E","M","R","B",null,"M","$","?","T","M","R","E","R","T","E","R","?","R","M","R","B",null,"M","?","M","M","?","E","M","E","T","R","$","M","M","M","M","R","B",null,"R","$","E","B",null],"character_chosen":"THE_SILENT","items_purchased":["Infinite Blades","Leg Sweep","Footwork","Backflip","Footwork","Pantograph"],"campfire_rested":3,"item_purchase_floors":[11,11,19,19,45,45],"current_hp_per_floor":[70,70,56,56,56,56,56,56,56,45,45,45,40,40,40,33,70,65,65,65,65,60,60,55,55,55,17,38,38,38,38,59,59,70,70,70,70,70,70,70,68,31,31,52,52,31,23,15,15,15,39,70,70,70,47,33],"gold":85,"neow_bonus":"THREE_ENEMY_KILL","is_daily":false,"chose_seed":false,"campfire_upgraded":6,"win_rate":0.0,"timestamp":1613458386,"path_taken":["M","?","?","$","?","E","R","E","T","?","?","M","E","M","R","BOSS","M","$","?","?","M","R","E","R","T","E","R","?","R","?","R","BOSS","M","?","?","M","?","E","M","E","T","R","$","M","M","M","M","R","BOSS","R","$","E","BOSS"],"items_purchased_type":["Card","Card","Card","Card","Card","Relic"],"build_version":"2020-12-13","purchased_purges":5,"victory":true,"max_hp_per_floor":[70,70,70,70,70,70,70,70,70,70,70,70,70,70,70,70,70,70,70,70,70,70,70,70,70,70,70,70,70,70,70,70,70,70,70,70,70,70,70,70,70,70,70,70,70,70,70,70,70,70,70,70,70,70,70,70],"relic_stats":{"Torii":20,"counters":[25,121],"Pen Nib":[23],"PreservedInsect":172,"Whetstone":["Riddle With Holes","Strike_G"],"Boot":[29],"Smiling Mask":225,"Sozu":5,"Nunchaku":[29],"Centennial Puzzle":[19],"Pantograph":48,"obtain_stats":[{"NeowsBlessing":0,"Torii":42,"Vajra":20,"Pen Nib":21,"PreservedInsect":39,"Incense Burner":55,"Whetstone":8,"Bottled Tornado":24,"Boot":13,"Smiling Mask":43,"keyreminder:keyreminder":6,"Sozu":34,"Nunchaku":6,"Anchor":27,"Centennial Puzzle":40,"Pantograph":45,"InkBottle":9,"Ring of the Snake":0,"Runic Pyramid":17},{"NeowsBlessing":0,"Torii":19,"Vajra":8,"Pen Nib":8,"PreservedInsect":16,"Incense Burner":24,"Whetstone":3,"Bottled Tornado":10,"Boot":5,"Smiling Mask":19,"keyreminder:keyreminder":2,"Sozu":13,"Nunchaku":2,"Anchor":11,"Centennial Puzzle":17,"Pantograph":19,"InkBottle":3,"Ring of the Snake":0,"Runic Pyramid":7},{"NeowsBlessing":0,"Torii":83,"Vajra":27,"Pen Nib":27,"PreservedInsect":69,"Incense Burner":112,"Whetstone":3,"Bottled Tornado":35,"Boot":13,"Smiling Mask":83,"keyreminder:keyreminder":2,"Sozu":55,"Nunchaku":2,"Anchor":44,"Centennial Puzzle":74,"Pantograph":83,"InkBottle":3,"Ring of the Snake":0,"Runic Pyramid":23}],"InkBottle":[62],"Ring of the Snake":[50]},"card_choices":[{"not_picked":["Dagger Spray","Backflip"],"picked":"Well Laid Plans","floor":1},{"not_picked":["Leg Sweep","Footwork"],"picked":"Riddle With Holes","floor":6},{"not_picked":["Poisoned Stab","Backflip"],"picked":"After Image","floor":8},{"not_picked":["Blur","Deadly Poison"],"picked":"Dagger Spray","floor":12},{"not_picked":["Reflex","Concentrate"],"picked":"Terror","floor":13},{"not_picked":["Caltrops","All Out Attack"],"picked":"Backflip","floor":14},{"not_picked":["Glass Knife","Bullet Time"],"picked":"Grand Finale","floor":16},{"not_picked":["Deflect","Bouncing Flask"],"picked":"Endless Agony+1","floor":18},{"not_picked":["Dagger Spray","Poisoned Stab+1"],"picked":"Crippling Poison+1","floor":22},{"not_picked":["PiercingWail","Setup"],"picked":"Grand Finale","floor":24},{"not_picked":["Bouncing Flask+1","All Out Attack+1"],"picked":"Deflect","floor":27},{"not_picked":["Escape Plan","Blur+1"],"picked":"Deflect","floor":31},{"not_picked":["Malaise","A Thousand Cuts"],"picked":"Grand Finale","floor":33},{"not_picked":["Quick Slash+1","Cloak And Dagger+1"],"picked":"Outmaneuver+1","floor":35},{"not_picked":["Heel Hook","Skewer+1","Underhanded Strike+1"],"picked":"SKIP","floor":37},{"not_picked":["Underhanded Strike","Leg Sweep"],"picked":"Acrobatics","floor":38},{"not_picked":["Infinite Blades+1","Leg Sweep"],"picked":"Backflip+1","floor":40},{"not_picked":["Flying Knee","Acrobatics+1"],"picked":"Blade Dance","floor":41},{"not_picked":["Masterful Stab","Unload"],"picked":"PiercingWail","floor":42},{"not_picked":["Skewer+1","Deadly Poison+1"],"picked":"Accuracy+1","floor":46},{"not_picked":["Catalyst+1","Cloak And Dagger"],"picked":"Deflect","floor":47},{"not_picked":["Underhanded Strike","All Out Attack+1"],"picked":"Concentrate+1","floor":48},{"not_picked":["Eviscerate","Dagger Spray"],"picked":"Storm of Steel","floor":55}],"player_experience":62399,"relics_obtained":[{"floor":6,"key":"Nunchaku"},{"floor":8,"key":"Whetstone"},{"floor":9,"key":"InkBottle"},{"floor":13,"key":"Boot"},{"floor":21,"key":"Pen Nib"},{"floor":24,"key":"Bottled Tornado"},{"floor":27,"key":"Anchor"},{"floor":39,"key":"PreservedInsect"},{"floor":40,"key":"Centennial Puzzle"},{"floor":42,"key":"Torii"},{"floor":43,"key":"Smiling Mask"},{"floor":55,"key":"Incense Burner"}],"event_choices":[{"damage_healed":0,"gold_gain":0,"cards_transformed":["Strike_G"],"player_choice":"Change","damage_taken":0,"max_hp_gain":0,"max_hp_loss":0,"event_name":"Living Wall","floor":2,"gold_loss":0,"cards_obtained":["Blade Dance"]},{"damage_healed":0,"gold_gain":0,"player_choice":"Entered Light","damage_taken":14,"max_hp_gain":0,"max_hp_loss":0,"event_name":"Shining Light","floor":3,"gold_loss":0,"cards_upgraded":["Blade Dance","Defend_G"]},{"damage_healed":0,"gold_gain":175,"player_choice":"AGREE","damage_taken":0,"max_hp_gain":0,"max_hp_loss":0,"event_name":"Liars Game","floor":5,"gold_loss":0,"cards_obtained":["Doubt"]},{"damage_healed":0,"gold_gain":75,"player_choice":"Gather Gold","damage_taken":11,"max_hp_gain":0,"max_hp_loss":0,"event_name":"World of Goop","floor":10,"gold_loss":0},{"damage_healed":0,"gold_gain":0,"player_choice":"Obtained Relic","damage_taken":0,"relics_obtained":["Vajra"],"max_hp_gain":0,"max_hp_loss":0,"event_name":"Addict","floor":20,"gold_loss":85},{"cards_removed":["Strike_G"],"damage_healed":0,"gold_gain":0,"player_choice":"Gave Gold","damage_taken":0,"max_hp_gain":0,"max_hp_loss":0,"event_name":"Beggar","floor":29,"gold_loss":75},{"damage_healed":0,"gold_gain":100,"player_choice":"Pray","damage_taken":0,"max_hp_gain":0,"max_hp_loss":0,"event_name":"Golden Shrine","floor":36,"gold_loss":0},{"damage_healed":0,"gold_gain":0,"player_choice":"Relic","damage_taken":0,"max_hp_gain":0,"max_hp_loss":0,"event_name":"Wheel of Change","floor":39,"gold_loss":0}],"is_beta":false,"boss_relics":[{"not_picked":["SacredBark","Pandora\u0027s Box"],"picked":"Runic Pyramid"},{"not_picked":["Runic Dome","Black Star"],"picked":"Sozu"}],"items_purged_floors":[4,11,19,45,54],"is_endless":false,"potions_floor_spawned":[6,12,18,24,31,33,37,40,41,42,55],"ascension_level":4}}