{"host":"rb2p2z6v6vieend5","time":1613438384,"event":{"mods":["BaseMod","Block Reminder","Colored Map","DeckTracker","Highlight Path","Minty Spire (QoL Compilation)","Random Character Button","Relic Stats"],"gold_per_floor":[115,115,115,115,115,115,40,40,40,84,96,142,169,214,226,337,349,374,386,398,60,80,119,119,152,152,193,193,212,232,250,250,348,411,424,455,475,106,174,174,222,235,261,288,163,163,183,211,211,211],"floor_reached":51,"language":"ENG","playtime":2614,"items_purged":["Defend_R","Defend_R","Strike_R"],"score":1398,"play_id":"4e87a2c8-4d80-4527-9d07-71423f8fe21f","local_time":"20210216021944","is_ascension_mode":true,"campfire_choices":[{"data":"Armaments","floor":6,"key":"SMITH"},{"data":"Bash","floor":8,"key":"SMITH"},{"data":"Disarm","floor":15,"key":"SMITH"},{"data":"Perfected Strike","floor":28,"key":"SMITH"},{"data":"Clothesline","floor":32,"key":"SMITH"},{"data":"Bludgeon","floor":40,"key":"SMITH"},{"data":"Perfected Strike","floor":46,"key":"SMITH"},{"data":"Perfected Strike","floor":49,"key":"SMITH"}],"circlet_count":0,"master_deck":["AscendersBane","Strike_R","Strike_R","Strike_R","Strike_R","Defend_R","Bash+1","Armaments+1","Disarm+1","Evolve","Flame Barrier","Ghostly Armor","Flex","Bludgeon+1","Thunderclap","Clothesline","Clothesline+1","Perfected Strike+1","Impervious","Perfected Strike+1","Pommel Strike+1","Perfected Strike+1","Offering+1","Flame Barrier+1","Perfected Strike","Bludgeon+1","Impervious","Uppercut+1","Twin Strike"],"relics":["Burning Blood","NeowsBlessing","Golden Idol","Oddly Smooth Stone","TungstenRod","MawBank","Ancient Tea Set","Bronze Scales","Snecko Eye","FossilizedHelix","Omamori","Anchor","Dream Catcher","StrikeDummy","Tiny House","Champion Belt","Torii","CeramicFish","Red Skull"],"acts_visited":["Exordium","TheCity","TheBeyond"],"potions_floor_usage":[27,27,50],"damage_taken":[{"damage":0,"enemies":"2 Louse","floor":1,"turns":1},{"damage":0,"enemies":"Gremlin Nob","floor":10,"turns":1},{"damage":0,"enemies":"3 Sentries","floor":12,"turns":1},{"damage":0,"enemies":"Jaw Worm","floor":13,"turns":5},{"damage":5,"enemies":"Lagavulin","floor":14,"turns":11},{"damage":58,"enemies":"Slime Boss","floor":16,"turns":14},{"damage":0,"enemies":"Chosen","floor":18,"turns":3},{"damage":0,"enemies":"3 Byrds","floor":22,"turns":2},{"damage":8,"enemies":"Gremlin Leader","floor":23,"turns":4},{"damage":12,"enemies":"Slavers","floor":25,"turns":5},{"damage":37,"enemies":"Gremlin Leader","floor":27,"turns":6},{"damage":0,"enemies":"3 Cultists","floor":29,"turns":3},{"damage":0,"enemies":"Shelled Parasite and Fungi","floor":30,"turns":3},{"damage":0,"enemies":"Snecko","floor":31,"turns":3},{"damage":26,"enemies":"Automaton","floor":33,"turns":8},{"damage":0,"enemies":"Orb Walker","floor":35,"turns":2},{"damage":17,"enemies":"Mind Bloom Boss Battle","floor":36,"turns":4},{"damage":0,"enemies":"3 Darklings","floor":37,"turns":3},{"damage":0,"enemies":"2 Orb Walkers","floor":39,"turns":2},{"damage":0,"enemies":"Transient","floor":42,"turns":5},{"damage":0,"enemies":"Writhing Mass","floor":44,"turns":3},{"damage":0,"enemies":"4 Shapes","floor":47,"turns":3},{"damage":0,"enemies":"Transient","floor":48,"turns":5},{"damage":47,"enemies":"Awakened One","floor":50,"turns":9}],"seed_played":"3308342428918105579","potions_obtained":[{"floor":1,"key":"Swift Potion"},{"floor":23,"key":"BlessingOfTheForge"},{"floor":25,"key":"DuplicationPotion"},{"floor":30,"key":"ColorlessPotion"},{"floor":31,"key":"DuplicationPotion"},{"floor":34,"key":"FairyPotion"},{"floor":37,"key":"Fruit Juice"}],"is_trial":false,"path_per_floor":["M","?","?","T","?","R","$","R","T","E","$","E","M","E","R","B",null,"M","?","?","$","M","E","?","E","T","E","R","M","M","M","R","B",null,"M","?","M","$","?","R","T","M","T","M","$","R","M","M","R","B",null],"character_chosen":"IRONCLAD","items_purchased":["FossilizedHelix","Clothesline","Bludgeon","Impervious"],"campfire_rested":0,"item_purchase_floors":[21,21,38,38],"current_hp_per_floor":[74,79,72,72,72,72,72,72,72,72,72,72,72,72,72,20,59,65,65,65,65,71,69,69,63,63,32,32,38,44,50,50,30,67,73,62,68,68,74,74,74,77,77,77,77,77,77,77,77,41],"gold":211,"neow_bonus":"THREE_ENEMY_KILL","is_daily":false,"chose_seed":false,"campfire_upgraded":8,"win_rate":0.0,"timestamp":1613438384,"path_taken":["M","?","?","?","?","R","$","R","T","E","?","E","M","E","R","BOSS","M","?","?","$","?","E","?","E","T","E","R","M","M","M","R","BOSS","M","?","M","$","?","R","?","M","T","M","$","R","M","M","R","BOSS"],"items_purchased_type":["Relic","Card","Card","Card"],"build_version":"2020-12-22","purchased_purges":3,"victory":true,"max_hp_per_floor":[75,80,72,72,72,72,72,72,72,72,72,72,72,72,72,72,72,72,72,72,72,72,72,72,72,72,72,72,72,72,72,72,72,77,77,77,77,77,77,77,77,77,77,77,77,77,77,77,77,82],"relic_stats":{"Dream Catcher":0,"Torii":2,"counters":[24,106],"Golden Idol":183,"Bronze Scales":[234],"CeramicFish":18,"Snecko Eye":[137,155,123,105],"Champion Belt":[21],"MawBank":132,"obtain_stats":[{"Tiny House":34,"NeowsBlessing":0,"Torii":39,"Golden Idol":3,"CeramicFish":41,"Oddly Smooth Stone":4,"Omamori":23,"MawBank":10,"Ancient Tea Set":12,"Burning Blood":0,"Anchor":25,"Dream Catcher":26,"Bronze Scales":14,"Snecko Eye":17,"Champion Belt":36,"StrikeDummy":27,"TungstenRod":9,"FossilizedHelix":21,"Red Skull":43},{"Tiny House":15,"NeowsBlessing":0,"Torii":19,"Golden Idol":1,"CeramicFish":19,"Oddly Smooth Stone":1,"Omamori":9,"MawBank":2,"Ancient Tea Set":3,"Burning Blood":0,"Anchor":10,"Dream Catcher":10,"Bronze Scales":5,"Snecko Eye":6,"Champion Belt":17,"StrikeDummy":11,"TungstenRod":1,"FossilizedHelix":7,"Red Skull":20},{"Tiny House":70,"NeowsBlessing":0,"Torii":81,"Golden Idol":1,"CeramicFish":81,"Oddly Smooth Stone":1,"Omamori":42,"MawBank":2,"Ancient Tea Set":3,"Burning Blood":0,"Anchor":47,"Dream Catcher":47,"Bronze Scales":19,"Snecko Eye":33,"Champion Belt":76,"StrikeDummy":53,"TungstenRod":1,"FossilizedHelix":36,"Red Skull":86}],"Burning Blood":104,"TungstenRod":34},"card_choices":[{"not_picked":["Dual Wield","Sword Boomerang"],"picked":"Armaments","floor":1},{"not_picked":["Heavy Blade","Armaments"],"picked":"Evolve","floor":10},{"not_picked":["Reckless Charge","Second Wind"],"picked":"Flame Barrier","floor":12},{"not_picked":["Reckless Charge","Clash"],"picked":"Ghostly Armor","floor":13},{"not_picked":["Warcry","Sever Soul"],"picked":"Flex","floor":14},{"not_picked":["Brutality","Corruption"],"picked":"Bludgeon","floor":16},{"not_picked":["Anger","Cleave"],"picked":"Thunderclap","floor":18},{"not_picked":["Burning Pact","Iron Wave"],"picked":"Perfected Strike","floor":22},{"not_picked":["Heavy Blade","Dual Wield"],"picked":"Impervious","floor":23},{"not_picked":["Iron Wave","Warcry","Body Slam+1"],"picked":"SKIP","floor":25},{"not_picked":["Impervious","Pommel Strike"],"picked":"Perfected Strike","floor":27},{"not_picked":["Flex","Hemokinesis"],"picked":"Pommel Strike+1","floor":29},{"not_picked":["Iron Wave","Clothesline","Heavy Blade"],"picked":"SKIP","floor":30},{"not_picked":["Thunderclap","Body Slam"],"picked":"Perfected Strike","floor":31},{"not_picked":["Limit Break","Reaper"],"picked":"Offering","floor":33},{"not_picked":["Flex","Pummel"],"picked":"Flame Barrier+1","floor":35},{"not_picked":["Flex","Thunderclap+1"],"picked":"Perfected Strike","floor":36},{"not_picked":["Heavy Blade","Flex","Feel No Pain"],"picked":"SKIP","floor":37},{"not_picked":["Flex","Heavy Blade","Sentinel"],"picked":"SKIP","floor":42},{"not_picked":["Pommel Strike","Burning Pact"],"picked":"Uppercut+1","floor":44},{"not_picked":["Shrug It Off","Flex+1","Armaments"],"picked":"SKIP","floor":47},{"not_picked":["Blood for Blood+1","Combust"],"picked":"Twin Strike","floor":48}],"player_experience":757290,"relics_obtained":[{"floor":4,"key":"Oddly Smooth Stone"},{"floor":9,"key":"TungstenRod"},{"floor":10,"key":"MawBank"},{"floor":12,"key":"Ancient Tea Set"},{"floor":14,"key":"Bronze Scales"},{"floor":23,"key":"Omamori"},{"floor":25,"key":"Anchor"},{"floor":26,"key":"Dream Catcher"},{"floor":27,"key":"StrikeDummy"},{"floor":36,"key":"Champion Belt"},{"floor":39,"key":"Torii"},{"floor":41,"key":"CeramicFish"},{"floor":43,"key":"Red Skull"}],"event_choices":[{"damage_healed":0,"gold_gain":0,"player_choice":"Donut","damage_taken":0,"max_hp_gain":5,"max_hp_loss":0,"event_name":"Big Fish","floor":2,"gold_loss":0},{"damage_healed":0,"gold_gain":0,"player_choice":"Lose Max HP","damage_taken":0,"relics_obtained":["Golden Idol"],"max_hp_gain":0,"max_hp_loss":8,"event_name":"Golden Idol","floor":3,"gold_loss":0},{"damage_healed":0,"gold_gain":0,"cards_transformed":["Defend_R"],"player_choice":"Change","damage_taken":0,"max_hp_gain":0,"max_hp_loss":0,"event_name":"Living Wall","floor":5,"gold_loss":0,"cards_obtained":["Disarm"]},{"damage_healed":0,"gold_gain":0,"player_choice":"Read","damage_taken":0,"max_hp_gain":0,"max_hp_loss":0,"event_name":"The Library","floor":19,"gold_loss":0,"cards_obtained":["Clothesline"]},{"damage_healed":0,"gold_gain":0,"player_choice":"Upgraded","damage_taken":0,"max_hp_gain":0,"max_hp_loss":0,"event_name":"Upgrade Shrine","floor":20,"gold_loss":0,"cards_upgraded":["Bludgeon"]},{"damage_healed":0,"gold_gain":0,"player_choice":"Ignored","damage_taken":0,"max_hp_gain":0,"max_hp_loss":0,"event_name":"Ghosts","floor":24,"gold_loss":0},{"damage_healed":0,"gold_gain":0,"player_choice":"Fight","damage_taken":0,"max_hp_gain":0,"max_hp_loss":0,"event_name":"MindBloom","floor":36,"gold_loss":0},{"damage_healed":0,"gold_gain":0,"player_choice":"Fight","damage_taken":0,"max_hp_gain":0,"max_hp_loss":0,"event_name":"Mysterious Sphere","floor":39,"gold_loss":0}],"is_beta":false,"boss_relics":[{"not_picked":["Sozu","Ectoplasm"],"picked":"Snecko Eye"},{"not_picked":["Coffee Dripper","Runic Pyramid"],"picked":"Tiny House"}],"items_purged_floors":[7,38,45],"is_endless":false,"potions_floor_spawned":[1,23,25,30,31,33,35,36,37,42,44],"ascension_level":16}}