{"host":"bf5upntvbdompq33","time":1613455052,"event":{"mods":["BaseMod","Bestiary","Colored Map","Colored Powertips","Curses Come First","Highlight Path","Minty Spire (QoL Compilation)","StSLib","ojb\u0027s Info Mod"],"gold_per_floor":[119,136,25,43,43,43,77,77,77,77,91,91,110,110,110,235,235,254,268,268,57,57,57],"floor_reached":22,"language":"ENG","playtime":929,"items_purged":["Strike_B"],"score":285,"play_id":"426a3750-8d0a-4835-b46e-0d552a425161","local_time":"20210215225732","is_ascension_mode":true,"campfire_choices":[{"data":"Zap","floor":6,"key":"SMITH"},{"data":"Streamline","floor":8,"key":"SMITH"},{"data":"Loop","floor":10,"key":"SMITH"},{"floor":15,"key":"REST"}],"circlet_count":0,"master_deck":["AscendersBane","Defend_B","Defend_B","Defend_B","Defend_B","Zap+1","Dualcast","Streamline+1","Glacier","Loop+1","Leap","Compile Driver","Redo","Consume+1","Machine Learning","Conserve Battery","Defragment","Defragment","Flash of Steel","Steam"],"relics":["Cracked Core","NeowsBlessing","Golden Idol","Symbiotic Virus","StrikeDummy","Empty Cage"],"acts_visited":["Exordium","TheCity"],"potions_floor_usage":[16,19],"damage_taken":[{"damage":0,"enemies":"Cultist","floor":1,"turns":1},{"damage":0,"enemies":"Jaw Worm","floor":2,"turns":1},{"damage":0,"enemies":"2 Louse","floor":4,"turns":1},{"damage":30,"enemies":"Lagavulin","floor":7,"turns":7},{"damage":3,"enemies":"Looter","floor":11,"turns":3},{"damage":15,"enemies":"Exordium Wildlife","floor":13,"turns":2},{"damage":20,"enemies":"The Guardian","floor":16,"turns":7},{"damage":28,"enemies":"2 Thieves","floor":18,"turns":4},{"damage":24,"enemies":"3 Byrds","floor":19,"turns":5},{"damage":17,"enemies":"Centurion and Healer","floor":22,"turns":3}],"seed_played":"-25776152628053550","potions_obtained":[{"floor":4,"key":"BlessingOfTheForge"},{"floor":13,"key":"PowerPotion"},{"floor":16,"key":"LiquidBronze"}],"is_trial":false,"path_per_floor":["M","M","$","M","?","R","E","R","T","R","M","?","M","?","R","B",null,"M","M","?","$","M"],"character_chosen":"DEFECT","items_purchased":["Loop","Defragment","Flash of Steel","Steam"],"campfire_rested":1,"item_purchase_floors":[3,21,21,21],"current_hp_per_floor":[68,68,68,68,68,68,38,38,38,38,35,35,20,20,40,20,57,29,5,5,5,0,0],"gold":57,"neow_bonus":"THREE_ENEMY_KILL","is_daily":false,"chose_seed":false,"campfire_upgraded":3,"win_rate":0.0,"timestamp":1613455052,"path_taken":["M","M","$","?","?","R","E","R","T","R","M","?","M","?","R","BOSS","M","M","?","?","M"],"items_purchased_type":["Card","Card","Card","Card"],"build_version":"2020-12-22","purchased_purges":1,"victory":false,"max_hp_per_floor":[75,75,75,75,69,69,69,69,69,69,69,69,69,69,69,69,69,69,69,69,69,69,69],"card_choices":[{"not_picked":["Beam Cell","Leap"],"picked":"Streamline","floor":1},{"not_picked":["Blizzard","Cold Snap"],"picked":"Glacier","floor":2},{"not_picked":["FTL","Reprogram"],"picked":"Leap","floor":4},{"not_picked":["Reprogram","Amplify"],"picked":"Compile Driver","floor":7},{"not_picked":["Turbo","Beam Cell"],"picked":"Redo","floor":11},{"not_picked":["Turbo","BootSequence"],"picked":"Consume","floor":13},{"not_picked":["Hyperbeam","All For One"],"picked":"Machine Learning","floor":16},{"not_picked":["FTL","Cold Snap"],"picked":"Conserve Battery","floor":18},{"not_picked":["Coolheaded","Chaos"],"picked":"Defragment","floor":19}],"player_experience":1602958,"relics_obtained":[{"floor":7,"key":"Symbiotic Virus"},{"floor":9,"key":"StrikeDummy"}],"event_choices":[{"damage_healed":0,"gold_gain":0,"player_choice":"Lose Max HP","damage_taken":0,"relics_obtained":["Golden Idol"],"max_hp_gain":0,"max_hp_loss":6,"event_name":"Golden Idol","floor":5,"gold_loss":0},{"damage_healed":0,"gold_gain":0,"player_choice":"Ignored","damage_taken":0,"max_hp_gain":0,"max_hp_loss":0,"event_name":"Shining Light","floor":12,"gold_loss":0},{"damage_healed":0,"gold_gain":0,"player_choice":"Grow","damage_taken":0,"max_hp_gain":0,"max_hp_loss":0,"event_name":"Living Wall","floor":14,"gold_loss":0,"cards_upgraded":["Consume"]},{"cards_removed":["Strike_B"],"damage_healed":0,"gold_gain":0,"player_choice":"Purged","damage_taken":0,"max_hp_gain":0,"max_hp_loss":0,"event_name":"Purifier","floor":20,"gold_loss":0}],"is_beta":false,"boss_relics":[{"not_picked":["SlaversCollar","Ectoplasm"],"picked":"Empty Cage"}],"items_purged_floors":[3],"is_endless":false,"potions_floor_spawned":[4,13,16,18],"killed_by":"Centurion and Healer","ascension_level":11}}