{"host":"prxrhpgaxnj4om9r","time":1613488676,"event":{"mods":["AchievementEnabler","BaseMod","Colored Map","DeckTracker","Minty Spire (QoL Compilation)"],"gold_per_floor":[113,113,38,38,38,71,87,87,141,165,199,225,237,268,280,411,423,456,493,420,467,500,512,152,152,152,152,152,152,152,7,7,131,131,156,156,171,504,516,516,34,34,34,34,66,79,301,301,301,301],"floor_reached":51,"language":"KOR","playtime":1940,"items_purged":["Regret"],"score":852,"play_id":"87086eb0-fc57-46c8-9a0c-8151f0424d85","local_time":"20210217001756","is_ascension_mode":true,"campfire_choices":[{"floor":8,"key":"REST"},{"floor":13,"key":"REST"},{"data":"Demon Form","floor":15,"key":"SMITH"},{"floor":23,"key":"REST"},{"data":"Infernal Blade","floor":25,"key":"SMITH"},{"data":"Feed","floor":29,"key":"SMITH"},{"floor":32,"key":"REST"},{"floor":40,"key":"REST"},{"data":"Madness","floor":44,"key":"SMITH"},{"floor":49,"key":"REST"}],"circlet_count":0,"master_deck":["Bash","Uppercut","Sentinel","Shrug It Off","Fire Breathing","Demon Form+1","Cleave","Power Through","Immolate","Disarm","Battle Trance","Feel No Pain","Blood for Blood","Flex","Flame Barrier","Feed+1","Searing Blow","Carnage","Spot Weakness+1","Fire Breathing","Infernal Blade+1","RitualDagger+1","Limit Break","Cleave+1","Sever Soul+1","Parasite","Second Wind+1","Pummel","Madness","Madness+1"],"relics":["Burning Blood","Juzu Bracelet","Ancient Tea Set","Potion Belt","Boot","Regal Pillow","MawBank","Pandora\u0027s Box","Bag of Preparation","Red Mask","Cauldron","Pen Nib","Sundial","MutagenicStrength","Strawberry","Busted Crown","Bronze Scales","Happy Flower","The Courier","Oddly Smooth Stone","Smiling Mask"],"acts_visited":["Exordium","TheCity","TheBeyond"],"potions_floor_usage":[6,7,21,22,22,33,33,33,33,39,45,50,50],"damage_taken":[{"damage":6,"enemies":"Cultist","floor":1,"turns":3},{"damage":38,"enemies":"3 Sentries","floor":6,"turns":8},{"damage":0,"enemies":"Jaw Worm","floor":7,"turns":1},{"damage":47,"enemies":"Gremlin Nob","floor":11,"turns":6},{"damage":0,"enemies":"Small Slimes","floor":12,"turns":3},{"damage":11,"enemies":"Looter","floor":14,"turns":2},{"damage":30,"enemies":"Hexaghost","floor":16,"turns":9},{"damage":2,"enemies":"Chosen","floor":18,"turns":6},{"damage":27,"enemies":"Shell Parasite","floor":19,"turns":6},{"damage":24,"enemies":"Masked Bandits","floor":21,"turns":4},{"damage":34,"enemies":"Shelled Parasite and Fungi","floor":22,"turns":6},{"damage":67,"enemies":"Collector","floor":33,"turns":8},{"damage":31,"enemies":"3 Darklings","floor":35,"turns":3},{"damage":6,"enemies":"3 Shapes","floor":37,"turns":2},{"damage":22,"enemies":"Writhing Mass","floor":39,"turns":6},{"damage":46,"enemies":"Reptomancer","floor":45,"turns":5},{"damage":40,"enemies":"3 Darklings","floor":46,"turns":5},{"damage":80,"enemies":"Time Eater","floor":50,"turns":9}],"seed_played":"7214510529256006407","potions_obtained":[{"floor":1,"key":"Block Potion"},{"floor":6,"key":"Fire Potion"},{"floor":14,"key":"Block Potion"},{"floor":19,"key":"EssenceOfSteel"},{"floor":21,"key":"Block Potion"},{"floor":24,"key":"SmokeBomb"},{"floor":24,"key":"LiquidMemories"},{"floor":24,"key":"Fire Potion"},{"floor":24,"key":"FearPotion"},{"floor":24,"key":"EssenceOfSteel"},{"floor":37,"key":"DuplicationPotion"},{"floor":45,"key":"CultistPotion"},{"floor":46,"key":"Swift Potion"}],"is_trial":false,"path_per_floor":["M","?","$","?","?","E","M","R","T","T","E","M","R","M","R","B",null,"M","M","?","?","M","R","$","R","T","?","?","R","?","$","R","B",null,"M","?","M","?","M","R","$","?","T","R","E","M","?","T","R","B",null],"character_chosen":"IRONCLAD","items_purchased":["Infernal Blade","Cauldron","Pen Nib","Strawberry","Bronze Scales","Happy Flower","Pummel","Fire Potion","FairyPotion"],"campfire_rested":6,"item_purchase_floors":[24,24,24,31,41,41,41,41,41],"current_hp_per_floor":[80,80,80,80,60,28,34,58,58,58,17,23,62,57,57,33,80,80,62,62,47,22,63,63,63,63,57,57,57,57,64,96,39,100,75,75,79,79,63,104,104,91,91,91,51,17,17,17,63,29],"gold":301,"neow_bonus":"RANDOM_COMMON_RELIC","is_daily":false,"chose_seed":false,"campfire_upgraded":4,"win_rate":0.0,"timestamp":1613488676,"path_taken":["M","?","$","?","?","E","M","R","T","?","E","M","R","M","R","BOSS","M","M","?","?","M","R","$","R","T","?","?","R","?","$","R","BOSS","M","?","M","?","M","R","$","?","T","R","E","M","?","?","R","BOSS"],"items_purchased_type":["Card","Relic","Relic","Relic","Relic","Relic","Card","Potion","Potion"],"build_version":"2020-12-22","purchased_purges":1,"victory":true,"max_hp_per_floor":[80,80,80,80,80,80,80,80,80,80,80,80,80,80,80,80,80,80,83,83,86,89,89,89,89,89,89,89,89,89,96,96,100,100,100,100,104,104,104,104,104,104,104,104,104,104,104,104,104,104],"card_choices":[{"not_picked":["Second Wind","Armaments"],"picked":"Uppercut","floor":1},{"not_picked":["Armaments","Disarm"],"picked":"Shrug It Off","floor":6},{"not_picked":["Clash","Flex"],"picked":"Fire Breathing","floor":7},{"not_picked":["Bloodletting","Evolve"],"picked":"Demon Form","floor":11},{"not_picked":["Anger","Havoc"],"picked":"Cleave","floor":12},{"not_picked":["Uppercut","Headbutt"],"picked":"Power Through","floor":14},{"not_picked":["Brutality","Exhume"],"picked":"Immolate","floor":16},{"not_picked":["Twin Strike+1","Clash"],"picked":"Searing Blow","floor":18},{"not_picked":["Twin Strike","Entrench"],"picked":"Carnage","floor":19},{"not_picked":["Havoc","Armaments"],"picked":"Spot Weakness+1","floor":21},{"not_picked":["Combust","Sentinel"],"picked":"Fire Breathing","floor":22},{"not_picked":["Demon Form","Offering"],"picked":"Limit Break","floor":33},{"not_picked":[],"picked":"Cleave+1","floor":35},{"not_picked":[],"picked":"Sever Soul+1","floor":37},{"not_picked":[],"picked":"Second Wind+1","floor":39},{"not_picked":["Feel No Pain+1"],"picked":"SKIP","floor":45},{"not_picked":["Shrug It Off"],"picked":"SKIP","floor":46}],"player_experience":493559,"relics_obtained":[{"floor":6,"key":"Potion Belt"},{"floor":9,"key":"Boot"},{"floor":10,"key":"Regal Pillow"},{"floor":11,"key":"MawBank"},{"floor":21,"key":"Red Mask"},{"floor":26,"key":"Sundial"},{"floor":43,"key":"The Courier"},{"floor":45,"key":"Oddly Smooth Stone"},{"floor":48,"key":"Smiling Mask"}],"event_choices":[{"damage_healed":0,"gold_gain":0,"player_choice":"Box","damage_taken":0,"relics_obtained":["Ancient Tea Set"],"max_hp_gain":0,"max_hp_loss":0,"event_name":"Big Fish","floor":2,"gold_loss":0,"cards_obtained":["Regret"]},{"damage_healed":0,"gold_gain":0,"cards_transformed":["Defend_R"],"player_choice":"Change","damage_taken":0,"max_hp_gain":0,"max_hp_loss":0,"event_name":"Living Wall","floor":4,"gold_loss":0,"cards_obtained":["Sentinel"]},{"damage_healed":0,"gold_gain":0,"player_choice":"Take Damage","damage_taken":20,"relics_obtained":["Golden Idol"],"max_hp_gain":0,"max_hp_loss":0,"event_name":"Golden Idol","floor":5,"gold_loss":0},{"damage_healed":0,"gold_gain":0,"player_choice":"Obtained Relic","damage_taken":0,"relics_obtained":["Bag of Preparation"],"max_hp_gain":0,"max_hp_loss":0,"event_name":"Addict","floor":20,"gold_loss":85},{"damage_healed":0,"gold_gain":0,"player_choice":"Fought Bandits","damage_taken":0,"max_hp_gain":0,"max_hp_loss":0,"event_name":"Masked Bandits","floor":21,"gold_loss":0},{"damage_healed":0,"gold_gain":0,"player_choice":"Joined the Cult","damage_taken":6,"max_hp_gain":0,"max_hp_loss":0,"event_name":"Nest","floor":27,"gold_loss":0,"cards_obtained":["RitualDagger"]},{"damage_healed":0,"gold_gain":0,"player_choice":"Upgraded","damage_taken":0,"max_hp_gain":0,"max_hp_loss":0,"event_name":"Upgrade Shrine","floor":28,"gold_loss":0,"cards_upgraded":["RitualDagger"]},{"damage_healed":0,"gold_gain":0,"player_choice":"Inject Mutagens","damage_taken":0,"relics_obtained":["MutagenicStrength"],"max_hp_gain":0,"max_hp_loss":0,"event_name":"Drug Dealer","floor":30,"gold_loss":0},{"cards_removed":["Battle Trance"],"damage_healed":0,"gold_gain":0,"player_choice":"Removed Skill","damage_taken":0,"max_hp_gain":0,"max_hp_loss":0,"event_name":"Falling","floor":36,"gold_loss":0},{"damage_healed":0,"gold_gain":333,"player_choice":"Gave Idol","damage_taken":0,"max_hp_gain":0,"max_hp_loss":0,"event_name":"The Moai Head","floor":38,"relics_lost":["Golden Idol"],"gold_loss":0},{"damage_healed":0,"gold_gain":0,"player_choice":"Embrace Madness","damage_taken":13,"max_hp_gain":0,"max_hp_loss":0,"event_name":"Winding Halls","floor":42,"gold_loss":0,"cards_obtained":["Madness","Madness"]},{"damage_healed":0,"gold_gain":222,"player_choice":"Wore Mask","damage_taken":0,"max_hp_gain":0,"max_hp_loss":0,"event_name":"Tomb of Lord Red Mask","floor":47,"gold_loss":0}],"is_beta":false,"boss_relics":[{"not_picked":["Tiny House","Velvet Choker"],"picked":"Pandora\u0027s Box"},{"not_picked":["Coffee Dripper","Astrolabe"],"picked":"Busted Crown"}],"items_purged_floors":[3],"is_endless":false,"potions_floor_spawned":[1,6,14,19,21,37,45,46],"ascension_level":4}}