{"host":"t0r9wuv4zaiwets7","time":1613447167,"event":{"mods":["AchievementEnabler","BaseMod","Bestiary","Colored Map","Colored Powertips","Downfall","Hermit","Highlight Path","Minty Spire (QoL Compilation)","StSLib"],"gold_per_floor":[118,118,129,146,160,160,110,129,153,153,166,190,10,22,22,124,124,143,158,178,178,188,188,118,118,118,144,144,161,161,161],"floor_reached":30,"language":"ENG","playtime":1956,"items_purged":[],"score":224,"play_id":"96a2b81d-79ce-4a95-84f7-ccff03e2c86f","local_time":"20210215194607","is_ascension_mode":false,"campfire_choices":[{"data":"hermit:WideOpen","floor":6.0,"key":"SMITH"},{"data":"hermit:Quickdraw","floor":10.0,"key":"SMITH"},{"data":"hermit:Vantage","floor":15.0,"key":"SMITH"},{"floor":23.0,"key":"REST"},{"floor":25.0,"key":"REST"}],"circlet_count":0,"master_deck":["hermit:Strike_Hermit","hermit:Strike_Hermit","hermit:Defend_Hermit","hermit:Defend_Hermit","hermit:Snapshot","hermit:Covet","Blind","hermit:Quickdraw+1","hermit:WideOpen+1","hermit:Headshot","hermit:TrackingShot","hermit:HighCaliber","hermit:Vantage+1","hermit:CalledShot","hermit:NoHoldsBarred","hermit:OverwhelmingPower","CurseOfTheBell","hermit:Dive+1","hermit:LoneWolf","hermit:FlashPowder+1","hermit:Midnight+1","hermit:BodyArmor+1","hermit:TakeCover","hermit:Roulette+1","hermit:Showdown+1","hermit:Horror","hermit:Gambit","hermit:Feint","hermit:Feint","hermit:Dissolve","hermit:EternalForm","hermit:Dive+1"],"relics":["hermit:Momento","Dream Catcher","Orichalcum","TheAbacus","Calling Bell","MealTicket","StrikeDummy","Prayer Wheel","Blue Candle","Red Mask"],"acts_visited":["Exordium","TheCity"],"potions_floor_usage":[27],"damage_taken":[{"damage":2.0,"enemies":"2 Louse","floor":1.0,"turns":3.0},{"damage":0.0,"enemies":"Cultist","floor":3.0,"turns":3.0},{"damage":2.0,"enemies":"Jaw Worm","floor":4.0,"turns":4.0},{"damage":0.0,"enemies":"Red Slaver","floor":5.0,"turns":2.0},{"damage":0.0,"enemies":"2 Fungi Beasts","floor":8.0,"turns":2.0},{"damage":2.0,"enemies":"Large Slime","floor":11.0,"turns":2.0},{"damage":8.0,"enemies":"Exordium Wildlife","floor":14.0,"turns":2.0},{"damage":35.0,"enemies":"Slime Boss","floor":16.0,"turns":9.0},{"damage":25.0,"enemies":"Spheric Guardian","floor":18.0,"turns":7.0},{"damage":3.0,"enemies":"3 Byrds","floor":19.0,"turns":7.0},{"damage":11.0,"enemies":"Snake Plant","floor":20.0,"turns":4.0},{"damage":52.0,"enemies":"3 Cultists","floor":22.0,"turns":8.0},{"damage":1,"enemies":"Masked Bandits","floor":27,"turns":4},{"damage":15,"enemies":"Cultist and Chosen","floor":29,"turns":5},{"damage":53,"enemies":"Chosen and Byrds","floor":30,"turns":13}],"seed_played":"2337376977758201655","potions_obtained":[{"floor":4.0,"key":"hexamod:SoulburnPotion"},{"floor":5.0,"key":"AttackPotion"},{"floor":8.0,"key":"PowerPotion"},{"floor":14.0,"key":"SkillPotion"},{"floor":18.0,"key":"SpeedPotion"},{"floor":20.0,"key":"sneckomod:MuddlingPotion"},{"floor":27,"key":"Guardian:BlockOnCardUsePotion"}],"is_trial":false,"path_per_floor":["M","?","M","M","M","R","?","M","T","R","M","T","$","M","R","B",null,"M","M","M","?","M","R","$","R","T","?","?","M","M"],"character_chosen":"HERMIT","items_purchased":["TheAbacus","hermit:CalledShot","hermit:Gambit"],"campfire_rested":2,"item_purchase_floors":[13,13,24],"current_hp_per_floor":[73,73,73,71,71,71,71,71,71,71,69,69,69,61,61,26,75,50,47,36,61,9,31,46,68,68,67,67,52,0,0],"gold":161,"neow_bonus":"RANDOM_COLORLESS","is_daily":false,"chose_seed":false,"campfire_upgraded":3,"win_rate":0.0,"timestamp":1613447167,"path_taken":["M","?","?","M","M","R","?","M","T","R","M","?","$","M","R","BOSS","M","M","M","?","M","R","$","R","T","?","?","M","?"],"items_purchased_type":["Relic","Card","Card"],"build_version":"2020-12-22","purchased_purges":0,"victory":false,"max_hp_per_floor":[75,75,75,75,75,75,75,75,75,75,75,75,75,75,75,75,75,75,75,75,75,75,75,75,75,75,75,75,75,75,75],"card_choices":[{"not_picked":["Swift Strike","Forethought"],"picked":"Blind","floor":0.0},{"not_picked":["hermit:Headshot","hermit:FullyLoaded"],"picked":"hermit:Quickdraw","floor":1.0},{"not_picked":["hermit:Brawl","hermit:LowProfile"],"picked":"hermit:WideOpen","floor":3.0},{"not_picked":["hermit:TakeAim","hermit:Malice"],"picked":"hermit:Headshot","floor":4.0},{"not_picked":["hermit:Grudge","hermit:Manifest"],"picked":"hermit:TrackingShot","floor":5.0},{"not_picked":["hermit:GoldenBullet","hermit:Desperado"],"picked":"hermit:HighCaliber","floor":8.0},{"not_picked":["hermit:LowProfile","hermit:ItchyTrigger"],"picked":"hermit:Vantage","floor":11.0},{"not_picked":["hermit:Desperado","hermit:HoleUp"],"picked":"hermit:NoHoldsBarred","floor":14.0},{"not_picked":["hermit:Adapt","hermit:Purgatory"],"picked":"hermit:OverwhelmingPower","floor":16.0},{"not_picked":["hermit:HighCaliber","hermit:FlashPowder"],"picked":"hermit:Dive+1","floor":18.0},{"not_picked":["hermit:Showdown","hermit:Spite+1"],"picked":"hermit:LoneWolf","floor":18.0},{"not_picked":["hermit:HoleUp+1","hermit:Midnight"],"picked":"hermit:FlashPowder+1","floor":19.0},{"not_picked":["hermit:HoleUp+1","hermit:Grudge"],"picked":"hermit:Midnight+1","floor":19.0},{"not_picked":["hermit:WideOpen","hermit:HoleUp"],"picked":"hermit:BodyArmor+1","floor":20.0},{"not_picked":["hermit:Malice","hermit:LowProfile"],"picked":"hermit:TakeCover","floor":20.0},{"not_picked":["hermit:SprayPray","hermit:Coalescence+1"],"picked":"hermit:Roulette+1","floor":22.0},{"not_picked":["hermit:Enervate","hermit:FatalDesire"],"picked":"hermit:Showdown+1","floor":22.0},{"not_picked":["hermit:Scavenge","hermit:Roulette+1"],"picked":"hermit:Horror","floor":23.0},{"not_picked":["hermit:Manifest","hermit:Headshot"],"picked":"hermit:Feint","floor":25.0},{"not_picked":["hermit:HoleUp","hermit:Coalescence"],"picked":"hermit:Feint","floor":27},{"not_picked":["hermit:FinalCanter","hermit:Roulette"],"picked":"hermit:Dive+1","floor":29},{"not_picked":["hermit:Roulette","hermit:TakeCover+1","hermit:WideOpen"],"picked":"SKIP","floor":29}],"player_experience":207133,"relics_obtained":[{"floor":9.0,"key":"Dream Catcher"},{"floor":12.0,"key":"Orichalcum"},{"floor":17.0,"key":"MealTicket"},{"floor":17.0,"key":"StrikeDummy"},{"floor":17.0,"key":"Prayer Wheel"},{"floor":26.0,"key":"Blue Candle"},{"floor":27,"key":"Red Mask"}],"event_choices":[{"cards_removed":["hermit:Strike_Hermit"],"damage_healed":0.0,"max_hp_gain":0.0,"max_hp_loss":0.0,"gold_gain":0.0,"event_name":"Purifier","player_choice":"Purged","floor":2.0,"gold_loss":0.0,"damage_taken":0.0},{"cards_removed":["hermit:Strike_Hermit"],"damage_healed":0.0,"max_hp_gain":0.0,"max_hp_loss":0.0,"gold_gain":0.0,"event_name":"The Cleric","player_choice":"Card Removal","floor":7.0,"gold_loss":50.0,"damage_taken":0.0},{"damage_healed":25.0,"max_hp_gain":0.0,"max_hp_loss":0.0,"gold_gain":0.0,"event_name":"The Library","player_choice":"Heal","floor":21.0,"gold_loss":0.0,"damage_taken":0.0},{"damage_healed":0,"gold_gain":0,"player_choice":"Fought Bandits","damage_taken":0,"max_hp_gain":0,"max_hp_loss":0,"event_name":"Masked Bandits","floor":27,"gold_loss":0},{"damage_healed":0,"gold_gain":0,"cards_transformed":["hermit:Defend_Hermit","hermit:Defend_Hermit"],"player_choice":"Became Test Subject","damage_taken":0,"max_hp_gain":0,"max_hp_loss":0,"event_name":"Drug Dealer","floor":28,"gold_loss":0,"cards_obtained":["hermit:Dissolve","hermit:EternalForm"]}],"is_beta":false,"boss_relics":[{"not_picked":["Velvet Choker","Runic Pyramid"],"picked":"Calling Bell"}],"items_purged_floors":[],"is_endless":false,"potions_floor_spawned":[4,5,8,14,18,20,27],"killed_by":"Chosen and Byrds","ascension_level":0}}