{"host":"lly094a91h6n5nv5","time":1613458923,"event":{"mods":["AchievementEnabler","BaseMod","Block Reminder","Colored Map","Minty Spire (QoL Compilation)","Permanent Neow"],"gold_per_floor":[112,128,228,245,320,346,346,378,427,462,480,492,492,71,71,176,176,176,51,51,51,6,6,6,6,6,6,6,6,6,6,6,6,6,6,6,6,6,6,6,6,6,6,6,6,6,6,6,6,6],"floor_reached":51,"language":"ENG","playtime":4511,"items_purged":["Defend_R"],"score":1276,"play_id":"7462d1ab-88bd-4dfe-a8eb-f615112bba85","local_time":"20210216010203","is_ascension_mode":true,"campfire_choices":[{"data":"Barricade","floor":7.0,"key":"SMITH"},{"data":"Rage","floor":15.0,"key":"SMITH"},{"data":"Exhume","floor":24.0,"key":"SMITH"},{"data":"Feel No Pain","floor":30.0,"key":"SMITH"},{"data":"Body Slam","floor":32.0,"key":"SMITH"},{"data":"Feel No Pain","floor":41,"key":"SMITH"},{"data":"Shockwave","floor":49,"key":"SMITH"}],"circlet_count":0,"master_deck":["AscendersBane","Strike_R","Strike_R","Strike_R","Strike_R","Strike_R","Defend_R","Defend_R","Defend_R","Bash","Pommel Strike","Rage+1","Barricade+1","Exhume+1","Shrug It Off","Feel No Pain+1","Feel No Pain+1","Warcry","Immolate","Spot Weakness+1","Warcry","RitualDagger","Clothesline","Battle Trance+1","Body Slam+1","Reaper","Pommel Strike+1","Burning Pact+1","Headbutt+1","Shrug It Off+1","Sentinel+1","Shockwave+1"],"relics":["Burning Blood","NeowsBlessing","Matryoshka","Ancient Tea Set","Bag of Preparation","Bag of Marbles","Pantograph","Omamori","StrikeDummy","Oddly Smooth Stone","ClockworkSouvenir","Ectoplasm","Enchiridion","PreservedInsect","Lantern","Sundial","Ginger","Calling Bell","Kunai","Torii","War Paint","Meat on the Bone","Bottled Lightning","Anchor","Darkstone Periapt"],"acts_visited":["Exordium","TheCity","TheBeyond"],"potions_floor_usage":[40,50,50,50],"damage_taken":[{"damage":0.0,"enemies":"Cultist","floor":1.0,"turns":1.0},{"damage":0.0,"enemies":"Small Slimes","floor":2.0,"turns":1.0},{"damage":0.0,"enemies":"Jaw Worm","floor":4.0,"turns":1.0},{"damage":16.0,"enemies":"Gremlin Nob","floor":6.0,"turns":4.0},{"damage":39.0,"enemies":"Lagavulin","floor":8.0,"turns":8.0},{"damage":20.0,"enemies":"Gremlin Nob","floor":10.0,"turns":4.0},{"damage":15.0,"enemies":"Exordium Wildlife","floor":11.0,"turns":7.0},{"damage":1.0,"enemies":"Looter","floor":12.0,"turns":4.0},{"damage":29.0,"enemies":"The Guardian","floor":16.0,"turns":18.0},{"damage":8.0,"enemies":"Shell Parasite","floor":18.0,"turns":6.0},{"damage":21.0,"enemies":"2 Thieves","floor":22.0,"turns":4.0},{"damage":14.0,"enemies":"Gremlin Leader","floor":23.0,"turns":9.0},{"damage":0.0,"enemies":"Shelled Parasite and Fungi","floor":27.0,"turns":7.0},{"damage":6.0,"enemies":"Centurion and Healer","floor":28.0,"turns":5.0},{"damage":25.0,"enemies":"Book of Stabbing","floor":29.0,"turns":5.0},{"damage":0.0,"enemies":"Sentry and Sphere","floor":31.0,"turns":5.0},{"damage":47.0,"enemies":"Champ","floor":33.0,"turns":12.0},{"damage":2.0,"enemies":"3 Shapes","floor":35.0,"turns":8.0},{"damage":15.0,"enemies":"3 Darklings","floor":37.0,"turns":5.0},{"damage":27.0,"enemies":"Writhing Mass","floor":38.0,"turns":9.0},{"damage":15,"enemies":"Reptomancer","floor":40,"turns":5},{"damage":0,"enemies":"Sphere and 2 Shapes","floor":44,"turns":3},{"damage":0,"enemies":"Nemesis","floor":45,"turns":3},{"damage":0,"enemies":"Spire Growth","floor":46,"turns":1},{"damage":6,"enemies":"3 Darklings","floor":48,"turns":6},{"damage":0,"enemies":"Donu and Deca","floor":50,"turns":7}],"seed_played":"4905197557748333089","potions_obtained":[{"floor":1.0,"key":"Fire Potion"},{"floor":4.0,"key":"Strength Potion"},{"floor":6.0,"key":"FairyPotion"},{"floor":10.0,"key":"SpeedPotion"},{"floor":12.0,"key":"Regen Potion"},{"floor":16.0,"key":"Weak Potion"},{"floor":18.0,"key":"PowerPotion"},{"floor":29.0,"key":"PowerPotion"},{"floor":45,"key":"BlessingOfTheForge"},{"floor":48,"key":"Ancient Potion"}],"is_trial":false,"path_per_floor":["M","M","?","M","?","E","R","E","T","E","M","M","T","$","R","B",null,"M","$","?","?","M","E","R","T","T","M","M","E","R","M","R","B",null,"M","?","M","M","T","E","R","?","T","M","E","M","$","M","R","B",null],"character_chosen":"IRONCLAD","items_purchased":["Feel No Pain","Oddly Smooth Stone","Warcry","ClockworkSouvenir","Warcry"],"campfire_rested":0,"item_purchase_floors":[14,14,14,14,19],"current_hp_per_floor":[78,80,80,80,69,59,59,26,26,12,30,35,35,35,35,37,69,80,80,74,58,43,35,35,35,35,41,41,22,22,28,28,12,63,67,67,76,63,63,67,67,67,67,76,76,76,76,76,76,76],"gold":6,"neow_bonus":"THREE_ENEMY_KILL","is_daily":false,"chose_seed":false,"campfire_upgraded":7,"win_rate":0.0,"timestamp":1613458923,"path_taken":["M","?","?","?","?","E","R","E","T","E","M","M","?","$","R","BOSS","M","$","?","?","M","E","R","?","T","M","M","E","R","M","R","BOSS","M","?","M","M","?","E","R","?","T","?","E","M","$","M","R","BOSS"],"items_purchased_type":["Card","Relic","Card","Relic","Card"],"build_version":"2020-12-22","purchased_purges":1,"victory":true,"max_hp_per_floor":[80,80,80,80,80,80,80,80,80,80,80,80,80,80,80,80,80,80,80,80,80,80,80,80,80,80,80,80,80,80,80,80,80,80,80,76,76,76,76,76,76,76,76,76,76,76,76,76,76,76],"card_choices":[{"not_picked":["Blood for Blood","Thunderclap","Dropkick"],"picked":"SKIP","floor":1.0},{"not_picked":["Sword Boomerang","Armaments"],"picked":"Pommel Strike","floor":2.0},{"not_picked":["Flex","Thunderclap"],"picked":"Rage","floor":4.0},{"not_picked":["Flex","Cleave"],"picked":"Barricade","floor":6.0},{"not_picked":["Blood for Blood","Dual Wield","Sword Boomerang"],"picked":"SKIP","floor":8.0},{"not_picked":["Combust","Armaments"],"picked":"Exhume","floor":10.0},{"not_picked":["Headbutt","Seeing Red"],"picked":"Shrug It Off","floor":11.0},{"not_picked":["Thunderclap","Headbutt"],"picked":"Feel No Pain","floor":12.0},{"not_picked":["Demon Form","Bludgeon"],"picked":"Immolate","floor":16.0},{"not_picked":["Sever Soul","Thunderclap"],"picked":"Spot Weakness","floor":18.0},{"not_picked":["Headbutt","Thunderclap"],"picked":"Cleave","floor":22.0},{"not_picked":["Sword Boomerang","Flex","Berserk"],"picked":"SKIP","floor":23.0},{"not_picked":["Battle Trance","Metallicize"],"picked":"Clothesline","floor":27.0},{"not_picked":["Body Slam","Heavy Blade"],"picked":"Battle Trance","floor":28.0},{"not_picked":["Cleave+1","Clothesline+1","Perfected Strike"],"picked":"SKIP","floor":29.0},{"not_picked":["Pommel Strike","Twin Strike"],"picked":"Body Slam","floor":31.0},{"not_picked":["Berserk","Brutality"],"picked":"Reaper","floor":33.0},{"not_picked":["Havoc","Armaments+1"],"picked":"Pommel Strike+1","floor":35.0},{"not_picked":["Heavy Blade","Clash","Second Wind+1"],"picked":"SKIP","floor":37.0},{"not_picked":["Pommel Strike+1","Havoc+1"],"picked":"Burning Pact+1","floor":38.0},{"not_picked":["Thunderclap+1","Blood for Blood"],"picked":"Headbutt+1","floor":40},{"not_picked":["Blood for Blood","Pummel+1"],"picked":"Shrug It Off+1","floor":44},{"not_picked":["Reaper","Pommel Strike"],"picked":"Sentinel+1","floor":45},{"not_picked":["Carnage","Havoc","Armaments+1"],"picked":"SKIP","floor":46},{"not_picked":["Havoc","Twin Strike"],"picked":"Shockwave","floor":48}],"player_experience":253557,"relics_obtained":[{"floor":6.0,"key":"Matryoshka"},{"floor":8.0,"key":"Ancient Tea Set"},{"floor":9.0,"key":"Bag of Preparation"},{"floor":9.0,"key":"Bag of Marbles"},{"floor":10.0,"key":"Pantograph"},{"floor":13.0,"key":"Omamori"},{"floor":13.0,"key":"StrikeDummy"},{"floor":21.0,"key":"Enchiridion"},{"floor":23.0,"key":"PreservedInsect"},{"floor":25.0,"key":"Lantern"},{"floor":26.0,"key":"Sundial"},{"floor":29.0,"key":"Ginger"},{"floor":34.0,"key":"Kunai"},{"floor":34.0,"key":"Torii"},{"floor":34.0,"key":"War Paint"},{"floor":39.0,"key":"Meat on the Bone"},{"floor":40,"key":"Bottled Lightning"},{"floor":43,"key":"Anchor"},{"floor":45,"key":"Darkstone Periapt"}],"event_choices":[{"damage_healed":0.0,"max_hp_gain":0.0,"max_hp_loss":0.0,"gold_gain":100.0,"event_name":"Golden Shrine","player_choice":"Pray","floor":3.0,"gold_loss":0.0,"damage_taken":0.0},{"damage_healed":0.0,"max_hp_gain":0.0,"max_hp_loss":0.0,"gold_gain":75.0,"event_name":"World of Goop","player_choice":"Gather Gold","floor":5.0,"gold_loss":0.0,"damage_taken":11.0},{"damage_healed":0.0,"max_hp_gain":0.0,"max_hp_loss":0.0,"gold_gain":0.0,"event_name":"Nest","player_choice":"Joined the Cult","floor":20.0,"gold_loss":0.0,"damage_taken":6.0,"cards_obtained":["RitualDagger"]},{"damage_healed":0.0,"max_hp_gain":0.0,"max_hp_loss":0.0,"gold_gain":0.0,"event_name":"Cursed Tome","player_choice":"Obtained Book","floor":21.0,"gold_loss":0.0,"damage_taken":16.0},{"damage_healed":0.0,"max_hp_gain":0.0,"max_hp_loss":4.0,"gold_gain":0.0,"event_name":"Winding Halls","player_choice":"Max HP","floor":36.0,"gold_loss":0.0,"damage_taken":0.0},{"cards_removed":["Cleave"],"damage_healed":0,"gold_gain":0,"player_choice":"Removed Attack","damage_taken":0,"max_hp_gain":0,"max_hp_loss":0,"event_name":"Falling","floor":42,"gold_loss":0}],"is_beta":false,"boss_relics":[{"not_picked":["SlaversCollar","Fusion Hammer"],"picked":"Ectoplasm"},{"not_picked":["Pandora\u0027s Box","Black Blood"],"picked":"Calling Bell"}],"items_purged_floors":[19],"is_endless":false,"potions_floor_spawned":[1,4,6,10,12,16,18,29,31,35,38,45,48],"ascension_level":10}}