{"host":"kg61lsvem4dxoat8","time":1613492366,"event":{"mods":["AchievementEnabler","BaseMod","Better Altar","Better Match","Better Sensory Stone","Better Skull","Block Reminder","Highlight Path","Minty Spire (QoL Compilation)","Quick Restart","Rare Cards Sparkle","Relic Sorter","Relic Stats","StSLib","Synergy Search","slay the spire mod where everything is the same but ironclad has a cowboy hat"],"gold_per_floor":[112,112,112,130,16,51,51,1,1,14,40,40,40,70,70,170,170,182,107,139,9,9,29,29,43,69,101,101,115,131,147,147,246,246,263,263,263,263,6,40,40,54,77,77,77,103,3,34,34,34],"floor_reached":51,"language":"ENG","playtime":1686,"items_purged":["Strike_R","Strike_R"],"score":1201,"play_id":"b31fc590-6208-436e-baf6-4a8eef1ed754","local_time":"20210217001926","is_ascension_mode":true,"campfire_choices":[{"data":"Uppercut","floor":7.0,"key":"SMITH"},{"data":"True Grit","floor":13.0,"key":"SMITH"},{"data":"Pommel Strike","floor":15.0,"key":"SMITH"},{"data":"Shrug It Off","floor":24.0,"key":"SMITH"},{"data":"Shrug It Off","floor":28.0,"key":"SMITH"},{"data":"Entrench","floor":32.0,"key":"SMITH"},{"floor":41,"key":"REST"},{"floor":45,"key":"REST"},{"floor":49,"key":"REST"}],"circlet_count":0,"master_deck":["AscendersBane","Strike_R+1","Defend_R","Defend_R","Defend_R+1","Uppercut+1","Metallicize+1","True Grit+1","Pommel Strike+1","Juggernaut+1","Shrug It Off+1","Flash of Steel","Shrug It Off+1","Shrug It Off+1","Entrench+1","CurseOfTheBell","Iron Wave+1","Dropkick","Metallicize+1"],"relics":["Burning Blood","NeowsBlessing","Juzu Bracelet","Pear","Akabeko","Frozen Egg 2","Velvet Choker","Red Mask","Anchor","Oddly Smooth Stone","Calling Bell","Regal Pillow","Self Forming Clay","Unceasing Top","Ornamental Fan","Bottled Tornado","Dream Catcher","Ancient Tea Set","Potion Belt","Pen Nib"],"acts_visited":["Exordium","TheCity","TheBeyond"],"potions_floor_usage":[46,50],"damage_taken":[{"damage":0.0,"enemies":"Jaw Worm","floor":1.0,"turns":1.0},{"damage":0.0,"enemies":"2 Louse","floor":4.0,"turns":1.0},{"damage":0.0,"enemies":"Gremlin Nob","floor":6.0,"turns":1.0},{"damage":0.0,"enemies":"Cultist","floor":10.0,"turns":3.0},{"damage":16.0,"enemies":"3 Sentries","floor":11.0,"turns":9.0},{"damage":17.0,"enemies":"Gremlin Nob","floor":14.0,"turns":4.0},{"damage":25.0,"enemies":"The Guardian","floor":16.0,"turns":14.0},{"damage":2.0,"enemies":"Chosen","floor":18.0,"turns":4.0},{"damage":30.0,"enemies":"Masked Bandits","floor":20.0,"turns":5.0},{"damage":16.0,"enemies":"2 Thieves","floor":23.0,"turns":4.0},{"damage":4.0,"enemies":"Shelled Parasite and Fungi","floor":25.0,"turns":5.0},{"damage":2.0,"enemies":"Book of Stabbing","floor":27.0,"turns":5.0},{"damage":0.0,"enemies":"Snecko","floor":29.0,"turns":3.0},{"damage":0.0,"enemies":"Centurion and Healer","floor":30.0,"turns":6.0},{"damage":0.0,"enemies":"Snake Plant","floor":31.0,"turns":5.0},{"damage":40.0,"enemies":"Champ","floor":33.0,"turns":14.0},{"damage":0,"enemies":"3 Shapes","floor":35,"turns":6},{"damage":39,"enemies":"Reptomancer","floor":40,"turns":8},{"damage":0,"enemies":"Orb Walker","floor":42,"turns":3},{"damage":0,"enemies":"Nemesis","floor":46,"turns":7},{"damage":47,"enemies":"Reptomancer","floor":48,"turns":8},{"damage":38,"enemies":"Awakened One","floor":50,"turns":20}],"seed_played":"-7883926250992110157","potions_obtained":[{"floor":6.0,"key":"AttackPotion"},{"floor":10.0,"key":"AttackPotion"},{"floor":11.0,"key":"Fire Potion"},{"floor":18.0,"key":"SteroidPotion"},{"floor":23.0,"key":"Weak Potion"},{"floor":25.0,"key":"FearPotion"},{"floor":27.0,"key":"Explosive Potion"},{"floor":42,"key":"EssenceOfSteel"},{"floor":48,"key":"Energy Potion"}],"is_trial":false,"path_per_floor":["M","?","?","M","$","E","R","?","T","M","E","$","R","E","R","B",null,"M","?","?","$","?","M","R","M","T","E","R","M","M","M","R","B",null,"M","?","?","?","$","E","R","M","T","?","R","E","$","E","R","B",null],"character_chosen":"IRONCLAD","items_purchased":["Metallicize","Juggernaut+1","Shrug It Off","Bottled Tornado"],"campfire_rested":3,"item_purchase_floors":[5,21,21,39],"current_hp_per_floor":[78,62,62,68,68,74,74,74,84,90,80,80,80,69,69,50,80,84,84,60,60,60,50,50,52,52,56,56,62,68,74,74,40,78,84,84,84,84,84,51,90,90,90,90,90,90,90,49,90,58],"gold":34,"neow_bonus":"THREE_ENEMY_KILL","is_daily":false,"chose_seed":false,"campfire_upgraded":6,"win_rate":0.0,"timestamp":1613492366,"path_taken":["M","?","?","?","?","E","R","?","T","M","E","$","R","E","R","BOSS","M","?","?","$","?","M","R","M","T","E","R","M","M","M","R","BOSS","M","?","?","?","$","E","R","M","T","?","R","E","$","E","R","BOSS"],"items_purchased_type":["Card","Card","Card","Relic"],"build_version":"2020-12-22","purchased_purges":2,"victory":true,"max_hp_per_floor":[80,80,80,80,80,80,80,80,90,90,90,90,90,90,90,90,90,90,90,90,90,90,90,90,90,90,90,90,90,90,90,90,90,90,90,90,90,90,90,90,90,90,90,90,90,90,90,90,90,90],"relic_stats":{"Regal Pillow":26,"Dream Catcher":3,"counters":[22,136],"Self Forming Clay":[42],"Ornamental Fan":[20],"Pen Nib":[4],"Juzu Bracelet":1,"obtain_stats":[{"Potion Belt":46,"Regal Pillow":34,"Pear":9,"NeowsBlessing":0,"Self Forming Clay":34,"Velvet Choker":17,"Oddly Smooth Stone":27,"Pen Nib":48,"Juzu Bracelet":6,"Frozen Egg 2":14,"Bottled Tornado":39,"Ancient Tea Set":43,"Burning Blood":0,"Akabeko":11,"Calling Bell":34,"Anchor":26,"Dream Catcher":40,"Ornamental Fan":38,"Red Mask":20,"Unceasing Top":34},{"Potion Belt":20,"Regal Pillow":16,"Pear":3,"NeowsBlessing":0,"Self Forming Clay":16,"Velvet Choker":7,"Oddly Smooth Stone":12,"Pen Nib":21,"Juzu Bracelet":3,"Frozen Egg 2":6,"Bottled Tornado":17,"Ancient Tea Set":19,"Burning Blood":0,"Akabeko":5,"Calling Bell":16,"Anchor":11,"Dream Catcher":18,"Ornamental Fan":17,"Red Mask":9,"Unceasing Top":16},{"Potion Belt":108,"Regal Pillow":84,"Pear":3,"NeowsBlessing":0,"Self Forming Clay":84,"Velvet Choker":33,"Oddly Smooth Stone":56,"Pen Nib":116,"Juzu Bracelet":3,"Frozen Egg 2":19,"Bottled Tornado":90,"Ancient Tea Set":101,"Burning Blood":0,"Akabeko":15,"Calling Bell":84,"Anchor":51,"Dream Catcher":98,"Ornamental Fan":90,"Red Mask":42,"Unceasing Top":84}],"Burning Blood":120,"Unceasing Top":[2]},"card_choices":[{"not_picked":["Perfected Strike","Intimidate","Warcry"],"picked":"SKIP","floor":1.0},{"not_picked":["Warcry","Perfected Strike"],"picked":"Uppercut","floor":4.0},{"not_picked":["Cleave","Evolve","Searing Blow"],"picked":"SKIP","floor":6.0},{"not_picked":["Clash","Sword Boomerang"],"picked":"True Grit","floor":10.0},{"not_picked":["Havoc","Bloodletting","Impervious"],"picked":"SKIP","floor":11.0},{"not_picked":["Body Slam","Wild Strike"],"picked":"Pommel Strike","floor":14.0},{"not_picked":["Pommel Strike+1","Perfected Strike","Warcry"],"picked":"SKIP","floor":18.0},{"not_picked":["Trip","Discovery"],"picked":"Flash of Steel","floor":22.0},{"not_picked":["Flex","Sword Boomerang"],"picked":"Shrug It Off","floor":23.0},{"not_picked":["Twin Strike+1","Perfected Strike","Wild Strike"],"picked":"SKIP","floor":25.0},{"not_picked":["Fiend Fire","Pommel Strike+1","Battle Trance"],"picked":"SKIP","floor":27.0},{"not_picked":["Perfected Strike+1","Ghostly Armor"],"picked":"Shrug It Off+1","floor":29.0},{"not_picked":["Infernal Blade","Thunderclap"],"picked":"Entrench","floor":30.0},{"not_picked":["Havoc+1","Evolve+1","Rampage"],"picked":"SKIP","floor":31.0},{"not_picked":["Clash","Thunderclap+1"],"picked":"Iron Wave+1","floor":35},{"not_picked":["Demon Form+1","Immolate","Clothesline+1"],"picked":"SKIP","floor":40},{"not_picked":["Perfected Strike","Sword Boomerang+1","Warcry"],"picked":"SKIP","floor":42},{"not_picked":["Power Through+1","Shrug It Off+1","Warcry"],"picked":"SKIP","floor":46},{"not_picked":["Flex+1","Inflame+1"],"picked":"Dropkick","floor":48},{"not_picked":["Immolate","Warcry"],"picked":"Metallicize+1","floor":49}],"player_experience":1550040,"relics_obtained":[{"floor":6.0,"key":"Juzu Bracelet"},{"floor":9.0,"key":"Pear"},{"floor":11.0,"key":"Akabeko"},{"floor":14.0,"key":"Frozen Egg 2"},{"floor":20.0,"key":"Red Mask"},{"floor":26.0,"key":"Anchor"},{"floor":27.0,"key":"Oddly Smooth Stone"},{"floor":34.0,"key":"Regal Pillow"},{"floor":34.0,"key":"Self Forming Clay"},{"floor":34.0,"key":"Unceasing Top"},{"floor":40,"key":"Dream Catcher"},{"floor":43,"key":"Ancient Tea Set"},{"floor":46,"key":"Potion Belt"},{"floor":48,"key":"Pen Nib"}],"event_choices":[{"damage_healed":0.0,"max_hp_gain":0.0,"max_hp_loss":0.0,"gold_gain":0.0,"event_name":"Shining Light","player_choice":"Entered Light","floor":2.0,"gold_loss":0.0,"damage_taken":16.0,"cards_upgraded":["Defend_R","Strike_R"]},{"cards_removed":["Strike_R"],"damage_healed":0.0,"max_hp_gain":0.0,"max_hp_loss":0.0,"gold_gain":0.0,"event_name":"Bonfire Elementals","player_choice":"Offered Basic","floor":3.0,"gold_loss":0.0,"damage_taken":0.0},{"cards_removed":["Strike_R"],"damage_healed":0.0,"max_hp_gain":0.0,"max_hp_loss":0.0,"gold_gain":0.0,"event_name":"The Cleric","player_choice":"Card Removal","floor":8.0,"gold_loss":50.0,"damage_taken":0.0},{"cards_removed":["Bash"],"damage_healed":0.0,"max_hp_gain":0.0,"max_hp_loss":0.0,"gold_gain":0.0,"event_name":"Beggar","player_choice":"Gave Gold","floor":19.0,"gold_loss":75.0,"damage_taken":0.0},{"damage_healed":0.0,"max_hp_gain":0.0,"max_hp_loss":0.0,"gold_gain":0.0,"event_name":"Masked Bandits","player_choice":"Fought Bandits","floor":20.0,"gold_loss":0.0,"damage_taken":0.0},{"damage_healed":0.0,"max_hp_gain":0.0,"max_hp_loss":0.0,"gold_gain":2.0,"event_name":"betterStone:BetterStone","player_choice":"1","floor":22.0,"gold_loss":0.0,"damage_taken":0.0},{"damage_healed":0,"gold_gain":0,"player_choice":"Ignored","damage_taken":0,"max_hp_gain":0,"max_hp_loss":0,"event_name":"Mysterious Sphere","floor":36,"gold_loss":0},{"cards_removed":["Defend_R"],"damage_healed":0,"gold_gain":0,"player_choice":"Removed Skill","damage_taken":0,"max_hp_gain":0,"max_hp_loss":0,"event_name":"Falling","floor":37,"gold_loss":0},{"damage_healed":0,"gold_gain":0,"player_choice":"Gave Potion","damage_taken":0,"relics_obtained":["Ornamental Fan"],"max_hp_gain":0,"max_hp_loss":0,"event_name":"WeMeetAgain","floor":38,"gold_loss":0},{"damage_healed":0,"gold_gain":0,"player_choice":"Forge","damage_taken":0,"max_hp_gain":0,"max_hp_loss":0,"event_name":"Accursed Blacksmith","floor":44,"gold_loss":0,"cards_upgraded":["Metallicize"]}],"is_beta":false,"boss_relics":[{"not_picked":["Busted Crown","Cursed Key"],"picked":"Velvet Choker"},{"not_picked":["Astrolabe","Black Blood"],"picked":"Calling Bell"}],"items_purged_floors":[5,47],"is_endless":false,"potions_floor_spawned":[6,10,11,18,23,25,27,42,48],"ascension_level":10}}