{"host":"89iuq2p5kwriuwfq","time":1613495215,"event":{"mods":["BaseMod","Curses Come First","Minty Spire (QoL Compilation)","Permanent Neow","StSLib"],"gold_per_floor":[112,112,130,130,150,177,177,209,235,9,9,36,36,50,50,50,50],"floor_reached":16,"language":"ENG","playtime":728,"items_purged":[],"score":189,"play_id":"b097ad23-f69a-4e30-aaf8-0a8c95fe80e5","local_time":"20210216170655","is_ascension_mode":true,"campfire_choices":[{"data":"Bash","floor":7.0,"key":"SMITH"},{"floor":11.0,"key":"REST"},{"floor":13.0,"key":"REST"},{"data":"Corruption","floor":15.0,"key":"SMITH"}],"circlet_count":0,"master_deck":["AscendersBane","Strike_R","Strike_R","Strike_R","Strike_R","Strike_R","Defend_R","Defend_R+1","Defend_R+1","Defend_R","Bash+1","Anger","Headbutt","Clothesline","Dropkick","Reaper","Metallicize","Corruption+1","Rage"],"relics":["Black Star","Potion Belt","Nunchaku","Question Card","Darkstone Periapt","Tiny Chest","OrangePellets","Dead Branch","Centennial Puzzle"],"acts_visited":["Exordium"],"potions_floor_usage":[],"damage_taken":[{"damage":11.0,"enemies":"Jaw Worm","floor":1.0,"turns":4.0},{"damage":0.0,"enemies":"2 Louse","floor":3.0,"turns":3.0},{"damage":0.0,"enemies":"Cultist","floor":5.0,"turns":3.0},{"damage":25.0,"enemies":"Gremlin Nob","floor":6.0,"turns":4.0},{"damage":14.0,"enemies":"Lagavulin","floor":8.0,"turns":6.0},{"damage":30.0,"enemies":"3 Sentries","floor":12.0,"turns":9.0},{"damage":15.0,"enemies":"Exordium Wildlife","floor":14.0,"turns":3.0},{"damage":29,"enemies":"The Guardian","floor":16,"turns":6}],"seed_played":"-3871987407740553363","potions_obtained":[{"floor":3.0,"key":"BlessingOfTheForge"},{"floor":5.0,"key":"SkillPotion"},{"floor":8.0,"key":"LiquidMemories"}],"is_trial":false,"path_per_floor":["M","?","M","?","M","E","R","E","T","$","R","E","R","M","R","B"],"character_chosen":"IRONCLAD","items_purchased":["Metallicize","OrangePellets"],"campfire_rested":2,"item_purchase_floors":[10,10],"current_hp_per_floor":[61,45,45,45,45,20,20,6,6,6,30,12,36,29,29,0,0],"gold":50,"neow_bonus":"BOSS_RELIC","is_daily":false,"chose_seed":false,"campfire_upgraded":2,"win_rate":0.0,"timestamp":1613495215,"path_taken":["M","?","M","?","M","E","R","E","T","$","R","E","R","M","R","BOSS"],"items_purchased_type":["Card","Relic"],"build_version":"2020-12-22","purchased_purges":0,"victory":false,"max_hp_per_floor":[80,80,80,80,80,80,80,80,80,80,80,80,80,80,80,80,80],"card_choices":[{"not_picked":["Flex","Armaments"],"picked":"Anger","floor":1.0},{"not_picked":["Heavy Blade","Clash"],"picked":"Headbutt","floor":3.0},{"not_picked":["Seeing Red","Perfected Strike"],"picked":"Clothesline","floor":5.0},{"not_picked":["Sword Boomerang","Blood for Blood"],"picked":"Dropkick","floor":6.0},{"not_picked":["Clothesline","Heavy Blade"],"picked":"Reaper","floor":8.0},{"not_picked":["Battle Trance","Blood for Blood","Iron Wave"],"picked":"Corruption","floor":12.0},{"not_picked":["Sword Boomerang","Wild Strike","Clash"],"picked":"Rage","floor":14.0}],"player_experience":700519,"relics_obtained":[{"floor":6.0,"key":"Potion Belt"},{"floor":6.0,"key":"Nunchaku"},{"floor":8.0,"key":"Question Card"},{"floor":8.0,"key":"Darkstone Periapt"},{"floor":9.0,"key":"Tiny Chest"},{"floor":12.0,"key":"Dead Branch"},{"floor":12.0,"key":"Centennial Puzzle"}],"event_choices":[{"damage_healed":0.0,"max_hp_gain":0.0,"max_hp_loss":0.0,"gold_gain":0.0,"event_name":"Shining Light","player_choice":"Entered Light","floor":2.0,"gold_loss":0.0,"damage_taken":16.0,"cards_upgraded":["Defend_R","Defend_R"]},{"damage_healed":0.0,"max_hp_gain":0.0,"max_hp_loss":0.0,"gold_gain":0.0,"event_name":"Golden Wing","player_choice":"Ignored","floor":4.0,"gold_loss":0.0,"damage_taken":0.0}],"is_beta":false,"boss_relics":[],"items_purged_floors":[],"is_endless":false,"potions_floor_spawned":[3,5,8],"killed_by":"The Guardian","ascension_level":12}}