{"host":"m0bekkrd201b63ug","time":1613495468,"event":{"mods":["AchievementEnabler","BaseMod","Colored Powertips","Highlight Path","Minty Spire (QoL Compilation)","Rare Cards Sparkle","StSLib","SuperFastMode","everything is the same but u backflip on backflip","slay the spire mod where everything is the same but ironclad has a cowboy hat"],"gold_per_floor":[219,128,203,203,4,39,39,72,72,72,72,72,102,131,131,228,228,241,259,276,72,72,98,98,131,208,240,255,255,255],"floor_reached":29,"language":"ENG","playtime":1096,"items_purged":["Strike_B"],"score":385,"play_id":"833f9528-97e6-42e8-8c6a-830f862b67b0","local_time":"20210216151108","is_ascension_mode":true,"campfire_choices":[{"floor":7.0,"key":"REST"},{"data":"Defragment","floor":10.0,"key":"SMITH"},{"floor":12.0,"key":"REST"},{"data":"Cold Snap","floor":15.0,"key":"SMITH"}],"circlet_count":0,"master_deck":["Strike_B","Strike_B+1","Strike_B","Defend_B","Defend_B+1","Defend_B","Defend_B","Zap","Dualcast","Cold Snap","Defragment+1","Sweeping Beam","Cold Snap+1","Seek","Streamline+1","Buffer","Leap","Cold Snap","BootSequence"],"relics":["Cracked Core","Akabeko","Singing Bowl","Bottled Tornado","Kunai","Toy Ornithopter","SlaversCollar","MutagenicStrength","Bottled Flame","Sundial","HornCleat","Red Mask"],"acts_visited":["Exordium","TheCity"],"potions_floor_usage":[20,23,23,27],"damage_taken":[{"damage":2.0,"enemies":"2 Louse","floor":1.0,"turns":2.0},{"damage":29.0,"enemies":"Lagavulin","floor":6.0,"turns":6.0},{"damage":23.0,"enemies":"Gremlin Nob","floor":8.0,"turns":4.0},{"damage":2.0,"enemies":"Lagavulin","floor":14.0,"turns":8.0},{"damage":12.0,"enemies":"The Guardian","floor":16.0,"turns":14.0},{"damage":0.0,"enemies":"Spheric Guardian","floor":18.0,"turns":4.0},{"damage":11.0,"enemies":"3 Byrds","floor":19.0,"turns":6.0},{"damage":35,"enemies":"Shelled Parasite and Fungi","floor":20,"turns":8},{"damage":32,"enemies":"Book of Stabbing","floor":23,"turns":8},{"damage":24,"enemies":"Slavers","floor":25,"turns":8},{"damage":6,"enemies":"Masked Bandits","floor":27,"turns":4},{"damage":0,"enemies":"Centurion and Healer","floor":28,"turns":14},{"damage":20,"enemies":"3 Cultists","floor":29,"turns":4}],"seed_played":"8214367283105062158","potions_obtained":[{"floor":1.0,"key":"FocusPotion"},{"floor":6.0,"key":"BlessingOfTheForge"},{"floor":8.0,"key":"AttackPotion"},{"floor":20,"key":"FocusPotion"},{"floor":27,"key":"BlessingOfTheForge"},{"floor":28,"key":"FocusPotion"}],"is_trial":false,"path_per_floor":["M","$","?","?","$","E","R","E","T","R","?","R","?","E","R","B",null,"M","M","M","$","?","E","?","E","T","?","M","M"],"character_chosen":"DEFECT","items_purchased":["Cold Snap","Defragment","Sweeping Beam","Akabeko","Buffer","Leap"],"campfire_rested":2,"item_purchase_floors":[2,2,5,5,21,21],"current_hp_per_floor":[66,66,55,55,55,28,51,28,28,28,13,36,36,36,36,24,65,67,56,28,28,28,6,33,9,9,10,12,0,0],"gold":255,"neow_bonus":"HUNDRED_GOLD","is_daily":false,"chose_seed":false,"campfire_upgraded":2,"win_rate":0.0,"timestamp":1613495468,"path_taken":["M","$","?","?","$","E","R","E","T","R","?","R","?","E","R","BOSS","M","M","M","$","?","E","?","E","T","?","M","?"],"items_purchased_type":["Card","Card","Card","Relic","Card","Card"],"build_version":"2020-12-22","purchased_purges":1,"victory":false,"max_hp_per_floor":[75,75,75,75,75,77,77,77,77,77,77,77,77,79,79,79,79,81,81,83,83,83,83,83,83,83,85,87,87,87],"card_choices":[{"not_picked":["Aggregate","Stack","Turbo"],"picked":"SKIP","floor":1.0},{"not_picked":["Barrage","Amplify","Steam"],"picked":"Singing Bowl","floor":6.0},{"not_picked":["Beam Cell","Consume"],"picked":"Cold Snap","floor":8.0},{"not_picked":["Tempest","Amplify","Stack"],"picked":"Singing Bowl","floor":14.0},{"not_picked":["Machine Learning","Reboot"],"picked":"Seek","floor":16.0},{"not_picked":["Coolheaded","Chill","Barrage"],"picked":"Singing Bowl","floor":18.0},{"not_picked":["Self Repair+1","FTL"],"picked":"Streamline+1","floor":19},{"not_picked":["Loop","Capacitor","Stack"],"picked":"Singing Bowl","floor":20},{"not_picked":["Hologram","Rebound"],"picked":"Cold Snap","floor":23},{"not_picked":["Go for the Eyes","Streamline+1"],"picked":"BootSequence","floor":25},{"not_picked":["Lockon","Go for the Eyes","Reprogram"],"picked":"Singing Bowl","floor":27},{"not_picked":["Turbo","Barrage","Compile Driver"],"picked":"Singing Bowl","floor":28}],"player_experience":284738,"relics_obtained":[{"floor":6.0,"key":"Singing Bowl"},{"floor":8.0,"key":"Bottled Tornado"},{"floor":9.0,"key":"Kunai"},{"floor":14.0,"key":"Toy Ornithopter"},{"floor":23,"key":"Bottled Flame"},{"floor":25,"key":"Sundial"},{"floor":26,"key":"HornCleat"},{"floor":27,"key":"Red Mask"}],"event_choices":[{"damage_healed":0.0,"max_hp_gain":0.0,"max_hp_loss":0.0,"gold_gain":75.0,"event_name":"World of Goop","player_choice":"Gather Gold","floor":3.0,"gold_loss":0.0,"damage_taken":11.0},{"damage_healed":0.0,"max_hp_gain":0.0,"max_hp_loss":0.0,"gold_gain":0.0,"event_name":"Liars Game","player_choice":"Ignored","floor":4.0,"gold_loss":0.0,"damage_taken":0.0},{"damage_healed":0.0,"max_hp_gain":0.0,"max_hp_loss":0.0,"gold_gain":0.0,"event_name":"Shining Light","player_choice":"Entered Light","floor":11.0,"gold_loss":0.0,"damage_taken":15.0,"cards_upgraded":["Strike_B","Defend_B"]},{"damage_healed":0.0,"max_hp_gain":0.0,"max_hp_loss":0.0,"gold_gain":30.0,"event_name":"Dead Adventurer","player_choice":"Searched \u00271\u0027 times","floor":13.0,"gold_loss":0.0,"damage_taken":0.0},{"damage_healed":0,"gold_gain":0,"player_choice":"Inject Mutagens","damage_taken":0,"relics_obtained":["MutagenicStrength"],"max_hp_gain":0,"max_hp_loss":0,"event_name":"Drug Dealer","floor":22,"gold_loss":0},{"damage_healed":27,"gold_gain":0,"player_choice":"Heal","damage_taken":0,"max_hp_gain":0,"max_hp_loss":0,"event_name":"The Library","floor":24,"gold_loss":0},{"damage_healed":0,"gold_gain":0,"player_choice":"Fought Bandits","damage_taken":0,"max_hp_gain":0,"max_hp_loss":0,"event_name":"Masked Bandits","floor":27,"gold_loss":0}],"is_beta":false,"boss_relics":[{"not_picked":["Runic Dome","Pandora\u0027s Box"],"picked":"SlaversCollar"}],"items_purged_floors":[21],"is_endless":false,"potions_floor_spawned":[1,6,8,16,20,27,28],"killed_by":"3 Cultists","ascension_level":8}}