{"host":"iml8x8es9od4zowg","time":1613484003,"event":{"mods":["2.2 Compatiblity","BaseMod","Marisa£¨Ùöéë¡¡Øª×âÞÞ£©","Minty Spire (QoL Compilation)","StSLib","Td1madao Mod","The Jungle","¡¼?Úª?ø«¡½REMEMod"],"gold_per_floor":[117,192,192,192,142,173,173,204,204,247,282,282,282,316,316,447,447,462,283,283,301,316,316,347,380,380,416,450,783,783,120,120,251,251,269,169,228,228,264,302,302,302,302,343,343,343,378,426,426,426,426,426,31,76,76],"floor_reached":56,"language":"KOR","playtime":3618,"items_purged":["Orbital","DragonMeteor","SuperPerseids","TreasureHunter"],"score":1992,"play_id":"994c84ec-b117-433c-b049-895b40e2519b","local_time":"20210216230003","daily_mods":["Draft","Colorless Cards","Heirloom","Flight","DeadlyEvents","Elite Swarm"],"is_ascension_mode":true,"campfire_choices":[{"floor":7.0,"key":"RECALL"},{"floor":12.0,"key":"REST"},{"data":"REME_Flogging","floor":13.0,"key":"SMITH"},{"data":"REME_FirmDetermination","floor":15.0,"key":"SMITH"},{"data":"CasketOfStar","floor":23.0,"key":"SMITH"},{"data":"Panache","floor":30.0,"key":"SMITH"},{"data":"Panache","floor":32.0,"key":"SMITH"},{"data":"1","floor":41.0,"key":"LIFT"},{"data":"2","floor":42.0,"key":"LIFT"},{"data":"3","floor":45.0,"key":"LIFT"},{"data":"CasketOfStar","floor":46.0,"key":"SMITH"},{"data":"CasketOfStar","floor":49.0,"key":"SMITH"},{"data":"CasketOfStar","floor":52.0,"key":"SMITH"}],"circlet_count":0,"master_deck":["REME_FirmDetermination+1","UnstableBomb+1","PowerUp","Flash of Steel","Panacea","PowerUp","GrandCross","UnstableBomb+1","LuminesStrike","AsteroidBelt","DoubleSpark","Acceleration","TreasureHunter","Acceleration","REME_Flogging+1","CasketOfStar+1","CasketOfStar+1","REME_HeartOfCthun","MilkyWay","6A","MilkyWay+1","Panache+1","Master of Strategy","REME_MawOfCthun","CasketOfStar+1","Panache+1","REME_EyeOfCthun","Secret Weapon","REME_BodyOfCthun","REME_MawOfCthun","CasketOfStar+1","REME_EyeOfCthun+1","REME_Flogging"],"relics":["MiniHakkero","REME_ComplimentaryCards","Torii","Golden Idol","Question Card","The Courier","Blue Candle","Oddly Smooth Stone","White Beast Statue","Bottled Lightning","Orichalcum","Ancient Tea Set","Bird Faced Urn","Mango","ExperimentalFamiliar","Medical Kit","Bag of Preparation","Pocketwatch","Letter Opener","Eternal Feather","TungstenRod","Whetstone","Mummified Hand","Old Coin","Toolbox","Happy Flower","Pear","CaptainsWheel","Girya","Darkstone Periapt","Gremlin Horn","MagicBroom","Ornamental Fan","HandmadeGrimoire","Molten Egg 2","Pen Nib","Vajra","PreservedInsect","Meat on the Bone","CeramicFish","Toxic Egg 2","ClockworkSouvenir","Lantern"],"acts_visited":["Exordium","Exordium","TheBeyond","TheEnding"],"potions_floor_usage":[55],"damage_taken":[{"damage":0.0,"enemies":"Small Slimes","floor":1.0,"turns":2.0},{"damage":22.0,"enemies":"Gremlin Nob","floor":6.0,"turns":4.0},{"damage":0.0,"enemies":"3 Sentries","floor":8.0,"turns":2.0},{"damage":13.0,"enemies":"Lagavulin","floor":10.0,"turns":4.0},{"damage":0.0,"enemies":"Gremlin Nob","floor":11.0,"turns":3.0},{"damage":1.0,"enemies":"3 Sentries","floor":14.0,"turns":4.0},{"damage":16.0,"enemies":"The Guardian","floor":16.0,"turns":5.0},{"damage":0.0,"enemies":"theJungle:Flameango_and_Byrd","floor":18.0,"turns":2.0},{"damage":1.0,"enemies":"theJungle:GiantWrat","floor":21.0,"turns":3.0},{"damage":0.0,"enemies":"theJungle:2_Snecko_Cultists","floor":22.0,"turns":2.0},{"damage":0.0,"enemies":"theJungle:2_Phrogs","floor":24.0,"turns":3.0},{"damage":0.0,"enemies":"theJungle:MamaSnecko","floor":25.0,"turns":4.0},{"damage":0.0,"enemies":"theJungle:Cassacara","floor":27.0,"turns":3.0},{"damage":0.0,"enemies":"theJungle:2_Phrogs","floor":28.0,"turns":2.0},{"damage":0.0,"enemies":"theJungle:MamaSnecko","floor":29.0,"turns":3.0},{"damage":4.0,"enemies":"theJungle:FunGuy","floor":33.0,"turns":5.0},{"damage":0.0,"enemies":"3 Darklings","floor":35.0,"turns":1.0},{"damage":0.0,"enemies":"2 Orb Walkers","floor":37.0,"turns":2.0},{"damage":0.0,"enemies":"Giant Head","floor":39.0,"turns":4.0},{"damage":0.0,"enemies":"Nemesis","floor":40.0,"turns":1.0},{"damage":0.0,"enemies":"Reptomancer","floor":44.0,"turns":1.0},{"damage":0.0,"enemies":"Nemesis","floor":47.0,"turns":1.0},{"damage":0.0,"enemies":"Reptomancer","floor":48.0,"turns":1.0},{"damage":0.0,"enemies":"Donu and Deca","floor":50.0,"turns":2.0},{"damage":0.0,"enemies":"Shield and Spear","floor":54.0,"turns":1.0},{"damage":0,"enemies":"The Heart","floor":55,"turns":3}],"seed_played":"48152695266178032","potions_obtained":[{"floor":1.0,"key":"ShroomBrew"},{"floor":6.0,"key":"AttackPotion"},{"floor":11.0,"key":"EntropicBrew"},{"floor":14.0,"key":"ColorlessPotion"},{"floor":16.0,"key":"LiquidMemories"},{"floor":18.0,"key":"AttackPotion"},{"floor":21.0,"key":"BottledSpark"},{"floor":22.0,"key":"Fruit Juice"},{"floor":24.0,"key":"Block Potion"},{"floor":29.0,"key":"Regen Potion"},{"floor":35.0,"key":"PowerPotion"},{"floor":39.0,"key":"BlessingOfTheForge"},{"floor":40.0,"key":"Block Potion"},{"floor":44.0,"key":"ColorlessPotion"},{"floor":47.0,"key":"BottledSpark"}],"is_trial":true,"path_per_floor":["M","?","?","T","?","E","R","E","T","E","E","R","R","E","R","B",null,"M","$","?","M","M","R","E","E","T","E","E","E","R","$","R","B",null,"M","$","?","?","E","E","R","R","T","E","R","R","E","E","R","B",null,"R","$","E","B",null],"character_chosen":"MARISA","items_purchased":["Medical Kit","Panache","Toolbox","Happy Flower","Pear","ClockworkSouvenir","BottledSpark","REME_EyeOfCthun+1"],"campfire_rested":1,"item_purchase_floors":[19,31,31,31,31,53,53,53],"current_hp_per_floor":[75,64,64,64,64,42,42,42,42,29,29,51,51,50,50,54,89,89,89,84,89,93,93,94,94,94,94,94,94,94,104,104,100,104,104,104,104,104,104,104,104,104,104,104,104,104,104,104,104,104,104,104,104,104,104],"gold":76,"neow_bonus":"","is_daily":false,"chose_seed":false,"campfire_upgraded":8,"win_rate":0.0,"timestamp":1613484003,"path_taken":["M","?","?","?","?","E","R","E","T","E","?","R","R","?","R","BOSS","M","$","?","?","?","R","E","E","T","E","E","E","R","$","R","BOSS","M","$","?","?","?","E","R","R","T","E","R","R","E","E","R","BOSS","R","$","E","BOSS"],"items_purchased_type":["Relic","Card","Relic","Relic","Relic","Relic","Potion","Card"],"build_version":"2020-12-22","purchased_purges":4,"victory":true,"max_hp_per_floor":[75,75,75,75,75,75,75,75,75,75,75,75,75,75,75,89,89,89,89,94,94,94,94,94,94,94,94,94,94,94,104,104,104,104,104,104,104,104,104,104,104,104,104,104,104,104,104,104,104,104,104,104,104,104,104],"card_choices":[{"not_picked":["GalacticHalo","ShootingEcho"],"picked":"REME_FirmDetermination","floor":0.0},{"not_picked":["Panacea","NonDirectionalLaser"],"picked":"UnstableBomb","floor":0.0},{"not_picked":["NonDirectionalLaser","SporeBomb"],"picked":"PowerUp","floor":0.0},{"not_picked":["DoubleSpark","WitchOfGreed"],"picked":"Flash of Steel","floor":0.0},{"not_picked":["PanicButton","WitchOfGreed"],"picked":"Panacea","floor":0.0},{"not_picked":["Mind Blast","ShootingEcho"],"picked":"PowerUp","floor":0.0},{"not_picked":["NonDirectionalLaser","Occultation"],"picked":"GrandCross","floor":0.0},{"not_picked":["ShootingEcho","MysteriousBeam"],"picked":"UnstableBomb","floor":0.0},{"not_picked":["WitchOfGreed","MysteriousBeam"],"picked":"LuminesStrike","floor":0.0},{"not_picked":["GalacticHalo","NonDirectionalLaser"],"picked":"AsteroidBelt","floor":0.0},{"not_picked":["NonDirectionalLaser","Impatience"],"picked":"SuperPerseids","floor":0.0},{"not_picked":["NonDirectionalLaser","Acceleration"],"picked":"DragonMeteor","floor":0.0},{"not_picked":["EnergyRecoil","REME_ShortnessOfBreath"],"picked":"DoubleSpark","floor":0.0},{"not_picked":["Bandage Up","SporeBomb"],"picked":"Orbital","floor":0.0},{"not_picked":["Blind","WitchOfGreed"],"picked":"Acceleration","floor":0.0},{"not_picked":["WitchOfGreed","NonDirectionalLaser"],"picked":"Acceleration","floor":1.0},{"not_picked":["HandOfGreed","Magnetism","FinalSpark"],"picked":"REME_Flogging","floor":6.0},{"not_picked":["Mayhem","REME_BuildACard","Sadistic Nature"],"picked":"TreasureHunter","floor":8.0},{"not_picked":["REME_ProfessionalPlagiarism","REME_PuzzleBox","REME_AllRoundStrike"],"picked":"CasketOfStar","floor":10.0},{"not_picked":["Chrysalis","UltimateShortwave","REME_BattleFury"],"picked":"CasketOfStar","floor":11.0},{"not_picked":["REME_ProfessionalPlagiarism","REME_PuzzleBox","The Bomb"],"picked":"REME_HeartOfCthun","floor":14.0},{"not_picked":["ShootingEcho","WitchOfGreed","MeteoricShower"],"picked":"MilkyWay","floor":18.0},{"not_picked":["GrandCross","MilkyWay","BlazeAway"],"picked":"6A","floor":21.0},{"not_picked":["GalacticHalo+1","DoubleSpark+1","AsteroidBelt+1"],"picked":"MilkyWay+1","floor":22.0},{"not_picked":["REME_WheelOfFate","Metamorphosis","REME_HeartOfCthun"],"picked":"Panache","floor":24.0},{"not_picked":["HandOfGreed","ManaRampage","Metamorphosis"],"picked":"Master of Strategy","floor":25.0},{"not_picked":["REME_BuildACard","HandOfGreed","REME_WheelOfFate"],"picked":"REME_MawOfCthun","floor":27.0},{"not_picked":["EscapeVelocity","Transmutation","Sadistic Nature"],"picked":"CasketOfStar","floor":28.0},{"not_picked":["REME_ProfessionalPlagiarism","REME_HeartOfCthun","Metamorphosis","TreasureHunter"],"picked":"SKIP","floor":29.0},{"not_picked":["REME_ProfessionalPlagiarism","REME_HeartOfCthun","Metamorphosis","TreasureHunter"],"picked":"SKIP","floor":29.0},{"not_picked":["REME_MawOfCthun","SuperNova","Apotheosis"],"picked":"REME_EyeOfCthun","floor":33.0},{"not_picked":["ShootingEcho+1","SporeBomb","EventHorizon","GravityBeat+1"],"picked":"SKIP","floor":35.0},{"not_picked":["Thinking Ahead","AbsoluteMagnitude","Secret Technique"],"picked":"Secret Weapon","floor":39.0},{"not_picked":["REME_WheelOfFate","EscapeVelocity","Chrysalis"],"picked":"REME_BodyOfCthun","floor":40.0},{"not_picked":["Transmutation","Sadistic Nature","UltimateShortwave","Magnetism"],"picked":"SKIP","floor":44.0},{"not_picked":["BinaryStars","REME_EyeOfCthun+1","StarDustReverie"],"picked":"REME_MawOfCthun","floor":47.0},{"not_picked":["Mayhem","UltimateShortwave+1","Secret Weapon+1"],"picked":"CasketOfStar","floor":48.0},{"not_picked":["JA+1","Transmutation+1","StarDustReverie+1"],"picked":"REME_Flogging","floor":54.0}],"player_experience":583914,"relics_obtained":[{"floor":4.0,"key":"Question Card"},{"floor":6.0,"key":"The Courier"},{"floor":8.0,"key":"Blue Candle"},{"floor":10.0,"key":"Oddly Smooth Stone"},{"floor":10.0,"key":"White Beast Statue"},{"floor":11.0,"key":"Bottled Lightning"},{"floor":11.0,"key":"Orichalcum"},{"floor":14.0,"key":"Ancient Tea Set"},{"floor":14.0,"key":"Bird Faced Urn"},{"floor":16.0,"key":"Mango"},{"floor":25.0,"key":"Bag of Preparation"},{"floor":25.0,"key":"Pocketwatch"},{"floor":26.0,"key":"Letter Opener"},{"floor":27.0,"key":"Eternal Feather"},{"floor":27.0,"key":"TungstenRod"},{"floor":28.0,"key":"Whetstone"},{"floor":29.0,"key":"Mummified Hand"},{"floor":29.0,"key":"Old Coin"},{"floor":33.0,"key":"CaptainsWheel"},{"floor":37.0,"key":"Girya"},{"floor":39.0,"key":"Gremlin Horn"},{"floor":39.0,"key":"MagicBroom"},{"floor":40.0,"key":"Ornamental Fan"},{"floor":40.0,"key":"HandmadeGrimoire"},{"floor":43.0,"key":"Molten Egg 2"},{"floor":44.0,"key":"Pen Nib"},{"floor":44.0,"key":"Vajra"},{"floor":47.0,"key":"PreservedInsect"},{"floor":47.0,"key":"Meat on the Bone"},{"floor":48.0,"key":"CeramicFish"},{"floor":48.0,"key":"Toxic Egg 2"},{"floor":54.0,"key":"Lantern"}],"event_choices":[{"damage_healed":0.0,"max_hp_gain":0.0,"max_hp_loss":0.0,"gold_gain":75.0,"event_name":"World of Goop","player_choice":"Gather Gold","floor":2.0,"gold_loss":0.0,"damage_taken":11.0},{"damage_healed":0.0,"max_hp_gain":0.0,"max_hp_loss":0.0,"gold_gain":0.0,"event_name":"Golden Idol","player_choice":"Take Wound","floor":3.0,"gold_loss":0.0,"damage_taken":0.0,"relics_obtained":["Golden Idol"],"cards_obtained":["Injury"]},{"cards_removed":["Injury"],"damage_healed":0.0,"max_hp_gain":0.0,"max_hp_loss":0.0,"gold_gain":0.0,"event_name":"The Cleric","player_choice":"Card Removal","floor":5.0,"gold_loss":50.0,"damage_taken":0.0},{"damage_healed":0.0,"max_hp_gain":0.0,"max_hp_loss":0.0,"gold_gain":0.0,"event_name":"Mysterious Sphere","player_choice":"Fight","floor":37.0,"gold_loss":0.0,"damage_taken":0.0},{"damage_healed":0.0,"max_hp_gain":0.0,"max_hp_loss":0.0,"gold_gain":0.0,"event_name":"WeMeetAgain","player_choice":"Gave Potion","floor":38.0,"gold_loss":0.0,"damage_taken":0.0,"relics_obtained":["Darkstone Periapt"]}],"is_beta":false,"boss_relics":[{"not_picked":["Coffee Dripper","REME_DemonsWealth"],"picked":"ExperimentalFamiliar"},{"not_picked":["Astrolabe","Runic Dome","Velvet Choker"]}],"items_purged_floors":[19,31,36,53],"is_endless":false,"potions_floor_spawned":[1,6,11,14,16,18,21,22,24,25,27,28,29,33,35,37,39,40,44,47,48,54],"ascension_level":1}}