{"host":"a1eatafr7pisesky","time":1613461648,"event":{"mods":["AchievementEnabler","BaseMod","Colored Map","Keyboard Shortcuts","Minty Spire (QoL Compilation)","Say the Spire","StSLib","SuperFastMode","everything is the same but u backflip on backflip"],"gold_per_floor":[111,130,280,17,32,32,67,67,91,91,111,144,144,44,44,115,115,129,54,125,140,15,15,49,49,49,67,67,67,77,87,87,87],"floor_reached":32,"language":"KOR","playtime":728,"items_purged":["Doubt","Strike_G","Defend_G"],"score":482,"play_id":"e5e1f889-64c4-4694-ab6e-af4a2caa5eb8","local_time":"20210216164728","is_ascension_mode":true,"campfire_choices":[{"data":"Blade Dance","floor":6.0,"key":"SMITH"},{"floor":8.0,"key":"REST"},{"data":"Blade Dance","floor":10.0,"key":"SMITH"},{"floor":15.0,"key":"REST"},{"floor":23.0,"key":"REST"},{"floor":25.0,"key":"REST"},{"floor":29.0,"key":"REST"}],"circlet_count":0,"master_deck":["AscendersBane","Defend_G","Survivor+1","Neutralize","Venomology","Tactician+1","Flechettes","Sucker Punch","Panache","Blade Dance+1","Blade Dance+1","Acrobatics","Footwork","Burst","Dagger Spray+1","Distraction+1","Tools of the Trade+1","Crippling Poison","Blade Dance","Eviscerate","Acrobatics+1"],"relics":["Ring of the Snake","Tiny Chest","Bronze Scales","War Paint","Astrolabe","Pear","Blue Candle","Pantograph"],"acts_visited":["Exordium","TheCity"],"potions_floor_usage":[32],"damage_taken":[{"damage":11.0,"enemies":"Cultist","floor":1.0,"turns":7.0},{"damage":0.0,"enemies":"Small Slimes","floor":2.0,"turns":4.0},{"damage":10.0,"enemies":"Jaw Worm","floor":5.0,"turns":5.0},{"damage":10.0,"enemies":"3 Sentries","floor":7.0,"turns":6.0},{"damage":0.0,"enemies":"Blue Slaver","floor":11.0,"turns":1.0},{"damage":12.0,"enemies":"Lagavulin","floor":12.0,"turns":5.0},{"damage":21.0,"enemies":"The Guardian","floor":16.0,"turns":14.0},{"damage":1.0,"enemies":"Chosen","floor":18.0,"turns":2.0},{"damage":27.0,"enemies":"Shell Parasite","floor":21.0,"turns":3.0},{"damage":38.0,"enemies":"Book of Stabbing","floor":24.0,"turns":5.0},{"damage":10.0,"enemies":"Centurion and Healer","floor":27.0,"turns":5.0},{"damage":16.0,"enemies":"Shelled Parasite and Fungi","floor":30.0,"turns":3.0},{"damage":1.0,"enemies":"Chosen and Byrds","floor":31.0,"turns":4.0},{"damage":19,"enemies":"Slavers","floor":32,"turns":2}],"seed_played":"3999267908583814606","potions_obtained":[{"floor":5.0,"key":"Fire Potion"},{"floor":16.0,"key":"Fire Potion"},{"floor":18.0,"key":"SkillPotion"},{"floor":24.0,"key":"DistilledChaos"}],"is_trial":false,"path_per_floor":["M","M","?","$","M","R","E","R","T","R","M","E","?","$","R","B",null,"M","?","T","M","$","R","E","R","T","M","?","R","M","M","E"],"character_chosen":"THE_SILENT","items_purchased":["Panache"],"campfire_rested":5,"item_purchase_floors":[4],"current_hp_per_floor":[33,33,33,33,23,23,13,32,32,32,32,20,20,20,39,18,54,53,53,63,36,36,58,20,42,42,32,10,34,18,17,0,0],"gold":87,"neow_bonus":"TRANSFORM_TWO_CARDS","is_daily":false,"chose_seed":false,"campfire_upgraded":2,"win_rate":0.0,"timestamp":1613461648,"path_taken":["M","M","?","$","M","R","E","R","T","R","M","E","?","?","R","BOSS","M","?","?","M","$","R","E","R","T","M","?","R","M","?","E"],"items_purchased_type":["Card"],"build_version":"2020-12-22","purchased_purges":3,"victory":false,"max_hp_per_floor":[66,66,66,66,66,66,66,66,66,66,66,66,66,66,66,66,66,66,66,76,76,76,76,76,76,76,76,81,81,81,81,81,81],"card_choices":[{"not_picked":["Sucker Punch","Flying Knee"],"picked":"Flechettes","floor":1.0},{"not_picked":["Escape Plan","Masterful Stab"],"picked":"Sucker Punch","floor":2.0},{"not_picked":["Sucker Punch","Accuracy"],"picked":"Blade Dance","floor":5.0},{"not_picked":["Tools of the Trade","Venomology"],"picked":"Blade Dance","floor":7.0},{"not_picked":["Bouncing Flask","Quick Slash"],"picked":"Acrobatics","floor":11.0},{"not_picked":["Dagger Spray","Deadly Poison"],"picked":"Footwork","floor":12.0},{"not_picked":["Tools of the Trade","Doppelganger"],"picked":"Burst","floor":16.0},{"not_picked":["Caltrops","Bouncing Flask"],"picked":"Crippling Poison","floor":18.0},{"not_picked":["Dagger Throw+1","Flechettes","Flying Knee"],"picked":"SKIP","floor":21.0},{"not_picked":["Sucker Punch+1","Bane"],"picked":"Blade Dance","floor":24.0},{"not_picked":["Dagger Throw","Dodge and Roll","Underhanded Strike"],"picked":"SKIP","floor":27.0},{"not_picked":["Outmaneuver","Choke"],"picked":"Eviscerate","floor":30.0},{"not_picked":["Dodge and Roll","Deadly Poison"],"picked":"Acrobatics+1","floor":31.0}],"player_experience":455907,"relics_obtained":[{"floor":7.0,"key":"Tiny Chest"},{"floor":9.0,"key":"Bronze Scales"},{"floor":12.0,"key":"War Paint"},{"floor":20.0,"key":"Pear"},{"floor":24.0,"key":"Blue Candle"},{"floor":26.0,"key":"Pantograph"}],"event_choices":[{"damage_healed":0.0,"max_hp_gain":0.0,"max_hp_loss":0.0,"gold_gain":150.0,"event_name":"Liars Game","player_choice":"AGREE","floor":3.0,"gold_loss":0.0,"damage_taken":0.0,"cards_obtained":["Doubt"]},{"cards_removed":["Strike_G"],"damage_healed":0.0,"max_hp_gain":0.0,"max_hp_loss":0.0,"gold_gain":0.0,"event_name":"Living Wall","player_choice":"Forget","floor":13.0,"gold_loss":0.0,"damage_taken":0.0},{"cards_removed":["Defend_G"],"damage_healed":0.0,"max_hp_gain":0.0,"max_hp_loss":0.0,"gold_gain":0.0,"event_name":"Beggar","player_choice":"Gave Gold","floor":19.0,"gold_loss":75.0,"damage_taken":0.0},{"damage_healed":0.0,"max_hp_gain":5.0,"max_hp_loss":0.0,"gold_gain":0.0,"event_name":"Forgotten Altar","player_choice":"Shed Blood","floor":28.0,"gold_loss":0.0,"damage_taken":27.0}],"is_beta":false,"boss_relics":[{"not_picked":["Runic Dome","SlaversCollar"],"picked":"Astrolabe"}],"items_purged_floors":[4,14,22],"is_endless":false,"potions_floor_spawned":[5,16,18,21,24],"killed_by":"Slavers","ascension_level":16}}