{"host":"6xghz2lkudss8si6","time":1613489681,"event":{"mods":["AchievementEnabler","BaseMod","Colored Map","DeckTracker","Minty Spire (QoL Compilation)","Quick Restart","StSLib","SuperFastMode"],"gold_per_floor":[162,237,257,257,274,274,294,312,312,344,65,65,96,112,112,208,208,226,226,104,104,104],"floor_reached":21,"language":"KOR","playtime":858,"items_purged":["Strike_P","Strike_P"],"score":217,"play_id":"869c1328-1bef-4f9c-91ef-4b0234fa0ad8","local_time":"20210217003441","is_ascension_mode":true,"campfire_choices":[{"data":"Eruption","floor":6,"key":"SMITH"},{"data":"FlyingSleeves","floor":12,"key":"SMITH"},{"data":"Devotion","floor":15,"key":"SMITH"}],"circlet_count":0,"master_deck":["Strike_P+1","Strike_P","Defend_P","Defend_P","Defend_P","Defend_P","Eruption+1","Vigilance","FearNoEvil","Halt","ThirdEye","Decay","FlyingSleeves+1","EmptyMind","Prostrate","SandsOfTime","Devotion+1","FearNoEvil","MasterReality","Adaptation+1","ClearTheMind"],"relics":["Tiny House","Dream Catcher","Orichalcum","Oddly Smooth Stone","Mummified Hand","Sozu"],"acts_visited":["Exordium","TheCity"],"potions_floor_usage":[10,10,10,14,14],"damage_taken":[{"damage":2,"enemies":"Small Slimes","floor":1,"turns":3},{"damage":7,"enemies":"Jaw Worm","floor":3,"turns":3},{"damage":0,"enemies":"Cultist","floor":5,"turns":3},{"damage":3,"enemies":"2 Fungi Beasts","floor":7,"turns":4},{"damage":3,"enemies":"Looter","floor":8,"turns":4},{"damage":16,"enemies":"Gremlin Nob","floor":10,"turns":3},{"damage":16,"enemies":"3 Sentries","floor":13,"turns":11},{"damage":0,"enemies":"Gremlin Gang","floor":14,"turns":6},{"damage":1,"enemies":"Hexaghost","floor":16,"turns":7},{"damage":22,"enemies":"Shell Parasite","floor":18,"turns":4},{"damage":44,"enemies":"Masked Bandits","floor":21,"turns":3}],"seed_played":"6186646536209458251","potions_obtained":[{"floor":0,"key":"Fire Potion"},{"floor":1,"key":"Fire Potion"},{"floor":3,"key":"Fire Potion"},{"floor":5,"key":"BottledMiracle"},{"floor":13,"key":"ColorlessPotion"},{"floor":16,"key":"Energy Potion"}],"is_trial":false,"path_per_floor":["M","?","M","?","M","R","M","M","T","E","$","R","E","M","R","B",null,"M","?","$","?"],"character_chosen":"WATCHER","items_purchased":["Oddly Smooth Stone","PowerPotion","ClearTheMind"],"campfire_rested":0,"item_purchase_floors":[11,11,20],"current_hp_per_floor":[75,64,57,57,57,57,54,51,51,35,35,35,19,19,19,18,77,55,41,41,0,0],"gold":104,"neow_bonus":"BOSS_RELIC","is_daily":false,"chose_seed":false,"campfire_upgraded":3,"win_rate":0.0,"timestamp":1613489681,"path_taken":["M","?","M","?","M","R","M","M","T","E","$","R","E","?","R","BOSS","M","?","$","?"],"items_purchased_type":["Relic","Potion","Card"],"build_version":"2020-12-22","purchased_purges":2,"victory":false,"max_hp_per_floor":[77,77,77,77,77,77,77,77,77,77,77,77,77,77,77,77,77,77,82,82,82,82],"card_choices":[{"not_picked":["LikeWater","JustLucky"],"picked":"FearNoEvil","floor":0},{"not_picked":["LikeWater","CutThroughFate"],"picked":"Halt","floor":1},{"not_picked":["CrushJoints","PathToVictory"],"picked":"ThirdEye","floor":3},{"not_picked":["ThirdEye","CrushJoints"],"picked":"FlyingSleeves","floor":5},{"not_picked":["Weave","ThirdEye"],"picked":"EmptyMind","floor":7},{"not_picked":["WaveOfTheHand","Wallop"],"picked":"Prostrate","floor":8},{"not_picked":["SashWhip","Perseverance"],"picked":"SandsOfTime","floor":10},{"not_picked":["Consecrate","Fasting2"],"picked":"Devotion","floor":13},{"not_picked":["ReachHeaven","WaveOfTheHand"],"picked":"FearNoEvil","floor":14},{"not_picked":["Blasphemy","Alpha"],"picked":"MasterReality","floor":16},{"not_picked":["FlyingSleeves","ForeignInfluence"],"picked":"Adaptation+1","floor":18}],"player_experience":254294,"relics_obtained":[{"floor":9,"key":"Dream Catcher"},{"floor":10,"key":"Orichalcum"},{"floor":13,"key":"Mummified Hand"}],"event_choices":[{"damage_healed":0,"gold_gain":75,"player_choice":"Gather Gold","damage_taken":11,"max_hp_gain":0,"max_hp_loss":0,"event_name":"World of Goop","floor":2,"gold_loss":0},{"damage_healed":0,"gold_gain":0,"player_choice":"Cursed","damage_taken":0,"max_hp_gain":0,"max_hp_loss":0,"event_name":"Wheel of Change","floor":4,"gold_loss":0,"cards_obtained":["Decay"]},{"damage_healed":0,"gold_gain":0,"player_choice":"Shed Blood","damage_taken":19,"max_hp_gain":5,"max_hp_loss":0,"event_name":"Forgotten Altar","floor":19,"gold_loss":0},{"damage_healed":0,"gold_gain":0,"player_choice":"Fought Bandits","damage_taken":0,"max_hp_gain":0,"max_hp_loss":0,"event_name":"Masked Bandits","floor":21,"gold_loss":0}],"is_beta":false,"boss_relics":[{"not_picked":["Empty Cage","Velvet Choker"],"picked":"Sozu"}],"items_purged_floors":[11,20],"is_endless":false,"potions_floor_spawned":[1,3,5,13,16,18],"killed_by":"Masked Bandits","ascension_level":3}}