{"host":"aapp7ew3jk5k1bvd","time":1613485401,"event":{"mods":["AchievementEnabler","BaseMod","Colored Map","Custom Start","Keyboard Shortcuts","Minty Spire (QoL Compilation)","Permanent Neow","Quick Restart","StSLib","SuperFastMode"],"gold_per_floor":[119,119,135,135,148,148,73,73,126,126,81,92,92,102,102,102,102],"floor_reached":16,"language":"KOR","playtime":436,"items_purged":["Concentrate"],"score":99,"play_id":"db036112-147d-484f-b6bf-2a8d4b1619cb","local_time":"20210216232321","is_ascension_mode":true,"campfire_choices":[{"floor":6.0,"key":"DIG"},{"floor":8.0,"key":"DIG"},{"floor":10.0,"key":"DIG"},{"floor":15.0,"key":"DIG"}],"circlet_count":0,"master_deck":["Strike_G","Strike_G","Strike_G","Strike_G","Defend_G","Defend_G","Defend_G","Defend_G","Defend_G","Survivor","Neutralize","Footwork","Dash","Dodge and Roll","Blur","Backflip"],"relics":["Ring of the Snake","Anchor","Shovel","Ginger","Tiny Chest","Regal Pillow","Toy Ornithopter","Bottled Tornado"],"acts_visited":["Exordium"],"potions_floor_usage":[16,16,16,16,16,16,16],"damage_taken":[{"damage":2.0,"enemies":"Jaw Worm","floor":1.0,"turns":6.0},{"damage":0.0,"enemies":"2 Louse","floor":3.0,"turns":3.0},{"damage":0.0,"enemies":"Cultist","floor":5.0,"turns":6.0},{"damage":0.0,"enemies":"Looter","floor":11.0,"turns":5.0},{"damage":0.0,"enemies":"3 Louse","floor":12.0,"turns":5.0},{"damage":5.0,"enemies":"Lots of Slimes","floor":14.0,"turns":6.0},{"damage":6,"enemies":"Hexaghost","floor":16,"turns":17}],"seed_played":"-8639497275162606221","potions_obtained":[{"floor":1.0,"key":"Energy Potion"},{"floor":3.0,"key":"EntropicBrew"}],"is_trial":false,"path_per_floor":["M","?","M","?","M","R","$","R","T","R","M","M","?","M","R","B"],"character_chosen":"THE_SILENT","items_purchased":[],"campfire_rested":0,"item_purchase_floors":[],"current_hp_per_floor":[68,61,61,61,61,61,61,61,61,61,61,61,66,61,61,75,75],"gold":102,"neow_bonus":"RANDOM_COMMON_RELIC","is_daily":false,"chose_seed":false,"campfire_upgraded":0,"win_rate":0.0,"timestamp":1613485401,"path_taken":["M","?","M","?","M","R","$","R","T","R","?","M","?","M","R","BOSS"],"items_purchased_type":[],"build_version":"2020-12-22","purchased_purges":1,"victory":false,"max_hp_per_floor":[70,70,70,70,70,70,70,70,70,70,70,70,75,75,75,75,75],"card_choices":[{"not_picked":["Quick Slash","Dagger Throw"],"picked":"Footwork","floor":1.0},{"not_picked":["Dagger Throw","PiercingWail"],"picked":"Dash","floor":3.0},{"not_picked":["Sucker Punch","Poisoned Stab"],"picked":"Dodge and Roll","floor":5.0},{"not_picked":["Deadly Poison","Caltrops"],"picked":"Blur","floor":11.0},{"not_picked":["Quick Slash","Flying Knee","Dagger Spray"],"picked":"SKIP","floor":12.0},{"not_picked":["Deflect","Quick Slash"],"picked":"Backflip","floor":14.0}],"player_experience":1009822,"relics_obtained":[{"floor":6.0,"key":"Ginger"},{"floor":8.0,"key":"Tiny Chest"},{"floor":9.0,"key":"Regal Pillow"},{"floor":10.0,"key":"Toy Ornithopter"},{"floor":15.0,"key":"Bottled Tornado"}],"event_choices":[{"damage_healed":0.0,"max_hp_gain":0.0,"max_hp_loss":0.0,"gold_gain":0.0,"event_name":"Scrap Ooze","player_choice":"Success","floor":2.0,"gold_loss":0.0,"damage_taken":7.0,"relics_obtained":["Shovel"]},{"damage_healed":0.0,"max_hp_gain":0.0,"max_hp_loss":0.0,"gold_gain":0.0,"cards_transformed":["Strike_G"],"event_name":"Transmorgrifier","player_choice":"Transformed","floor":4.0,"gold_loss":0.0,"damage_taken":0.0,"cards_obtained":["Concentrate"]},{"damage_healed":0.0,"max_hp_gain":5.0,"max_hp_loss":0.0,"gold_gain":0.0,"event_name":"Big Fish","player_choice":"Donut","floor":13.0,"gold_loss":0.0,"damage_taken":0.0}],"is_beta":false,"boss_relics":[],"items_purged_floors":[7],"is_endless":false,"potions_floor_spawned":[1,3],"killed_by":"Hexaghost","ascension_level":2}}