{"host":"snn1c4qsf0fj7fzf","time":1613495795,"event":{"mods":["AchievementEnabler","Act Like it!","Aspiration","Astrologer","BaseMod","Colored Powertips","Downfall","Gensokyo","Hermit","Infinite Spire","Lobotomy","Minty Spire (QoL Compilation)","Random Character Button","Rare Cards Sparkle","Reimu??????","Reliquary","Replay The Spire","Shop Mod","Spire Arcade","StSLib","The Administrix","The Cursed","The Gatherer","The Hierophant","The Poker Player","The Runesmith"],"gold_per_floor":[111,111,111,125,142,169,169,203,281,206,206,206,206,222,234,252,252,351,351,365,382,282,282,301,333,432,463,463,463,463,496,513,525,525,632,632,644,644,644,644,662,691,712,742,765,765,781,796,834,847,847,851],"floor_reached":53,"language":"ENG","playtime":2889,"items_purged":["TheCursedMod:SoulCrush","TheCursedMod:SoulReap"],"score":1200,"play_id":"d735d71f-5ac7-4fd4-8570-0c3554be1809","local_time":"20210217011635","is_ascension_mode":true,"campfire_choices":[{"data":"infinitespire:Oblivion","floor":7,"key":"SMITH"},{"data":"TheCursedMod:CleanUpWorkshop","floor":7,"key":"SMITH"},{"data":"TheCursedMod:CircleOfWindfury","floor":13,"key":"SMITH"},{"data":"TheCursedMod:LuckyCharm","floor":13,"key":"SMITH"},{"data":"TheCursedMod:AbyssShockwave","floor":17,"key":"SMITH"},{"data":"TheCursedMod:DemonSword","floor":17,"key":"SMITH"},{"data":"TheCursedMod:TroublousMinions","floor":51,"key":"SMITH"},{"data":"TheCursedMod:CircleOfAbyss","floor":51,"key":"SMITH"}],"circlet_count":0,"master_deck":["TheCursedMod:CleanUpWorkshop+1","TheCursedMod:AbyssShockwave+1","TheCursedMod:LuckyCharm+1","TheCursedMod:TroublousMinions+1","TheCursedMod:CircleOfBlood","infinitespire:Oblivion+1","TheCursedMod:DemonSword+1","TheCursedMod:CircleOfWindfury+1","TheCursedMod:CircleOfAbyss+1","TheCursedMod:CircleOfFlame+1","TheCursedMod:LuckyCharm+1","Terror","Atom Bomb","Reflex","TheCursedMod:CursedBoomerang+1","TheCursedMod:HellfireBreathing+1","TheCursedMod:TroublousMinions+1"],"relics":["TheCursedMod:SoulVessel","aspiration:BabyByrd","Replay:Arrowhead","ReplayTheSpireMod:TigerMarble","infinitespire:Midas Blood","Replay:Bronze Core","reliquary:PorcupineQuills","aspiration:ArtOfWarUpgrade","Boot","Tea:ReiMu","Replay:Grab Bag","reliquary:RedCape","SlaversCollar","aspiration:SecretTechniqueScroll","Gensokyo:EmptyGrave","Gensokyo:DualWield","infinitespire:Beetle Shell","Vajra","Replay:Mystery Machine","Ornamental Fan"],"acts_visited":["Exordium","TheCity","Gensokyo:Gensokyoest"],"potions_floor_usage":[6,18,25,25,35,53,53],"damage_taken":[{"damage":0,"enemies":"Jaw Worm","floor":1,"turns":2},{"damage":0,"enemies":"2 Louse","floor":4,"turns":2},{"damage":10,"enemies":"Small Slimes","floor":5,"turns":2},{"damage":6,"enemies":"Lagavulin","floor":6,"turns":4},{"damage":23,"enemies":"3 Sentries","floor":8,"turns":5},{"damage":0,"enemies":"3 Louse","floor":14,"turns":1},{"damage":0,"enemies":"Large Slime","floor":15,"turns":3},{"damage":0,"enemies":"2 Fungi Beasts","floor":16,"turns":2},{"damage":0,"enemies":"Hexaghost","floor":18,"turns":5},{"damage":4,"enemies":"Shell Parasite","floor":20,"turns":3},{"damage":0,"enemies":"Spheric Guardian","floor":21,"turns":3},{"damage":0,"enemies":"Shelled Parasite and Fungi","floor":24,"turns":2},{"damage":0,"enemies":"Slavers","floor":25,"turns":2},{"damage":0,"enemies":"Gremlin Leader","floor":27,"turns":2},{"damage":0,"enemies":"Slavers","floor":31,"turns":2},{"damage":12,"enemies":"Snecko","floor":32,"turns":6},{"damage":0,"enemies":"3 Cultists","floor":33,"turns":3},{"damage":28,"enemies":"Champ","floor":35,"turns":10},{"damage":0,"enemies":"Gensokyo:3_Boulders","floor":37,"turns":1},{"damage":7,"enemies":"Gensokyo:AncientGuardian","floor":41,"turns":4},{"damage":7,"enemies":"Gensokyo:Marisa","floor":42,"turns":3},{"damage":4,"enemies":"Gensokyo:SeedOfUnknown","floor":43,"turns":2},{"damage":1,"enemies":"Gensokyo:Doremy","floor":44,"turns":3},{"damage":4,"enemies":"Gensokyo:AtlasGolem","floor":47,"turns":3},{"damage":0,"enemies":"Gensokyo:3_Boulders","floor":48,"turns":2},{"damage":30,"enemies":"Gensokyo:Kasen","floor":49,"turns":4},{"damage":5,"enemies":"Gensokyo:Sharpion","floor":50,"turns":3},{"damage":7,"enemies":"Gensokyo:Shinki","floor":52,"turns":5},{"damage":22,"enemies":"Malkuth","floor":53,"turns":4},{"damage":38,"enemies":"Hod","floor":53,"turns":10}],"seed_played":"-8074617251137994048","potions_obtained":[{"floor":4,"key":"Regen Potion"},{"floor":6,"key":"Block Potion"},{"floor":8,"key":"Fire Potion"},{"floor":16,"key":"Regen Potion"},{"floor":21,"key":"AttackPotion"},{"floor":25,"key":"GamblersBrew"},{"floor":41,"key":"SkillPotion"},{"floor":43,"key":"champ:CounterPotion"},{"floor":44,"key":"Block Potion"},{"floor":48,"key":"Energy Potion"}],"is_trial":false,"path_per_floor":["M","?","?","M","M","E","R","E","T","$","PTL","PTL","R","M","M","M","R","B",null,"M","M","$","?","M","E","?","E","T","?","?","E","M","M","R","B",null,"M","?","?","?","M","E","M","E","T","R","M","M","E","M","R","B",null],"character_chosen":"THE_CURSED","items_purchased":[],"campfire_rested":0,"item_purchase_floors":[],"current_hp_per_floor":[68,51,51,55,54,67,67,48,48,48,48,48,48,48,60,68,68,68,68,65,68,68,68,68,68,68,68,68,68,68,68,59,61,61,46,68,68,63,63,63,58,56,57,63,63,63,60,63,34,33,33,36],"gold":885,"neow_bonus":"REMOVE_TWO","is_daily":false,"chose_seed":false,"campfire_upgraded":8,"win_rate":0.0,"timestamp":1613495795,"path_taken":["M","?","?","M","M","E","R","E","T","?","PTL","PTL","R","M","M","M","R","BOSS","M","M","$","?","M","E","?","E","T","?","?","E","M","M","R","BOSS","M","?","?","?","M","E","M","E","T","R","M","?","E","M","R","BOSS"],"items_purchased_type":[],"build_version":"2020-12-22","purchased_purges":2,"victory":true,"max_hp_per_floor":[68,68,68,68,68,68,68,68,68,68,68,68,68,68,68,68,68,68,68,68,68,68,68,68,68,68,68,68,68,68,68,68,68,68,68,68,68,63,63,63,63,63,63,63,63,63,63,63,63,63,63,63],"card_choices":[{"not_picked":["TheCursedMod:WearCloak","TheCursedMod:Obscuration","TheCursedMod:SpitefulPlan"],"picked":"SKIP","floor":1},{"not_picked":["infinitespire:Menacing","ReplayTheSpireMod:Black Plague"],"picked":"infinitespire:Oblivion","floor":2},{"not_picked":["TheCursedMod:BlessingInDisguise","TheCursedMod:SurpriseAttack","TheCursedMod:HellfireBreathing"],"picked":"SKIP","floor":4},{"not_picked":["TheCursedMod:StingEye","TheCursedMod:CircleOfCorruption"],"picked":"TheCursedMod:DemonSword","floor":5},{"not_picked":["TheCursedMod:CursedArmor","TheCursedMod:CircleOfBlood","TheCursedMod:CircleOfCorruption"],"picked":"SKIP","floor":6},{"not_picked":["TheCursedMod:SaltUponWound","TheCursedMod:EmpowerCircles"],"picked":"TheCursedMod:CircleOfWindfury","floor":8},{"not_picked":["TheCursedMod:Stigma","TheCursedMod:CursedShiv","TheCursedMod:FuryStrike"],"picked":"SKIP","floor":14},{"not_picked":["TheCursedMod:AbyssShockwave","TheCursedMod:HellsGateOpen","TheCursedMod:Obscuration"],"picked":"SKIP","floor":15},{"not_picked":["TheCursedMod:BlessingInDisguise","TheCursedMod:PrepareRite"],"picked":"TheCursedMod:CursedShiv","floor":16},{"not_picked":["TheCursedMod:CursedRelics","TheCursedMod:UltimatePain"],"picked":"TheCursedMod:CircleOfAbyss","floor":18},{"not_picked":["TheCursedMod:DoubleShield","TheCursedMod:RavingStaff+1"],"picked":"TheCursedMod:CircleOfWindfury","floor":20},{"not_picked":["TheCursedMod:Wield","TheCursedMod:BloodBarrier","TheCursedMod:Mangle+1"],"picked":"SKIP","floor":21},{"not_picked":["TheCursedMod:CircleOfFlame","TheCursedMod:Wield","TheCursedMod:CursedMace"],"picked":"SKIP","floor":24},{"not_picked":["TheCursedMod:SurpriseAttack","TheCursedMod:Hemoplague","TheCursedMod:RavingStaff+1"],"picked":"SKIP","floor":25},{"not_picked":["TheCursedMod:RapidMovement","TheCursedMod:SoulReap","TheCursedMod:ParallelWorld"],"picked":"SKIP","floor":27},{"not_picked":["TheCursedMod:Torture","TheCursedMod:VitalStrike"],"picked":"TheCursedMod:CircleOfFlame+1","floor":31},{"not_picked":["TheCursedMod:Wield","TheCursedMod:VitalStrike+1","TheCursedMod:Obscuration+1"],"picked":"SKIP","floor":32},{"not_picked":["TheCursedMod:CircleOfFocus","TheCursedMod:Stretching","TheCursedMod:SpitefulPlan"],"picked":"SKIP","floor":33},{"not_picked":["TheCursedMod:SpitefulPlan+1","TheCursedMod:WearCloak+1"],"picked":"TheCursedMod:LuckyCharm+1","floor":37},{"not_picked":["TheCursedMod:ReleasedStrength+1","TheCursedMod:FuryStrike+1"],"picked":"TheCursedMod:CursedBoomerang+1","floor":41},{"not_picked":["TheCursedMod:CircleOfFocus","TheCursedMod:RapidMovement+1","TheCursedMod:StingEye"],"picked":"SKIP","floor":42},{"not_picked":["TheCursedMod:SpreadPlague","TheCursedMod:DoubleShield"],"picked":"TheCursedMod:HellfireBreathing+1","floor":43},{"not_picked":["TheCursedMod:Stigma+1","TheCursedMod:SmokeScreen+1","TheCursedMod:TacticalStrike+1"],"picked":"SKIP","floor":44},{"not_picked":["TheCursedMod:CursedAmulet","TheCursedMod:CursedBlade","TheCursedMod:Stigma+1"],"picked":"SKIP","floor":47},{"not_picked":["TheCursedMod:ReleasedKnowledge","TheCursedMod:Evocation+1","TheCursedMod:CircleOfFlame"],"picked":"SKIP","floor":48},{"not_picked":["TheCursedMod:CursedShiv+1","TheCursedMod:AbyssShockwave+1","TheCursedMod:Wield+1"],"picked":"SKIP","floor":49},{"not_picked":["TheCursedMod:CircleOfFlame+1","TheCursedMod:Stigma"],"picked":"TheCursedMod:TroublousMinions+1","floor":50}],"player_experience":409616,"relics_obtained":[{"floor":6,"key":"Replay:Arrowhead"},{"floor":8,"key":"ReplayTheSpireMod:TigerMarble"},{"floor":9,"key":"infinitespire:Midas Blood"},{"floor":25,"key":"reliquary:PorcupineQuills"},{"floor":27,"key":"Art of War"},{"floor":28,"key":"Boot"},{"floor":31,"key":"Tea:ReiMu"},{"floor":42,"key":"infinitespire:Beetle Shell"},{"floor":44,"key":"Vajra"},{"floor":45,"key":"Replay:Mystery Machine"},{"floor":49,"key":"Ornamental Fan"}],"event_choices":[{"damage_healed":0,"gold_gain":99,"player_choice":"Stole From Cult","damage_taken":0,"max_hp_gain":0,"max_hp_loss":0,"event_name":"Nest","floor":26,"gold_loss":0},{"damage_healed":0,"gold_gain":0,"player_choice":"Ignored","damage_taken":0,"max_hp_gain":0,"max_hp_loss":0,"event_name":"Vampires","floor":29,"gold_loss":0}],"is_beta":false,"boss_relics":[{"not_picked":["aspiration:SilentSkillbook","TheCursedMod:OminousMark"],"picked":"Replay:Bronze Core"},{"not_picked":["Coffee Dripper","Empty Cage"],"picked":"Replay:Grab Bag"},{"not_picked":["reliquary:Ember","ReplayTheSpireMod:Onyx Gauntlets"],"picked":"reliquary:RedCape"},{"not_picked":["Astrolabe","aspiration:MobileForge"],"picked":"SlaversCollar"},{"not_picked":["ReplayTheSpireMod:SealedPack","aspiration:RunicSpoon"],"picked":"aspiration:SecretTechniqueScroll"}],"items_purged_floors":[10,22],"is_endless":false,"potions_floor_spawned":[4,6,8,15,16,21,25,32,41,43,44,48,49],"ascension_level":4}}