{"host":"2j7k79oxv8es4yqd","time":1613455526,"event":{"mods":["BaseMod","Minty Spire (QoL Compilation)","Permanent Neow","StSLib"],"gold_per_floor":[11,11,22,22,35,61,76,25,25,25,37,72,72,87,87,192,242,262,262,262,228,143,143,143,143],"floor_reached":24,"language":"ZHT","playtime":1045,"items_purged":[],"score":206,"play_id":"efbba867-94e3-4e53-876c-fc9d3cce9915","local_time":"20210216140526","is_ascension_mode":false,"campfire_choices":[{"floor":10,"key":"REST"},{"data":"Berserk","floor":15,"key":"SMITH"},{"data":"Juggernaut","floor":23,"key":"SMITH"}],"circlet_count":0,"master_deck":["Strike_R","Strike_R","Defend_R","Defend_R","Defend_R","Defend_R","Juggernaut+1","Berserk+1","Pommel Strike","Flame Barrier","Shrug It Off","Demon Form","Shrug It Off","Impervious+1","Pommel Strike","Limit Break","Spot Weakness","Shrug It Off"],"relics":["Burning Blood","PreservedInsect","Bottled Flame","Tiny House","Ancient Tea Set"],"acts_visited":["Exordium","TheCity"],"potions_floor_usage":[7,12,18,21],"damage_taken":[{"damage":10,"enemies":"Jaw Worm","floor":1,"turns":4},{"damage":1,"enemies":"Cultist","floor":3,"turns":4},{"damage":0,"enemies":"2 Louse","floor":5,"turns":3},{"damage":61,"enemies":"3 Sentries","floor":6,"turns":14},{"damage":20,"enemies":"Exordium Thugs","floor":7,"turns":6},{"damage":0,"enemies":"Large Slime","floor":11,"turns":5},{"damage":12,"enemies":"Gremlin Nob","floor":12,"turns":5},{"damage":6,"enemies":"3 Louse","floor":14,"turns":5},{"damage":20,"enemies":"Slime Boss","floor":16,"turns":10},{"damage":10,"enemies":"Chosen","floor":18,"turns":7},{"damage":37,"enemies":"2 Thieves","floor":21,"turns":5},{"damage":0,"enemies":"Slavers","floor":24,"turns":1}],"seed_played":"5373666762529800855","potions_obtained":[{"floor":3,"key":"ElixirPotion"},{"floor":5,"key":"Ancient Potion"},{"floor":11,"key":"Block Potion"},{"floor":12,"key":"ColorlessPotion"},{"floor":17,"key":"LiquidMemories"},{"floor":21,"key":"Ancient Potion"}],"is_trial":false,"path_per_floor":["M","?","M","?","M","E","M","$","T","R","M","E","?","M","R","B",null,"M","?","?","M","?","R","E"],"character_chosen":"IRONCLAD","items_purchased":["Shrug It Off"],"campfire_rested":1,"item_purchase_floors":[8],"current_hp_per_floor":[76,76,80,73,79,24,10,10,10,34,40,34,34,34,34,20,85,81,81,81,50,50,50,50,50],"gold":143,"neow_bonus":"THREE_RARE_CARDS","is_daily":false,"chose_seed":false,"campfire_upgraded":2,"win_rate":0.0,"timestamp":1613455526,"path_taken":["M","?","?","?","M","E","M","?","T","R","M","E","?","M","R","BOSS","M","?","?","M","?","R","E"],"items_purchased_type":["Card"],"build_version":"2020-12-22","purchased_purges":0,"victory":false,"max_hp_per_floor":[80,80,80,80,80,80,80,80,80,80,80,80,80,80,80,80,85,85,85,85,85,85,85,85,85],"card_choices":[{"not_picked":["Offering","Berserk"],"picked":"Juggernaut","floor":0},{"not_picked":["Anger","Armaments","Heavy Blade"],"picked":"SKIP","floor":1},{"not_picked":["Inflame","Perfected Strike"],"picked":"Berserk","floor":3},{"not_picked":["Blood for Blood","Armaments","Rage"],"picked":"SKIP","floor":5},{"not_picked":["Perfected Strike","Anger"],"picked":"Pommel Strike","floor":6},{"not_picked":["Carnage","Dark Embrace"],"picked":"Flame Barrier","floor":7},{"not_picked":["Dropkick","Bloodletting","Body Slam"],"picked":"SKIP","floor":11},{"not_picked":["Shrug It Off","Intimidate"],"picked":"Demon Form","floor":12},{"not_picked":["Reckless Charge","Anger"],"picked":"Shrug It Off","floor":14},{"not_picked":["Berserk","Fiend Fire"],"picked":"Impervious","floor":16},{"not_picked":["Twin Strike","Inflame"],"picked":"Pommel Strike","floor":17},{"not_picked":["Whirlwind","Perfected Strike+1","Sword Boomerang"],"picked":"SKIP","floor":18},{"not_picked":["Sentinel","Dual Wield"],"picked":"Shrug It Off","floor":21}],"player_experience":550578,"relics_obtained":[{"floor":6,"key":"PreservedInsect"},{"floor":12,"key":"Bottled Flame"}],"event_choices":[{"cards_removed":["Bash"],"damage_healed":0,"gold_gain":0,"player_choice":"Card Removal","damage_taken":0,"max_hp_gain":0,"max_hp_loss":0,"event_name":"Wheel of Change","floor":2,"gold_loss":0},{"cards_removed":["Strike_R"],"damage_healed":0,"gold_gain":0,"player_choice":"Card Removal","damage_taken":7,"max_hp_gain":0,"max_hp_loss":0,"event_name":"Golden Wing","floor":4,"gold_loss":0},{"damage_healed":0,"gold_gain":0,"player_choice":"Ignored","damage_taken":0,"max_hp_gain":0,"max_hp_loss":0,"event_name":"NoteForYourself","floor":13,"gold_loss":0},{"damage_healed":0,"gold_gain":0,"cards_transformed":["Strike_R","Strike_R"],"player_choice":"Became Test Subject","damage_taken":0,"max_hp_gain":0,"max_hp_loss":0,"event_name":"Drug Dealer","floor":19,"gold_loss":0,"cards_obtained":["Limit Break","Spot Weakness"]},{"damage_healed":0,"gold_gain":0,"player_choice":"Ignored","damage_taken":0,"max_hp_gain":0,"max_hp_loss":0,"event_name":"Vampires","floor":20,"gold_loss":0},{"damage_healed":0,"gold_gain":0,"player_choice":"Obtained Relic","damage_taken":0,"relics_obtained":["Ancient Tea Set"],"max_hp_gain":0,"max_hp_loss":0,"event_name":"Addict","floor":22,"gold_loss":85}],"is_beta":false,"boss_relics":[{"not_picked":["Philosopher\u0027s Stone","Ectoplasm"],"picked":"Tiny House"}],"items_purged_floors":[],"is_endless":false,"potions_floor_spawned":[3,5,11,12,21],"killed_by":"Slavers","ascension_level":0}}