{"host":"2dlnczw2d95qscnt","time":1613504862,"event":{"mods":["AchievementEnabler","BaseMod","Colored Map","Colored Powertips","Duelist Mod","GifTheSpireLib","Minty Spire (QoL Compilation)","StSLib"],"gold_per_floor":[139,153,170,180,192,220,232,232,300,313,329,329,362,375,375,479,479,494,494,263,289,302,328,427,437,437,470,470,129,146,174,174,274,274,286,297,297,99,109,144,161,186,258,108,123,158,175,175,175,175,175,175,25,57,57],"floor_reached":56,"language":"ENG","playtime":7553,"items_purged":["theDuelist:CastleWalls","theDuelist:Sparks","theDuelist:BeaverWarrior","Parasite"],"score":1613,"play_id":"5b58807a-a5bf-4d29-b836-a651ba8e96ed","local_time":"20210216204742","is_ascension_mode":false,"campfire_choices":[{"data":"theDuelist:RainbowNeos","floor":8.0,"key":"SMITH"},{"floor":12.0,"key":"RECALL"},{"data":"Blind","floor":15.0,"key":"SMITH"},{"data":"theDuelist:KamionTimelord","floor":32.0,"key":"SMITH"},{"data":"theDuelist:RainbowKuriboh","floor":49,"key":"SMITH"},{"data":"theDuelist:SpiralSpearStrike+1","floor":52,"key":"SMITH"}],"circlet_count":0,"master_deck":["theDuelist:CastleWalls+1","theDuelist:FinalFlame+1","theDuelist:GiantSoldier+1","theDuelist:GiantSoldier+1","theDuelist:ScrapFactory+1","theDuelist:BerserkerCrush+2","theDuelist:WhiteMagicalHat+1","theDuelist:RainbowNeos+1","theDuelist:LightningVortex+1","theDuelist:Eva+1","theDuelist:Tuningware+1","theDuelist:ElectromagneticShield+1","theDuelist:SpiralSpearStrike+2","Blind+1","theDuelist:DarkBurningAttack+1","theDuelist:LightningBlade+1","theDuelist:WhiteMagicalHat+1","theDuelist:HappyLover+1","theDuelist:RainbowKuriboh+1","theDuelist:RainbowNeos+1","theDuelist:KamionTimelord+1","theDuelist:GridRod+1","theDuelist:YellowBelliedOni+1","theDuelist:RainbowNeos+1","theDuelist:PreventRat+1","theDuelist:SilverApples+1","theDuelist:SwordsConcealing+1","theDuelist:DoubleTool+2","theDuelist:BattleFootballer+1","theDuelist:GravityAxe+1","theDuelist:MagnumShield+2","theDuelist:CircleFireKings+1","theDuelist:WhiteHowling+1","Mayhem+1","theDuelist:SolarWindJammer+1","theDuelist:ImperialOrder+1","theDuelist:PreventRat+1","theDuelist:GravityLash+1","theDuelist:Tuningware+1","theDuelist:ForbiddenLance+3","theDuelist:MagnumShield+3","theDuelist:KamionTimelord+1","theDuelist:DoubleTool+2","theDuelist:RainbowKuriboh+1","theDuelist:RainbowNeos+1"],"relics":["theDuelist:MillenniumPuzzle","theDuelist:CardPoolRelic","theDuelist:CardPoolBasicRelic","theDuelist:BoosterPackPoolRelic","theDuelist:CardPoolAddRelic","theDuelist:CardPoolMinusRelic","theDuelist:CardPoolSaveRelic","theDuelist:CardPoolOptionsRelic","Happy Flower","Mango","Black Star","Prayer Wheel","Bag of Marbles","theDuelist:DuelistOrichalcum","War Paint","Snake Skull","Frozen Egg 2","Toy Ornithopter","Oddly Smooth Stone","theDuelist:GiftAnubis","Anchor","theDuelist:MillenniumPrayerbook","Coffee Dripper","theDuelist:PrayerPageB","theDuelist:PrayerPageA","PreservedInsect","Orichalcum","Question Card","Bottled Flame","Strawberry","Pocketwatch","theDuelist:BoosterPackSpellEgg"],"acts_visited":["Exordium","TheCity","TheBeyond","TheEnding"],"potions_floor_usage":[42,50,55],"damage_taken":[{"damage":0.0,"enemies":"Cultist","floor":1.0,"turns":3.0},{"damage":0.0,"enemies":"Small Slimes","floor":2.0,"turns":2.0},{"damage":2.0,"enemies":"Jaw Worm","floor":3.0,"turns":2.0},{"damage":12.0,"enemies":"Gremlin Gang","floor":4.0,"turns":7.0},{"damage":0.0,"enemies":"Blue Slaver","floor":5.0,"turns":3.0},{"damage":2.0,"enemies":"Lagavulin","floor":6.0,"turns":5.0},{"damage":0.0,"enemies":"3 Louse","floor":7.0,"turns":3.0},{"damage":0.0,"enemies":"2 Fungi Beasts","floor":10.0,"turns":3.0},{"damage":0.0,"enemies":"Looter","floor":11.0,"turns":2.0},{"damage":0.0,"enemies":"3 Sentries","floor":13.0,"turns":4.0},{"damage":3.0,"enemies":"Gremlin Gang","floor":14.0,"turns":4.0},{"damage":0.0,"enemies":"Hexaghost","floor":16.0,"turns":7.0},{"damage":1.0,"enemies":"Spheric Guardian","floor":18.0,"turns":3.0},{"damage":3.0,"enemies":"Shell Parasite","floor":22.0,"turns":4.0},{"damage":0.0,"enemies":"theDuelist:KaibaA2","floor":23.0,"turns":5.0},{"damage":10.0,"enemies":"Cultist and Chosen","floor":25.0,"turns":5.0},{"damage":37.0,"enemies":"Slavers","floor":27.0,"turns":6.0},{"damage":0.0,"enemies":"Snake Plant","floor":30.0,"turns":4.0},{"damage":0.0,"enemies":"theDuelist:KaibaA2","floor":31.0,"turns":5.0},{"damage":16.0,"enemies":"Collector","floor":33.0,"turns":6.0},{"damage":0,"enemies":"3 Shapes","floor":35,"turns":3},{"damage":0,"enemies":"Orb Walker","floor":36,"turns":4},{"damage":0,"enemies":"Writhing Mass","floor":39,"turns":4},{"damage":54,"enemies":"Reptomancer","floor":40,"turns":5},{"damage":0,"enemies":"Transient","floor":41,"turns":5},{"damage":0,"enemies":"Nemesis","floor":42,"turns":7},{"damage":0,"enemies":"Jaw Worm Horde","floor":45,"turns":2},{"damage":0,"enemies":"Reptomancer","floor":46,"turns":5},{"damage":0,"enemies":"Spire Growth","floor":47,"turns":3},{"damage":3,"enemies":"Donu and Deca","floor":50,"turns":5},{"damage":0,"enemies":"Shield and Spear","floor":54,"turns":4},{"damage":43,"enemies":"The Heart","floor":55,"turns":6}],"seed_played":"-2965010284813920295","potions_obtained":[{"floor":1.0,"key":"theDuelist:GiftPotion"},{"floor":3.0,"key":"Block Potion"},{"floor":4.0,"key":"theDuelist:FlamingBottle"},{"floor":22.0,"key":"theDuelist:VoidBottle"},{"floor":23.0,"key":"theDuelist:WhiteBottle"},{"floor":30.0,"key":"theDuelist:WaterBottle"},{"floor":33.0,"key":"SpeedPotion"},{"floor":42,"key":"theDuelist:BottledKuriboh"},{"floor":46,"key":"theDuelist:FlamingBottle"},{"floor":54,"key":"SteroidPotion"}],"is_trial":false,"path_per_floor":["M","M","M","M","M","E","M","R","T","M","M","R","E","M","R","B",null,"M","?","$","T","M","E","?","M","T","E","?","$","M","E","R","B",null,"M","M","?","$","M","E","M","E","T","$","M","E","M","?","R","B",null,"R","$","E","B",null],"character_chosen":"THE_DUELIST","items_purchased":["Bag of Marbles","theDuelist:GiftAnubis","theDuelist:WhiteHowling+1"],"campfire_rested":0,"item_purchase_floors":[20,29,38],"current_hp_per_floor":[88,88,86,74,74,72,72,72,72,72,72,72,86,83,83,83,102,101,101,101,101,98,98,98,88,88,65,65,65,65,65,65,49,102,102,102,102,102,102,48,48,53,53,53,53,60,60,55,55,57,106,106,106,106,63],"gold":57,"neow_bonus":"TEN_PERCENT_HP_BONUS","is_daily":false,"chose_seed":false,"campfire_upgraded":5,"win_rate":0.0,"timestamp":1613504862,"path_taken":["M","M","M","?","M","E","?","R","T","M","M","R","E","M","R","BOSS","M","?","$","?","?","E","?","M","T","E","?","$","M","E","R","BOSS","M","?","?","$","M","E","?","E","T","$","M","E","M","?","R","BOSS","R","$","E","BOSS"],"items_purchased_type":["Relic","Relic","Card"],"build_version":"2020-12-22","purchased_purges":4,"victory":true,"max_hp_per_floor":[88,88,88,88,88,88,88,88,88,88,88,88,102,102,102,102,102,102,102,102,102,102,102,102,102,102,102,102,102,102,102,102,102,102,102,102,102,102,102,102,102,102,102,99,99,106,106,106,106,106,106,106,106,106,106],"card_choices":[{"not_picked":["theDuelist:MagnumShield+1","theDuelist:MagicalStone+1","theDuelist:Hinotama+1","theDuelist:AncientGearFist+1"],"picked":"theDuelist:BerserkerCrush+1","floor":1.0},{"not_picked":["theDuelist:RainbowNeos","theDuelist:Eva","theDuelist:WormApocalypse","theDuelist:Predaponics"],"picked":"theDuelist:WhiteMagicalHat","floor":2.0},{"not_picked":["theDuelist:SpellShatteringArrow","theDuelist:DoubleTool","theDuelist:CoreBlaster","theDuelist:CombinationAttack","theDuelist:Hinotama"],"picked":"SKIP","floor":3.0},{"not_picked":["theDuelist:AfterTheStorm","theDuelist:BigKoala","theDuelist:Wiretap","theDuelist:WhiteNinja"],"picked":"theDuelist:RainbowNeos","floor":4.0},{"not_picked":["theDuelist:UnderworldCannon+1","theDuelist:SilentDoom+1"],"picked":"theDuelist:LightningVortex+1","floor":5.0},{"not_picked":["theDuelist:CombinationAttack","theDuelist:OnslaughtFireKings","theDuelist:Downbeat","theDuelist:SilentDoom"],"picked":"theDuelist:Eva","floor":6.0},{"not_picked":["theDuelist:SpellShatteringArrow","theDuelist:FluteKuriboh","theDuelist:MagnumShield","theDuelist:VendreadCharge"],"picked":"theDuelist:Tuningware","floor":7.0},{"not_picked":["theDuelist:ImperialOrder","theDuelist:GravityAxe","theDuelist:MiraculousDescent","theDuelist:GridRod"],"picked":"theDuelist:ElectromagneticShield","floor":10.0},{"not_picked":["theDuelist:Predaponics","theDuelist:BattleFootballer","theDuelist:PotDuality","theDuelist:CrystalBlessing"],"picked":"theDuelist:SpiralSpearStrike","floor":11.0},{"not_picked":["Bandage Up","Panacea","The Bomb"],"picked":"Blind","floor":13.0},{"not_picked":["theDuelist:DoubleTool","theDuelist:ScrapFactory","theDuelist:WhiteMagicalHat","theDuelist:SolarWindJammer"],"picked":"theDuelist:DarkBurningAttack","floor":14.0},{"not_picked":["theDuelist:SwordsConcealing","theDuelist:GridRod","theDuelist:GravityLash","theDuelist:KamionTimelord"],"picked":"theDuelist:LightningBlade","floor":16.0},{"not_picked":["theDuelist:CoreBlaster","theDuelist:ScrapFactory","theDuelist:EgoBoost","theDuelist:Reinforcements"],"picked":"theDuelist:WhiteMagicalHat+1","floor":18.0},{"not_picked":["theDuelist:RainbowNeos","theDuelist:KamionTimelord","theDuelist:Eva","theDuelist:Blockman"],"picked":"theDuelist:HappyLover","floor":22.0},{"not_picked":["theDuelist:RainbowNeos","theDuelist:HappyLover","theDuelist:Eva","theDuelist:RainbowOverdragon"],"picked":"theDuelist:RainbowKuriboh+1","floor":22.0},{"not_picked":["theDuelist:Sangan","theDuelist:WhiteNinja","theDuelist:Eva","theDuelist:SangaEarth"],"picked":"theDuelist:RainbowNeos+1","floor":23.0},{"not_picked":["theDuelist:RainbowNeos","theDuelist:HappyLover","theDuelist:RainbowKuriboh+1","theDuelist:RainbowOverdragon+1"],"picked":"theDuelist:KamionTimelord","floor":25.0},{"not_picked":["theDuelist:ImperialOrder+1","theDuelist:GravityAxe+1","theDuelist:ElectromagneticShield+1","theDuelist:Electrowhip+1"],"picked":"theDuelist:GridRod+1","floor":25.0},{"not_picked":["theDuelist:MudragonSwamp","theDuelist:PotAvarice","theDuelist:Raigeki","theDuelist:UltraPolymerization+1"],"picked":"theDuelist:YellowBelliedOni+1","floor":27.0},{"not_picked":["theDuelist:SangaEarth","theDuelist:MythicalBeast","theDuelist:WormApocalypse","theDuelist:FrontierWiseman"],"picked":"theDuelist:PreventRat+1","floor":30.0},{"not_picked":["theDuelist:CombinationAttack","theDuelist:WhiteMagicalHat","theDuelist:BigFire","theDuelist:WhiteNinja+1"],"picked":"theDuelist:SilverApples+1","floor":30.0},{"not_picked":["theDuelist:CoreBlaster","theDuelist:RainbowNeos+1","theDuelist:MagnumShield","theDuelist:FairyBox","theDuelist:ImperialOrder+1"],"picked":"SKIP","floor":31.0},{"not_picked":["theDuelist:SevenCompleted","theDuelist:PineappleBlast","theDuelist:InstantFusion+1","theDuelist:GridRod+1"],"picked":"theDuelist:SwordsConcealing+1","floor":33.0},{"not_picked":["theDuelist:CoreBlaster+1","theDuelist:MeteorDestruction","theDuelist:SpellShatteringArrow","theDuelist:StarBlast"],"picked":"theDuelist:DoubleTool+1","floor":35},{"not_picked":["theDuelist:FuryFire","theDuelist:Sangan+1","theDuelist:VenomShot+1","theDuelist:SpiralSpearStrike+1"],"picked":"theDuelist:BattleFootballer","floor":35},{"not_picked":["theDuelist:MiraculousDescent+1","theDuelist:Electrowhip+1","theDuelist:WhiteHowling+1","theDuelist:ElectromagneticShield+1"],"picked":"theDuelist:GravityAxe+1","floor":36},{"not_picked":["theDuelist:LegendarySword+2","theDuelist:MagicalStone+1","theDuelist:MeteorDestruction+2","theDuelist:SparkBlaster+1"],"picked":"theDuelist:MagnumShield+1","floor":36},{"not_picked":["Magnetism+1","Secret Weapon","The Bomb"],"picked":"Mayhem+1","floor":39},{"not_picked":["theDuelist:Hinotama+1","theDuelist:EgoBoost+1","theDuelist:PotDuality","theDuelist:ChaosSeed+1"],"picked":"theDuelist:SolarWindJammer","floor":39},{"not_picked":["theDuelist:MiraculousDescent+1","theDuelist:ElectromagneticShield+1","theDuelist:WhiteHowling+1","theDuelist:SwordsConcealing+1"],"picked":"theDuelist:ImperialOrder+1","floor":40},{"not_picked":["theDuelist:RainbowNeos","theDuelist:Sangan","theDuelist:SolarWindJammer","theDuelist:MythicalBeast+1"],"picked":"theDuelist:PreventRat+1","floor":41},{"not_picked":["theDuelist:MillenniumShield","theDuelist:InstantFusion","theDuelist:Raigeki","theDuelist:SwordsRevealing"],"picked":"theDuelist:GravityLash+1","floor":41},{"not_picked":["theDuelist:SpellShatteringArrow+1","theDuelist:ScrapFactory+1","theDuelist:SwordDeepSeated","theDuelist:Downbeat+1"],"picked":"theDuelist:Tuningware","floor":42},{"not_picked":["theDuelist:BattleguardKing","theDuelist:GauntletWarrior","theDuelist:WingedKuriboh","theDuelist:SmashingGround"],"picked":"theDuelist:ForbiddenLance+2","floor":45},{"not_picked":["theDuelist:AncientGearFist+3","theDuelist:InfernoFireBlast+1","theDuelist:LegendarySword+1","theDuelist:SpiralSpearStrike+1"],"picked":"theDuelist:MagnumShield+2","floor":45},{"not_picked":["theDuelist:Eva","theDuelist:MythicalBeast+1","theDuelist:SpiritHarp+1","theDuelist:Mathematician+1"],"picked":"theDuelist:KamionTimelord+1","floor":46},{"not_picked":["theDuelist:RainbowNeos","theDuelist:BigFire+1","theDuelist:CoreBlaster+1","theDuelist:Sangan"],"picked":"theDuelist:DoubleTool+1","floor":47},{"not_picked":["theDuelist:RainbowNeos","theDuelist:DoubleTool","theDuelist:Hinotama+1","theDuelist:MeteorDestruction+1","theDuelist:MythicalBeast+1"],"picked":"SKIP","floor":47},{"not_picked":["theDuelist:BeaverWarrior+1","theDuelist:PreventRat","theDuelist:NaturiaHydrangea","theDuelist:Jinzo+1"],"picked":"theDuelist:RainbowKuriboh","floor":48},{"not_picked":["theDuelist:BigFire+1","theDuelist:CoreBlaster+4","theDuelist:MeteorDestruction+4","theDuelist:CombinationAttack+6"],"picked":"theDuelist:RainbowNeos+1","floor":54}],"player_experience":48374,"relics_obtained":[{"floor":6.0,"key":"Happy Flower"},{"floor":13.0,"key":"Mango"},{"floor":21.0,"key":"theDuelist:DuelistOrichalcum"},{"floor":23.0,"key":"War Paint"},{"floor":23.0,"key":"Snake Skull"},{"floor":26.0,"key":"Frozen Egg 2"},{"floor":27.0,"key":"Toy Ornithopter"},{"floor":27.0,"key":"Oddly Smooth Stone"},{"floor":31.0,"key":"Anchor"},{"floor":31.0,"key":"theDuelist:MillenniumPrayerbook"},{"floor":40,"key":"theDuelist:PrayerPageB"},{"floor":40,"key":"theDuelist:PrayerPageA"},{"floor":42,"key":"PreservedInsect"},{"floor":42,"key":"Orichalcum"},{"floor":43,"key":"Question Card"},{"floor":46,"key":"Bottled Flame"},{"floor":46,"key":"Strawberry"},{"floor":54,"key":"Pocketwatch"},{"floor":54,"key":"theDuelist:BoosterPackSpellEgg"}],"event_choices":[{"damage_healed":0.0,"max_hp_gain":0.0,"max_hp_loss":0.0,"gold_gain":0.0,"event_name":"WeMeetAgain","player_choice":"Gave Potion","floor":19.0,"gold_loss":0.0,"damage_taken":0.0,"relics_obtained":["Prayer Wheel"]},{"damage_healed":0.0,"max_hp_gain":0.0,"max_hp_loss":0.0,"gold_gain":99.0,"event_name":"Nest","player_choice":"Stole From Cult","floor":24.0,"gold_loss":0.0,"damage_taken":0.0},{"damage_healed":0.0,"max_hp_gain":0.0,"max_hp_loss":0.0,"gold_gain":0.0,"cards_transformed":["theDuelist:Sparks"],"event_name":"Transmorgrifier","player_choice":"Transformed","floor":28.0,"gold_loss":0.0,"damage_taken":0.0,"cards_obtained":["theDuelist:RainbowNeos"]},{"damage_healed":0,"gold_gain":0,"cards_transformed":["theDuelist:BeaverWarrior"],"player_choice":"Transformed","damage_taken":0,"max_hp_gain":0,"max_hp_loss":0,"event_name":"Transmorgrifier","floor":37,"gold_loss":0,"cards_obtained":["theDuelist:CircleFireKings"]},{"damage_healed":0,"gold_gain":0,"player_choice":"Memory 2","damage_taken":5,"max_hp_gain":0,"max_hp_loss":0,"event_name":"SensoryStone","floor":48,"gold_loss":0}],"is_beta":false,"boss_relics":[{"not_picked":["Philosopher\u0027s Stone","Mark of Pain"],"picked":"Black Star"},{"not_picked":["theDuelist:HauntedRelic","Empty Cage"],"picked":"Coffee Dripper"}],"items_purged_floors":[20,29,38,44],"is_endless":false,"potions_floor_spawned":[1,3,4,10,13,22,23,25,30,33,35,39,42,46,47,54],"ascension_level":0}}