{"host":"ul3z8ex5o8l5j7mh","time":1613494804,"event":{"mods":["AchievementEnabler","BaseMod","Bestiary","Colored Map","Colored Powertips","DeckTracker","Keyboard Shortcuts","Minty Spire (QoL Compilation)","Relic Sorter","Relic Stats","SuperFastMode"],"gold_per_floor":[113,128,148,148,148,148,148],"floor_reached":6,"language":"ENG","playtime":219,"items_purged":[],"score":45,"play_id":"f4b0ad2e-ef8b-4982-99a6-601eea265d44","local_time":"20210216180004","is_ascension_mode":true,"campfire_choices":[],"circlet_count":0,"master_deck":["Strike_R","Strike_R+1","Strike_R","Strike_R","Strike_R","Defend_R","Defend_R","Defend_R","Defend_R","Bash","Rampage+1","Bloodletting+1"],"relics":["SacredBark"],"acts_visited":["Exordium"],"potions_floor_usage":[2,6],"damage_taken":[{"damage":6,"enemies":"Cultist","floor":1,"turns":3},{"damage":6,"enemies":"2 Louse","floor":2,"turns":3},{"damage":10,"enemies":"Small Slimes","floor":3,"turns":4},{"damage":54,"enemies":"Lagavulin","floor":6,"turns":6}],"seed_played":"-5047998101407354193","potions_obtained":[{"floor":2,"key":"Fruit Juice"},{"floor":3,"key":"PowerPotion"}],"is_trial":false,"path_per_floor":["M","M","M","?","?","E"],"character_chosen":"IRONCLAD","items_purchased":[],"campfire_rested":0,"item_purchase_floors":[],"current_hp_per_floor":[74,78,68,68,50,0,0],"gold":148,"neow_bonus":"BOSS_RELIC","is_daily":false,"chose_seed":false,"campfire_upgraded":0,"win_rate":0.0,"timestamp":1613494804,"path_taken":["M","M","M","?","?","E"],"items_purchased_type":[],"build_version":"2020-12-22","purchased_purges":0,"victory":false,"max_hp_per_floor":[80,90,90,90,90,90,90],"relic_stats":{"counters":[4,16],"obtain_stats":[{"SacredBark":0,"Burning Blood":0},{"SacredBark":0,"Burning Blood":0},{"SacredBark":0,"Burning Blood":0}]},"card_choices":[{"not_picked":["Warcry","Twin Strike"],"picked":"Rampage","floor":1},{"not_picked":["Armaments","Wild Strike","Twin Strike"],"picked":"SKIP","floor":2},{"not_picked":["Sword Boomerang","Whirlwind"],"picked":"Bloodletting","floor":3}],"player_experience":386159,"relics_obtained":[],"event_choices":[{"damage_healed":0,"gold_gain":0,"player_choice":"Grow","damage_taken":0,"max_hp_gain":0,"max_hp_loss":0,"event_name":"Living Wall","floor":4,"gold_loss":0,"cards_upgraded":["Rampage"]},{"damage_healed":0,"gold_gain":0,"player_choice":"Entered Light","damage_taken":18,"max_hp_gain":0,"max_hp_loss":0,"event_name":"Shining Light","floor":5,"gold_loss":0,"cards_upgraded":["Strike_R","Bloodletting"]}],"is_beta":false,"boss_relics":[],"items_purged_floors":[],"is_endless":false,"potions_floor_spawned":[2,3],"killed_by":"Lagavulin","ascension_level":5}}