{"host":"2lo6hma6kymb0g9i","time":1613505018,"event":{"mods":["BaseMod","Colored Map","DeckTracker","Minty Spire (QoL Compilation)"],"gold_per_floor":[117,117,133,151,162,162,187,187,210,59,77,127,139,152,152,226,226,241,241,254,266,266,266],"floor_reached":22,"language":"JPN","playtime":1520,"items_purged":["Strike_R"],"score":380,"play_id":"774e770c-6f92-4a42-b4c5-60a61df3913c","local_time":"20210217045018","is_ascension_mode":true,"campfire_choices":[{"data":"Blood for Blood","floor":6.0,"key":"SMITH"},{"data":"Flame Barrier","floor":8.0,"key":"SMITH"},{"floor":15,"key":"REST"}],"circlet_count":0,"master_deck":["AscendersBane","Strike_R","Defend_R","Defend_R","Defend_R","Defend_R","Bash","Blood for Blood+1","Flame Barrier+1","Headbutt","Rampage","Rage","Disarm","Dropkick"],"relics":["Burning Blood","Happy Flower","Red Skull","Runic Cube"],"acts_visited":["Exordium","TheCity"],"potions_floor_usage":[16,20,22],"damage_taken":[{"damage":14.0,"enemies":"Small Slimes","floor":1.0,"turns":4.0},{"damage":13.0,"enemies":"Cultist","floor":3.0,"turns":5.0},{"damage":4.0,"enemies":"2 Louse","floor":4.0,"turns":3.0},{"damage":26.0,"enemies":"Lots of Slimes","floor":5.0,"turns":6.0},{"damage":25.0,"enemies":"Lagavulin","floor":7.0,"turns":9.0},{"damage":11.0,"enemies":"3 Louse","floor":11.0,"turns":4.0},{"damage":3,"enemies":"Exordium Wildlife","floor":13,"turns":4},{"damage":4,"enemies":"Red Slaver","floor":14,"turns":3},{"damage":12,"enemies":"The Guardian","floor":16,"turns":9},{"damage":7,"enemies":"Chosen","floor":18,"turns":6},{"damage":17,"enemies":"Spheric Guardian","floor":20,"turns":5},{"damage":20,"enemies":"Snake Plant","floor":21,"turns":3},{"damage":18,"enemies":"Sentry and Sphere","floor":22,"turns":5}],"seed_played":"3197822187204951348","potions_obtained":[{"floor":1.0,"key":"BloodPotion"},{"floor":3.0,"key":"PowerPotion"},{"floor":4.0,"key":"SkillPotion"},{"floor":7.0,"key":"LiquidBronze"},{"floor":13,"key":"PowerPotion"},{"floor":16,"key":"Fire Potion"},{"floor":20,"key":"Block Potion"}],"is_trial":false,"path_per_floor":["M","?","M","M","M","R","E","R","T","$","M","?","M","M","R","B",null,"M","?","M","M","M"],"character_chosen":"IRONCLAD","items_purchased":["Rampage"],"campfire_rested":1,"item_purchase_floors":[10],"current_hp_per_floor":[42,42,35,52,32,32,13,13,13,13,8,8,11,13,35,29,64,63,42,31,17,0,0],"gold":266,"neow_bonus":"REMOVE_TWO","is_daily":false,"chose_seed":false,"campfire_upgraded":2,"win_rate":0.0,"timestamp":1613505018,"path_taken":["M","?","?","M","M","R","E","R","T","?","M","?","M","?","R","BOSS","M","?","M","M","M"],"items_purchased_type":["Card"],"build_version":"2020-12-22","purchased_purges":1,"victory":false,"max_hp_per_floor":[75,75,75,75,75,75,75,75,75,75,75,75,75,75,75,75,75,75,80,80,80,80,80],"card_choices":[{"not_picked":["Metallicize","Shockwave"],"picked":"Blood for Blood","floor":1.0},{"not_picked":["Thunderclap","Dark Embrace","Wild Strike"],"picked":"SKIP","floor":3.0},{"not_picked":["True Grit","Burning Pact","Flex"],"picked":"SKIP","floor":4.0},{"not_picked":["True Grit","Infernal Blade"],"picked":"Flame Barrier","floor":5.0},{"not_picked":["Brutality","Fire Breathing"],"picked":"Headbutt","floor":7.0},{"not_picked":["Combust","True Grit"],"picked":"Rage","floor":11.0},{"not_picked":["Perfected Strike","Burning Pact"],"picked":"Disarm","floor":13},{"not_picked":["Flex","Heavy Blade","Cleave"],"picked":"SKIP","floor":14},{"not_picked":["Hemokinesis","Entrench","Heavy Blade"],"picked":"SKIP","floor":18},{"not_picked":["Rage","Havoc"],"picked":"Dropkick","floor":20},{"not_picked":["Sword Boomerang","Twin Strike","Anger"],"picked":"SKIP","floor":21}],"player_experience":1218467,"relics_obtained":[{"floor":7.0,"key":"Happy Flower"},{"floor":9.0,"key":"Red Skull"}],"event_choices":[{"cards_removed":["Strike_R"],"damage_healed":0.0,"max_hp_gain":0.0,"max_hp_loss":0.0,"gold_gain":0.0,"event_name":"Purifier","player_choice":"Purged","floor":2.0,"gold_loss":0.0,"damage_taken":0.0},{"damage_healed":0.0,"max_hp_gain":0.0,"max_hp_loss":0.0,"gold_gain":50.0,"event_name":"Golden Shrine","player_choice":"Pray","floor":12.0,"gold_loss":0.0,"damage_taken":0.0},{"damage_healed":0,"gold_gain":0,"player_choice":"Shed Blood","damage_taken":26,"max_hp_gain":5,"max_hp_loss":0,"event_name":"Forgotten Altar","floor":19,"gold_loss":0}],"is_beta":false,"boss_relics":[{"not_picked":["Runic Dome","Astrolabe"],"picked":"Runic Cube"}],"items_purged_floors":[10],"is_endless":false,"potions_floor_spawned":[1,3,4,7,13,16,20,21],"killed_by":"Sentry and Sphere","ascension_level":20}}