{"host":"v4tuy5ykrbdcm9o9","time":1613446856,"event":{"mods":["BaseMod","Duelist Mod","Minty Spire (QoL Compilation)","Replay The Spire","StSLib"],"gold_per_floor":[112,127,142,162,176,207,207,238,238,267,286,286,286,311,311,408,408,428,438,448,461,461,461],"floor_reached":22,"language":"ENG","playtime":3335,"items_purged":[],"score":380,"play_id":"480ffa12-e3d6-43fb-b773-6eceb57b0489","local_time":"20210215224056","is_ascension_mode":true,"campfire_choices":[{"floor":7,"key":"RECALL"},{"floor":15,"key":"REST"}],"circlet_count":0,"master_deck":["Strike_P","Strike_P","Strike_P","Strike_P","Defend_P","Defend_P","Defend_P","Defend_P","Eruption","Vigilance","CutThroughFate","CutThroughFate","Weave","Consecrate","FlurryOfBlows","WindmillStrike","Perseverance","Establishment+1","Wallop","JustLucky","DevaForm","FollowUp","SignatureMove+1","WheelKick+1","ThirdEye"],"relics":["PureWater","MealTicket","Mango","Counterbalance","Letter Opener","ChewingGum"],"acts_visited":["Exordium","TheCity"],"potions_floor_usage":[5,6,6,8,10,19,21,21],"damage_taken":[{"damage":0,"enemies":"Cultist","floor":1,"turns":3},{"damage":4,"enemies":"Jaw Worm","floor":2,"turns":6},{"damage":0,"enemies":"2 Louse","floor":3,"turns":2},{"damage":0,"enemies":"Blue Slaver","floor":4,"turns":3},{"damage":3,"enemies":"3 Louse","floor":5,"turns":2},{"damage":7,"enemies":"Lagavulin","floor":6,"turns":3},{"damage":0,"enemies":"Replay:BlueRogue","floor":8,"turns":3},{"damage":30,"enemies":"Lagavulin","floor":10,"turns":3},{"damage":10,"enemies":"Lots of Slimes","floor":11,"turns":3},{"damage":17,"enemies":"Replay:BlueRogue","floor":14,"turns":5},{"damage":12,"enemies":"Slime Boss","floor":16,"turns":8},{"damage":13,"enemies":"3 Byrds","floor":18,"turns":4},{"damage":7,"enemies":"Chosen","floor":19,"turns":3},{"damage":21,"enemies":"Snecko","floor":20,"turns":5},{"damage":33,"enemies":"Snake Plant","floor":21,"turns":4},{"damage":0,"enemies":"Masked Bandits","floor":22,"turns":2}],"seed_played":"-3858346005887948124","potions_obtained":[{"floor":2,"key":"DistilledChaos"},{"floor":3,"key":"FearPotion"},{"floor":5,"key":"GamblersBrew"},{"floor":6,"key":"FearPotion"},{"floor":8,"key":"BlessingOfTheForge"},{"floor":18,"key":"Swift Potion"},{"floor":20,"key":"EntropicBrew"}],"is_trial":false,"path_per_floor":["M","M","M","M","M","E","R","E","T","E","M","?","?","E","R","B",null,"M","M","M","M","?"],"character_chosen":"WATCHER","items_purchased":[],"campfire_rested":1,"item_purchase_floors":[],"current_hp_per_floor":[72,68,68,68,65,58,58,72,72,42,32,32,32,15,42,30,77,64,57,36,3,3,3],"gold":461,"neow_bonus":"TEN_PERCENT_HP_BONUS","is_daily":false,"chose_seed":false,"campfire_upgraded":0,"win_rate":0.0,"timestamp":1613446856,"path_taken":["M","M","M","M","M","E","R","E","T","E","M","?","?","E","R","BOSS","M","M","M","M","?"],"items_purchased_type":[],"build_version":"2020-12-22","purchased_purges":0,"victory":false,"max_hp_per_floor":[79,79,79,79,79,79,79,93,93,93,93,93,93,93,93,93,93,93,93,93,93,93,93],"card_choices":[{"not_picked":["Evaluate","WaveOfTheHand"],"picked":"CutThroughFate","floor":1},{"not_picked":["ThirdEye","FlyingSleeves"],"picked":"CutThroughFate","floor":2},{"not_picked":["Wallop","Replay:BluntJabs"],"picked":"Weave","floor":3},{"not_picked":["Replay:BluntJabs","BattleHymn"],"picked":"Consecrate","floor":4},{"not_picked":["LikeWater","FearNoEvil"],"picked":"FlurryOfBlows","floor":5},{"not_picked":["Protect","MentalFortress"],"picked":"WindmillStrike","floor":6},{"not_picked":["Wish","BowlingBash"],"picked":"Perseverance","floor":8},{"not_picked":["LikeWater","Replay:DivineShield"],"picked":"Establishment","floor":10},{"not_picked":["Study","Replay:AtTheReady"],"picked":"Wallop","floor":11},{"not_picked":["Nirvana","Replay:ManipulateFuture"],"picked":"JustLucky","floor":14},{"not_picked":["ConjureBlade","Blasphemy"],"picked":"DevaForm","floor":16},{"not_picked":["MentalFortress","CrushJoints"],"picked":"FollowUp","floor":18},{"not_picked":["WreathOfFlame","Sanctity"],"picked":"SignatureMove+1","floor":19},{"not_picked":["FlyingSleeves","Prostrate+1"],"picked":"WheelKick+1","floor":20},{"not_picked":["Replay:Battleflow","ReachHeaven"],"picked":"ThirdEye","floor":21}],"player_experience":884375,"relics_obtained":[{"floor":6,"key":"MealTicket"},{"floor":8,"key":"Mango"},{"floor":10,"key":"Counterbalance"},{"floor":14,"key":"Letter Opener"}],"event_choices":[{"damage_healed":0,"gold_gain":0,"player_choice":"Grow","damage_taken":0,"max_hp_gain":0,"max_hp_loss":0,"event_name":"Living Wall","floor":12,"gold_loss":0,"cards_upgraded":["Establishment"]},{"damage_healed":0,"gold_gain":0,"player_choice":"Ignored","damage_taken":0,"max_hp_gain":0,"max_hp_loss":0,"event_name":"Golden Wing","floor":13,"gold_loss":0},{"damage_healed":0,"gold_gain":0,"player_choice":"Fought Bandits","damage_taken":0,"max_hp_gain":0,"max_hp_loss":0,"event_name":"Masked Bandits","floor":22,"gold_loss":0}],"is_beta":false,"boss_relics":[{"not_picked":["Replay:Bronze Core","Calling Bell"],"picked":"ChewingGum"}],"items_purged_floors":[],"is_endless":false,"potions_floor_spawned":[2,3,5,6,8,18,20],"killed_by":"Masked Bandits","ascension_level":9}}