{"host":"80x1ozqd5wpd4nvo","time":1613516883,"event":{"mods":["2.2 Compatiblity","Aspiration","BaseMod","Better Altar","Better Match","Better Note","Better Sensory Stone","Better Skull","Better Third Choice","BetterRewards","Card Forge","Custom Start","DNKmod","Defuse TimeMaze Blight","Dota2Spire","Energized Spire","Friendly Minions","GifTheSpireLib","Hubris","Infinite Spire","Jedi Mod","Minty Spire (QoL Compilation)","MostiFishMod","Permanent Neow","Poor People Problems","Shapeshifter Mod","Shop Mod","Spicy Shops","StSLib","The Blue Laboratory","??????REMEMod"],"gold_per_floor":[1216,1216,1216,1231,1231,1231,1266,1266,1320,1331,1331,1356,1356,1356,1356,1460,1460,1472,1472,1572,1585,1596,1626,1213,1242,1242,1262,1280,1292,1292,1292,1292,1397,1397,1408,1408,665,684,492,521,532,559,584,584,594,617,617,637,637,654,654,654,137,169,169],"floor_reached":56,"language":"ENG","playtime":3515,"items_purged":["StSShapeShifter:ShapeShifter_Defend","StSShapeShifter:ShapeShifter_Defend","StSShapeShifter:ShapeShifter_Strike"],"score":1378,"play_id":"e1a0ab99-df76-4c7e-8516-12d753db0b95","local_time":"20210217000803","is_ascension_mode":false,"campfire_choices":[{"data":"StSShapeShifter:RockSlide","floor":6,"key":"SMITH"},{"data":"StSShapeShifter:AdaptiveStrikes","floor":8,"key":"SMITH"},{"data":"StSShapeShifter:Lynx_Form","floor":11,"key":"SMITH"},{"data":"StSShapeShifter:BladeOfGrass","floor":15,"key":"SMITH"},{"data":"StSShapeShifter:Ensconce","floor":32,"key":"SMITH"},{"data":"1","floor":44,"key":"LIFT"},{"data":"2","floor":47,"key":"LIFT"},{"floor":49,"key":"RECALL"},{"data":"3","floor":52,"key":"LIFT"}],"circlet_count":0,"master_deck":["StSShapeShifter:ShapeShifter_Strike","StSShapeShifter:ShapeShifter_Defend","StSShapeShifter:Tortoise_Form+1","StSShapeShifter:Lynx_Form+1","StSShapeShifter:MammothForm","StSShapeShifter:RockSlide+1","StSShapeShifter:AdaptiveStrikes+1","StSShapeShifter:DeepWound","StSShapeShifter:PorcupineForm+1","StSShapeShifter:BladeOfGrass+1","StSShapeShifter:BurstOfLifeEscapeDeath","StSShapeShifter:VineHandcuffs+1","StSShapeShifter:FlamingoForm","StSShapeShifter:DiverseSpirit","StSShapeShifter:ReplenishingNectar+1","StSShapeShifter:RhinoCalfForm+1","StSShapeShifter:Evolution","jedi:LeechingStrike","StSShapeShifter:ThornedSkin","StSShapeShifter:Synchronicity","StSShapeShifter:Ensconce+1","StSShapeShifter:OakBlade","StSShapeShifter:DragonForm+1","CurseOfTheBell","StSShapeShifter:OwlForm","StSShapeShifter:Garden+1","StSShapeShifter:DiverseSpirit+1","StSShapeShifter:BulwarkOfDiscovery+1","StSShapeShifter:LionForm+1","StSShapeShifter:SpiritOfTheEarth+1"],"relics":["StSShapeShifter:AnimalHeart","StSShapeShifter:TheShapeShiftersMagnolia","Hammer of Thor","Seething Fire","Anvil of the Gods","REME_ComplimentaryCards","DaveBox","SynthV:TestCard","infinitespire:Joker Card","Dota2Spire:BladeMail","StSShapeShifter:AlchemistsNecklace","Dota2Spire:MaskOfMadness","Dota2Spire:Bloodstone","BrkXgEgg","The Courier","infinitespire:Beetle Shell","Dota2Spire:Desolator","Calling Bell","InkBottle","Girya","StSShapeShifter:BeastkeepersGift","HornCleat","Happy Flower","Shuriken","Dota2Spire:Vanguard","Frozen Egg 2","Bottled Flame","Bird Faced Urn","aspiration:TomeofQuesting","hubris:Potato","Bag of Preparation","Oddly Smooth Stone"],"acts_visited":["Exordium","TheCity","TheBeyond","TheEnding"],"potions_floor_usage":[7,7,22,23,33,50,50],"damage_taken":[{"damage":0,"enemies":"2 Louse","floor":1,"turns":3},{"damage":0,"enemies":"Jaw Worm","floor":4,"turns":3},{"damage":0,"enemies":"Lagavulin","floor":7,"turns":5},{"damage":0,"enemies":"Small Slimes","floor":10,"turns":2},{"damage":0,"enemies":"3 Sentries","floor":12,"turns":6},{"damage":2,"enemies":"The Guardian","floor":16,"turns":10},{"damage":0,"enemies":"3 Byrds","floor":18,"turns":3},{"damage":0,"enemies":"Chosen","floor":21,"turns":4},{"damage":0,"enemies":"Snecko","floor":22,"turns":6},{"damage":17,"enemies":"Slavers","floor":23,"turns":5},{"damage":17,"enemies":"Gremlin Leader","floor":25,"turns":7},{"damage":10,"enemies":"Centurion and Healer","floor":27,"turns":4},{"damage":10,"enemies":"Chosen and Byrds","floor":28,"turns":2},{"damage":0,"enemies":"Snecko","floor":29,"turns":4},{"damage":2,"enemies":"Champ","floor":33,"turns":10},{"damage":6,"enemies":"3 Shapes","floor":35,"turns":2},{"damage":0,"enemies":"3 Darklings","floor":38,"turns":2},{"damage":4,"enemies":"Giant Head","floor":40,"turns":9},{"damage":4,"enemies":"Sphere and 2 Shapes","floor":41,"turns":3},{"damage":0,"enemies":"Nightmare","floor":42,"turns":5},{"damage":8,"enemies":"Transient","floor":45,"turns":5},{"damage":2,"enemies":"Writhing Mass","floor":48,"turns":3},{"damage":14,"enemies":"Time Eater","floor":50,"turns":10},{"damage":30,"enemies":"Shield and Spear","floor":54,"turns":6},{"damage":39,"enemies":"The Heart","floor":55,"turns":8}],"seed_played":"-4396273323383003564","potions_obtained":[{"floor":1,"key":"blueLaboratory:PhilterOfMotion"},{"floor":4,"key":"Dota2Spire:Clarity"},{"floor":12,"key":"jedi:holywater"},{"floor":18,"key":"blueLaboratory:PhilterOfMotion"},{"floor":21,"key":"blueLaboratory:BottledHope"},{"floor":28,"key":"LiquidBronze"},{"floor":38,"key":"blueLaboratory:NullPotion"},{"floor":41,"key":"blueLaboratory:ArtificerPotion"},{"floor":45,"key":"DistilledChaos"},{"floor":54,"key":"blueLaboratory:TrueEctoplasm"}],"is_trial":false,"path_per_floor":["M","?","?","M","?","R","E","R","T","M","R","E","?","?","R","B",null,"M","?","?","M","M","E","$","E","T","M","M","M","?","?","R","B",null,"M","?","$","M","$","E","M","NM","T","R","M","T","R","M","R","B",null,"R","$","E","B",null],"character_chosen":"SHAPESHIFTER","items_purchased":["StSShapeShifter:RhinoCalfForm+1","StSShapeShifter:Evolution","jedi:LeechingStrike","HornCleat","Happy Flower","Shuriken","Dota2Spire:Vanguard","Frozen Egg 2","hubris:Potato","Bag of Preparation","StSShapeShifter:LionForm+1","StSShapeShifter:SpiritOfTheEarth+1"],"campfire_rested":0,"item_purchase_floors":[24,24,24,37,37,37,37,39,53,53,53,53],"current_hp_per_floor":[100,100,93,93,93,93,93,93,93,93,93,93,98,98,98,96,105,105,105,105,105,105,88,88,82,82,92,85,101,101,101,101,99,105,105,105,105,105,105,101,97,105,105,105,105,105,105,105,105,102,105,105,105,105,105],"gold":169,"neow_bonus":"TRANSFORM_CARD","is_daily":false,"chose_seed":false,"campfire_upgraded":5,"win_rate":0.0,"timestamp":1613516883,"path_taken":["M","?","?","?","?","R","E","R","T","M","R","E","?","?","R","BOSS","M","?","?","M","M","E","$","E","T","M","?","M","?","?","R","BOSS","M","?","?","M","$","E","?","NM","T","R","M","?","R","M","R","BOSS","R","$","E","BOSS"],"items_purchased_type":["Card","Card","Card","Relic","Relic","Relic","Relic","Relic","Relic","Relic","Card","Card"],"build_version":"2020-12-22","purchased_purges":3,"victory":true,"max_hp_per_floor":[100,100,100,100,100,100,100,100,100,100,100,100,105,105,105,105,105,105,105,105,105,105,105,105,105,105,105,105,105,105,105,105,105,105,105,105,105,105,105,105,105,105,105,105,105,105,105,105,105,105,105,105,105,105,105],"card_choices":[{"not_picked":["StSShapeShifter:CursedApple","StSShapeShifter:BurstingSpore"],"picked":"StSShapeShifter:RockSlide","floor":1},{"not_picked":["StSShapeShifter:ThrashAbout","StSShapeShifter:PantherForm","StSShapeShifter:Hunt","StSShapeShifter:BarkSkin"],"picked":"StSShapeShifter:AdaptiveStrikes","floor":4},{"not_picked":["StSShapeShifter:Mystical_Branch","StSShapeShifter:RockSlide","StSShapeShifter:Guard","StSShapeShifter:MooseForm"],"picked":"StSShapeShifter:DeepWound","floor":7},{"not_picked":["StSShapeShifter:SquirrelForm","StSShapeShifter:Roar","StSShapeShifter:FlowerShield","StSShapeShifter:Rest"],"picked":"StSShapeShifter:PorcupineForm","floor":10},{"not_picked":["StSShapeShifter:Maul","StSShapeShifter:ThornToss","StSShapeShifter:OakBlade","StSShapeShifter:FlowerShield"],"picked":"StSShapeShifter:BladeOfGrass","floor":12},{"not_picked":["StSShapeShifter:Tornado","StSShapeShifter:MooseForm","StSShapeShifter:Vengeance","StSShapeShifter:Summer"],"picked":"StSShapeShifter:BurstOfLifeEscapeDeath","floor":16},{"not_picked":["StSShapeShifter:MonkeyForm","StSShapeShifter:FlamingoForm+1","StSShapeShifter:ForestFire","StSShapeShifter:ThornToss"],"picked":"StSShapeShifter:VineHandcuffs+1","floor":18},{"not_picked":["StSShapeShifter:WiltingWrath+1","StSShapeShifter:HippoForm","StSShapeShifter:HummingbirdForm","StSShapeShifter:Maul"],"picked":"StSShapeShifter:FlamingoForm","floor":21},{"not_picked":["StSShapeShifter:BurstingSpore+1","StSShapeShifter:SunflowerShuriken","StSShapeShifter:Flourish","StSShapeShifter:Rabid"],"picked":"StSShapeShifter:DiverseSpirit","floor":22},{"not_picked":["StSShapeShifter:SunflowerShuriken","StSShapeShifter:BladeOfGrass","StSShapeShifter:FlowerShield+1","StSShapeShifter:Bonk"],"picked":"StSShapeShifter:ReplenishingNectar","floor":23},{"not_picked":["StSShapeShifter:OpportuneSwoop+1","StSShapeShifter:FallingLeaves+1","StSShapeShifter:MammothForm+1","StSShapeShifter:RockSlide"],"picked":"StSShapeShifter:ThornedSkin","floor":25},{"not_picked":["StSShapeShifter:DeerForm+1","StSShapeShifter:EmbraceTheCycle","StSShapeShifter:VineHandcuffs","StSShapeShifter:SunflowerShuriken"],"picked":"StSShapeShifter:Synchronicity","floor":27},{"not_picked":["StSShapeShifter:RockSlide","StSShapeShifter:BladeOfGrass+1","StSShapeShifter:Maul+1","StSShapeShifter:HummingbirdForm","StSShapeShifter:AdaptiveStrikes+1"],"picked":"SKIP","floor":28},{"not_picked":["StSShapeShifter:WolfForm","StSShapeShifter:EmbraceTheCycle","StSShapeShifter:VileMushroom","StSShapeShifter:VineHandcuffs+1"],"picked":"StSShapeShifter:Ensconce","floor":29},{"not_picked":["StSShapeShifter:Pounce+1","StSShapeShifter:RestoreBalance+1","StSShapeShifter:Earthquake+1","StSShapeShifter:Blossom2+1"],"picked":"StSShapeShifter:DragonForm+1","floor":33},{"not_picked":["StSShapeShifter:ShiftingStrike+1","StSShapeShifter:WolfForm+1","StSShapeShifter:Maul+1","StSShapeShifter:CursedApple"],"picked":"StSShapeShifter:OwlForm","floor":35},{"not_picked":["StSShapeShifter:OakBlade+1","StSShapeShifter:PoisonIvy+1","StSShapeShifter:ThrashAbout+1","StSShapeShifter:MonkeyForm+1","StSShapeShifter:Wildfire2"],"picked":"SKIP","floor":38},{"not_picked":["StSShapeShifter:DeepWound+1","StSShapeShifter:EagleForm","StSShapeShifter:RockSlide+1","StSShapeShifter:BurstOfLifeEscapeDeath+1","StSShapeShifter:ShiftingStrike+1"],"picked":"SKIP","floor":40},{"not_picked":["StSShapeShifter:Hunt+1","StSShapeShifter:Guard","StSShapeShifter:PoisonIvy","StSShapeShifter:BladeOfGrass"],"picked":"StSShapeShifter:Garden+1","floor":41},{"not_picked":["StSShapeShifter:AdaptiveStrikes","StSShapeShifter:LeapingSlash","StSShapeShifter:HippoForm","StSShapeShifter:BurstingSpore+1"],"picked":"StSShapeShifter:DiverseSpirit+1","floor":42},{"not_picked":["StSShapeShifter:HummingbirdForm","StSShapeShifter:BladeOfGrass+1","StSShapeShifter:RaptorForm","StSShapeShifter:PoisonIvy+1","StSShapeShifter:Rabid+1"],"picked":"SKIP","floor":45},{"not_picked":["StSShapeShifter:OakBlade+1","StSShapeShifter:OpportuneSwoop","StSShapeShifter:EmbraceTheCycle+1","StSShapeShifter:DeerForm"],"picked":"StSShapeShifter:BulwarkOfDiscovery+1","floor":48},{"not_picked":["StSShapeShifter:PoisonIvy","StSShapeShifter:TopazSkin","StSShapeShifter:Roar+1","StSShapeShifter:Sapling","StSShapeShifter:RockSlide+1"],"picked":"SKIP","floor":54}],"player_experience":256424,"relics_obtained":[{"floor":1,"key":"SynthV:TestCard"},{"floor":2,"key":"infinitespire:Joker Card"},{"floor":7,"key":"Dota2Spire:BladeMail"},{"floor":9,"key":"StSShapeShifter:AlchemistsNecklace"},{"floor":12,"key":"Dota2Spire:MaskOfMadness"},{"floor":23,"key":"The Courier"},{"floor":25,"key":"infinitespire:Beetle Shell"},{"floor":26,"key":"Dota2Spire:Desolator"},{"floor":34,"key":"InkBottle"},{"floor":34,"key":"Girya"},{"floor":34,"key":"StSShapeShifter:BeastkeepersGift"},{"floor":40,"key":"Bottled Flame"},{"floor":42,"key":"Bird Faced Urn"},{"floor":46,"key":"aspiration:TomeofQuesting"},{"floor":54,"key":"Oddly Smooth Stone"}],"event_choices":[{"cards_removed":["StSShapeShifter:ShapeShifter_Strike"],"damage_healed":0,"gold_gain":0,"player_choice":"Card Removal","damage_taken":7,"max_hp_gain":0,"max_hp_loss":0,"event_name":"Golden Wing","floor":3,"gold_loss":0},{"damage_healed":0,"gold_gain":0,"player_choice":"Donut","damage_taken":0,"max_hp_gain":5,"max_hp_loss":0,"event_name":"Big Fish","floor":13,"gold_loss":0},{"cards_removed":["StSShapeShifter:ShapeShifter_Strike"],"damage_healed":0,"gold_gain":0,"player_choice":"Purged","damage_taken":0,"max_hp_gain":0,"max_hp_loss":0,"event_name":"Purifier","floor":14,"gold_loss":0},{"damage_healed":0,"gold_gain":100,"player_choice":"Pray","damage_taken":0,"max_hp_gain":0,"max_hp_loss":0,"event_name":"Golden Shrine","floor":20,"gold_loss":0},{"damage_healed":0,"gold_gain":0,"cards_transformed":["StSShapeShifter:ShapeShifter_Defend"],"player_choice":"Transformed","damage_taken":0,"max_hp_gain":0,"max_hp_loss":0,"event_name":"Transmorgrifier","floor":30,"gold_loss":0,"cards_obtained":["StSShapeShifter:OakBlade"]}],"is_beta":false,"boss_relics":[{"not_picked":["RhineFirstAidKit","ChiXiaoBlade"],"picked":"Dota2Spire:Bloodstone"},{"not_picked":["Snecko Eye","REME_ChargedStone"],"picked":"Calling Bell"}],"items_purged_floors":[24,24,37],"is_endless":false,"potions_floor_spawned":[1,4,12,18,21,28,38,41,42,45,54],"ascension_level":0}}