{"host":"6azrrw3tf7wb0f4b","time":1613462989,"event":{"mods":["BaseMod","DeckTracker","Minty Spire (QoL Compilation)","SuperFastMode"],"gold_per_floor":[119,136,211,10,28,28,62,62,62,77,111,111,122,142,142,219,219,234,159,159,173,192,192,210,210,236,263,263,296,346,358,358,434,434,452,502,519,533,268,294,294,244,291,311,311,186,199,31,31,31,31],"floor_reached":50,"language":"KOR","playtime":1530,"items_purged":["Strike_B","Zap","Beam Cell"],"score":966,"play_id":"ff4e2c5f-5dba-4982-b05c-c655ac3fc4be","local_time":"20210216170949","is_ascension_mode":true,"campfire_choices":[{"data":"Defragment","floor":6.0,"key":"SMITH"},{"data":"Dualcast","floor":8.0,"key":"SMITH"},{"floor":15.0,"key":"REST"},{"data":"Creative AI","floor":23.0,"key":"SMITH"},{"floor":25.0,"key":"REST"},{"floor":32.0,"key":"REST"},{"floor":41.0,"key":"REST"},{"floor":49.0,"key":"RECALL"}],"circlet_count":0,"master_deck":["AscendersBane","Defend_B","Defend_B","Defend_B","Dualcast+1","Compile Driver","Echo Form","Defragment+1","Chill","Reinforced Body","Self Repair+1","Turbo","Undo","Creative AI+1","Steam","Glacier","Leap+1","Coolheaded","Consume+1","Reboot","Capacitor+1","Rainbow+1","Fusion+1","White Noise","Defragment+1","BootSequence"],"relics":["Cracked Core","NeowsBlessing","Runic Capacitor","Ginger","Dead Branch","Blue Candle","Nuclear Battery","Bottled Flame","Enchiridion","Omamori","Astrolabe","DollysMirror","PreservedInsect","Blood Vial","ClockworkSouvenir"],"acts_visited":["Exordium","TheCity","TheBeyond"],"potions_floor_usage":[50],"damage_taken":[{"damage":0.0,"enemies":"2 Louse","floor":1.0,"turns":1.0},{"damage":0.0,"enemies":"Small Slimes","floor":2.0,"turns":1.0},{"damage":0.0,"enemies":"Jaw Worm","floor":5.0,"turns":1.0},{"damage":18.0,"enemies":"Lagavulin","floor":7.0,"turns":6.0},{"damage":3.0,"enemies":"Blue Slaver","floor":10.0,"turns":3.0},{"damage":3.0,"enemies":"3 Sentries","floor":11.0,"turns":6.0},{"damage":14.0,"enemies":"Red Slaver","floor":13.0,"turns":3.0},{"damage":6.0,"enemies":"Exordium Wildlife","floor":14.0,"turns":4.0},{"damage":12.0,"enemies":"Hexaghost","floor":16.0,"turns":9.0},{"damage":12.0,"enemies":"Shell Parasite","floor":18.0,"turns":8.0},{"damage":3.0,"enemies":"Spheric Guardian","floor":21.0,"turns":5.0},{"damage":11.0,"enemies":"Snecko","floor":22.0,"turns":7.0},{"damage":22.0,"enemies":"Snake Plant","floor":24.0,"turns":7.0},{"damage":22.0,"enemies":"Gremlin Leader","floor":27.0,"turns":7.0},{"damage":8.0,"enemies":"Book of Stabbing","floor":29.0,"turns":9.0},{"damage":0.0,"enemies":"3 Cultists","floor":31.0,"turns":6.0},{"damage":12.0,"enemies":"Champ","floor":33.0,"turns":12.0},{"damage":22.0,"enemies":"Orb Walker","floor":35.0,"turns":7.0},{"damage":20.0,"enemies":"3 Shapes","floor":37.0,"turns":7.0},{"damage":20.0,"enemies":"Jaw Worm Horde","floor":38.0,"turns":6.0},{"damage":12.0,"enemies":"Giant Head","floor":40.0,"turns":9.0},{"damage":38.0,"enemies":"Transient","floor":44.0,"turns":6.0},{"damage":0.0,"enemies":"Spire Growth","floor":47.0,"turns":8.0},{"damage":28,"enemies":"Donu and Deca","floor":50,"turns":4}],"seed_played":"7105793801718060396","potions_obtained":[{"floor":2.0,"key":"FearPotion"},{"floor":7.0,"key":"SkillPotion"},{"floor":11.0,"key":"Fire Potion"},{"floor":14.0,"key":"LiquidBronze"},{"floor":24.0,"key":"PowerPotion"},{"floor":29.0,"key":"LiquidBronze"},{"floor":31.0,"key":"Strength Potion"},{"floor":37.0,"key":"Strength Potion"},{"floor":44.0,"key":"Block Potion"},{"floor":47.0,"key":"Energy Potion"}],"is_trial":false,"path_per_floor":["M","M","?","$","M","R","E","R","T","M","E","?","M","M","R","B",null,"M","$","?","M","M","R","M","R","T","E","?","E","?","M","R","B",null,"M","?","M","M","$","E","R","?","T","M","?","$","M","$","R","B"],"character_chosen":"DEFECT","items_purchased":["Defragment","Runic Capacitor","DollysMirror","ClockworkSouvenir"],"campfire_rested":4,"item_purchase_floors":[4,4,39,48],"current_hp_per_floor":[64,64,53,53,53,53,35,35,35,32,29,22,8,2,23,18,58,60,60,40,44,40,40,25,47,47,32,11,10,3,10,32,27,64,49,49,36,23,23,18,40,40,40,4,4,4,16,16,16,0,0],"gold":31,"neow_bonus":"THREE_ENEMY_KILL","is_daily":false,"chose_seed":false,"campfire_upgraded":3,"win_rate":0.0,"timestamp":1613462989,"path_taken":["M","M","?","$","M","R","E","R","T","M","E","?","M","M","R","BOSS","M","$","?","M","M","R","M","R","T","E","?","E","?","M","R","BOSS","M","?","?","M","$","E","R","?","T","?","?","$","M","?","R","BOSS"],"items_purchased_type":["Card","Relic","Relic","Relic"],"build_version":"2020-12-22","purchased_purges":3,"victory":false,"max_hp_per_floor":[71,71,71,71,71,71,71,71,71,71,71,71,71,71,71,71,71,71,71,76,76,76,76,76,76,76,76,76,76,76,76,76,76,76,76,76,76,76,76,76,76,76,76,76,76,76,76,76,76,76,76],"card_choices":[{"not_picked":["Cold Snap","Go for the Eyes"],"picked":"Compile Driver","floor":1.0},{"not_picked":["Ball Lightning","Barrage"],"picked":"Echo Form","floor":2.0},{"not_picked":["Fusion","Leap"],"picked":"Chill","floor":5.0},{"not_picked":["Streamline","Hologram"],"picked":"Reinforced Body","floor":7.0},{"not_picked":["Barrage","Blizzard"],"picked":"Beam Cell","floor":10.0},{"not_picked":["Conserve Battery","Gash"],"picked":"Self Repair","floor":11.0},{"not_picked":["Rebound","Rip and Tear","Turbo"],"picked":"SKIP","floor":13.0},{"not_picked":["Rebound","Rip and Tear"],"picked":"Turbo","floor":13.0},{"not_picked":["Chill","Barrage"],"picked":"Undo","floor":14.0},{"not_picked":["Buffer","Core Surge"],"picked":"Creative AI","floor":16.0},{"not_picked":["Auto Shields","Redo"],"picked":"Steam","floor":18.0},{"not_picked":["Steam","Genetic Algorithm+1"],"picked":"Glacier","floor":21.0},{"not_picked":["Sweeping Beam","Streamline","Barrage+1"],"picked":"SKIP","floor":22.0},{"not_picked":["Sweeping Beam","Tempest"],"picked":"Leap+1","floor":24.0},{"not_picked":["Compile Driver","Sunder+1","Blizzard"],"picked":"SKIP","floor":27.0},{"not_picked":["Beam Cell","Gash"],"picked":"Coolheaded","floor":29.0},{"not_picked":["Rebound","Leap"],"picked":"Consume","floor":31.0},{"not_picked":["Creative AI","Machine Learning"],"picked":"Reboot","floor":33.0},{"not_picked":["Conserve Battery","Coolheaded+1"],"picked":"White Noise","floor":35.0},{"not_picked":["Leap","Heatsinks","Blizzard"],"picked":"SKIP","floor":37.0},{"not_picked":["Rebound","Go for the Eyes","Leap+1"],"picked":"SKIP","floor":38.0},{"not_picked":["Hello World","White Noise","Coolheaded"],"picked":"SKIP","floor":40.0},{"not_picked":["Static Discharge","Go for the Eyes"],"picked":"BootSequence","floor":44.0},{"not_picked":["Steam Power","Melter+1","Streamline"],"picked":"SKIP","floor":47.0}],"player_experience":793012,"relics_obtained":[{"floor":7.0,"key":"Ginger"},{"floor":9.0,"key":"Dead Branch"},{"floor":11.0,"key":"Blue Candle"},{"floor":27.0,"key":"Bottled Flame"},{"floor":28.0,"key":"Enchiridion"},{"floor":29.0,"key":"Omamori"},{"floor":40.0,"key":"PreservedInsect"},{"floor":43.0,"key":"Blood Vial"}],"event_choices":[{"damage_healed":0.0,"max_hp_gain":0.0,"max_hp_loss":0.0,"gold_gain":75.0,"event_name":"World of Goop","player_choice":"Gather Gold","floor":3.0,"gold_loss":0.0,"damage_taken":11.0},{"cards_removed":["Strike_B"],"damage_healed":0.0,"max_hp_gain":0.0,"max_hp_loss":0.0,"gold_gain":0.0,"event_name":"Golden Wing","player_choice":"Card Removal","floor":12.0,"gold_loss":0.0,"damage_taken":7.0},{"damage_healed":0.0,"max_hp_gain":5.0,"max_hp_loss":0.0,"gold_gain":0.0,"event_name":"Forgotten Altar","player_choice":"Shed Blood","floor":20.0,"gold_loss":0.0,"damage_taken":25.0},{"damage_healed":0.0,"max_hp_gain":0.0,"max_hp_loss":0.0,"gold_gain":0.0,"event_name":"Cursed Tome","player_choice":"Obtained Book","floor":28.0,"gold_loss":0.0,"damage_taken":21.0},{"damage_healed":0.0,"max_hp_gain":0.0,"max_hp_loss":0.0,"gold_gain":50.0,"event_name":"FaceTrader","player_choice":"Touch","floor":30.0,"gold_loss":0.0,"damage_taken":7.0},{"damage_healed":0.0,"max_hp_gain":0.0,"max_hp_loss":0.0,"gold_gain":50.0,"event_name":"Golden Shrine","player_choice":"Pray","floor":36.0,"gold_loss":0.0,"damage_taken":0.0},{"damage_healed":0.0,"max_hp_gain":0.0,"max_hp_loss":0.0,"gold_gain":0.0,"event_name":"Designer","player_choice":"Upgraded Two","floor":42.0,"gold_loss":50.0,"damage_taken":0.0,"cards_upgraded":["Consume","Self Repair"]},{"damage_healed":0.0,"max_hp_gain":0.0,"max_hp_loss":0.0,"gold_gain":0.0,"event_name":"Tomb of Lord Red Mask","player_choice":"Ignored","floor":45.0,"gold_loss":0.0,"damage_taken":0.0}],"is_beta":false,"boss_relics":[{"not_picked":["Busted Crown","Runic Pyramid"],"picked":"Nuclear Battery"},{"not_picked":["Inserter","Velvet Choker"],"picked":"Astrolabe"}],"items_purged_floors":[19,39,46],"is_endless":false,"potions_floor_spawned":[2,7,11,14,24,29,31,37,44,47],"killed_by":"Donu and Deca","ascension_level":17}}