{"host":"omio3a71jojnapwg","time":1613471112,"event":{"mods":["Act Like it!","BaseMod","BetterRewards","Colored Map","Colored Powertips","Hermit","Hubris","Infinite Spire","Mad Scientist","Magitek Elite","Minty Spire (QoL Compilation)","Railgun Mod","ReimuÅiîé??öÎÅj","Replay The Spire","Robot Space Explorer","Spikes Relics","StSLib","Td1madao Mod","The Gatherer","The Necromancer","The Runesmith","The Servant 0.9.4","TheBandit","TheVacant"],"gold_per_floor":[118,163,176,196,68,68,100,100,125,158,58,58,75,75,75,178,178,164,164,174,188,202,236,236,81,108,121,132,143,143,162,162,258,258,271,321,376,402,414,414,425,458,458,458,473,192,192,209,209,209],"floor_reached":51,"language":"ENG","playtime":3674,"items_purged":["RobotSpaceExplorer:Defend","RobotSpaceExplorer:Strike+1","Shame"],"score":734,"play_id":"fbd41a84-d06e-4c48-8631-afbb3ee0e456","local_time":"20210216022512","is_ascension_mode":false,"campfire_choices":[{"data":"RobotSpaceExplorer:Pulsar","floor":6,"key":"SMITH"},{"data":"RobotSpaceExplorer:MiniLasers","floor":8,"key":"SMITH"},{"data":"RobotSpaceExplorer:Calculate","floor":12,"key":"SMITH"},{"floor":15,"key":"DIG"},{"data":"RobotSpaceExplorer:Pulsar","floor":24,"key":"SMITH"},{"data":"RobotSpaceExplorer:DroneSwarm","floor":30,"key":"SMITH"},{"data":"RobotSpaceExplorer:PlasmaMissile","floor":32,"key":"SMITH"},{"data":"RobotSpaceExplorer:Asteroid","floor":40,"key":"SMITH"},{"floor":47,"key":"REST"},{"data":"Intolerance","floor":49,"key":"PURGE"}],"circlet_count":0,"master_deck":["RobotSpaceExplorer:Defend","RobotSpaceExplorer:Scan","RobotSpaceExplorer:MiniLasers+1","RobotSpaceExplorer:GlueShot","RobotSpaceExplorer:Counterblock","RobotSpaceExplorer:DualCore","RobotSpaceExplorer:StunGrenade","RobotSpaceExplorer:Pulsar+1","RobotSpaceExplorer:MiniDrones","RobotSpaceExplorer:IronShell+1","RobotSpaceExplorer:Calculate+1","RobotSpaceExplorer:Asteroid+1","RobotSpaceExplorer:DroneSwarm+1","RobotSpaceExplorer:Pulsar","RobotSpaceExplorer:Pulsar+1","RobotSpaceExplorer:FranticSearch","RobotSpaceExplorer:Pulsar+1","RobotSpaceExplorer:PlasmaMissile+1","RobotSpaceExplorer:ScrapMissile","RobotSpaceExplorer:Autoloader","RobotSpaceExplorer:FrostMissile+1","RobotSpaceExplorer:Pulsar+1","RobotSpaceExplorer:DroneSwarm","RobotSpaceExplorer:Fix","RobotSpaceExplorer:Accelerator"],"relics":["RobotSpaceExplorer:RoboCore","Iron Hammer","Tintinnabulum","Simple Rune","Replay:Accelerometer","Matryoshka","ChewingGum","Pet Ghost","TentaclePot:ReiMu","infinitespire:ShieldingShard","Lantern","Kintsugi","Replay:Towering Pillar of Hats","Prayer Wheel","Boot","Rawhide","Ginger","infinitespire:PuzzleCube"],"acts_visited":["Exordium","TheCity","TheBeyond"],"potions_floor_usage":[16,37],"damage_taken":[{"damage":0,"enemies":"Small Slimes","floor":1,"turns":5},{"damage":3,"enemies":"Jaw Worm","floor":3,"turns":4},{"damage":1,"enemies":"Cultist","floor":4,"turns":5},{"damage":15,"enemies":"3 Sentries","floor":7,"turns":9},{"damage":13,"enemies":"Gremlin Nob","floor":10,"turns":4},{"damage":0,"enemies":"Lots of Slimes","floor":13,"turns":3},{"damage":19,"enemies":"The Guardian","floor":16,"turns":14},{"damage":8,"enemies":"2 Thieves","floor":18,"turns":4},{"damage":0,"enemies":"Shell Parasite","floor":20,"turns":5},{"damage":4,"enemies":"Centurion and Healer","floor":21,"turns":5},{"damage":8,"enemies":"Shelled Parasite and Fungi","floor":22,"turns":6},{"damage":8,"enemies":"Book of Stabbing","floor":23,"turns":7},{"damage":0,"enemies":"Snake Plant","floor":27,"turns":4},{"damage":2,"enemies":"Centurion and Healer","floor":28,"turns":5},{"damage":8,"enemies":"Sentry and Sphere","floor":29,"turns":5},{"damage":0,"enemies":"Snake Plant","floor":31,"turns":4},{"damage":24,"enemies":"Champ","floor":33,"turns":12},{"damage":4,"enemies":"3 Shapes","floor":35,"turns":3},{"damage":0,"enemies":"Mind Bloom Boss Battle","floor":36,"turns":7},{"damage":32,"enemies":"2 Orb Walkers","floor":37,"turns":5},{"damage":0,"enemies":"3 Darklings","floor":39,"turns":3},{"damage":12,"enemies":"Sphere and 2 Shapes","floor":41,"turns":5},{"damage":6,"enemies":"R_Hoarder","floor":42,"turns":9},{"damage":0,"enemies":"Maw","floor":45,"turns":7},{"damage":2,"enemies":"Jaw Worm Horde","floor":48,"turns":4},{"damage":0,"enemies":"hubris:GrandSnecko","floor":50,"turns":14}],"seed_played":"-195416899487437686","potions_obtained":[{"floor":7,"key":"Block Potion"},{"floor":13,"key":"AttackPotion"},{"floor":16,"key":"ColorlessPotion"},{"floor":21,"key":"SteroidPotion"},{"floor":22,"key":"SkillPotion"},{"floor":39,"key":"RobotSpaceExplorer:RecyclePotion"},{"floor":45,"key":"LiquidBronze"},{"floor":48,"key":"Energy Potion"}],"is_trial":false,"path_per_floor":["M","?","M","M","$","R","E","R","T","E","$","R","M","?","R_BF","B",null,"M","?","M","M","M","E","R","$","T","M","M","M","R","M","R","B",null,"M","?","?","T","M","R","M","E","T","$","M","$","R","M","R_BF","B",null],"character_chosen":"RobotSpaceExplorer","items_purchased":["RobotSpaceExplorer:MiniDrones","TentaclePot:ReiMu","infinitespire:PuzzleCube"],"campfire_rested":1,"item_purchase_floors":[5,25,46],"current_hp_per_floor":[82,82,79,78,78,78,63,64,65,53,54,55,56,57,58,40,82,74,75,76,73,66,59,60,61,62,63,62,55,56,57,58,35,82,78,79,48,49,50,51,40,35,36,37,38,39,64,63,64,69],"gold":209,"neow_bonus":"TEN_PERCENT_HP_BONUS","is_daily":false,"chose_seed":false,"campfire_upgraded":7,"win_rate":0.0,"timestamp":1613471112,"path_taken":["M","?","M","?","?","R","E","R","T","E","$","R","M","?","R_BF","BOSS","M","?","M","?","M","E","R","?","T","M","?","M","R","M","R","BOSS","M","?","?","?","?","R","M","E","T","$","M","$","R","?","R_BF","BOSS"],"items_purchased_type":["Card","Relic","Relic"],"build_version":"2020-12-22","purchased_purges":3,"victory":true,"max_hp_per_floor":[82,82,82,82,82,82,82,82,82,82,82,82,82,82,82,82,82,82,82,82,82,82,82,82,82,82,82,82,82,82,82,82,82,82,82,82,82,82,82,82,82,82,82,82,82,82,82,82,82,82],"card_choices":[{"not_picked":["RobotSpaceExplorer:ShockKick","RobotSpaceExplorer:Ammunition"],"picked":"RobotSpaceExplorer:GlueShot","floor":1},{"not_picked":["RobotSpaceExplorer:MiniDrones","RobotSpaceExplorer:SelfCleaning"],"picked":"RobotSpaceExplorer:Counterblock","floor":2},{"not_picked":["RobotSpaceExplorer:SwiftStep","RobotSpaceExplorer:Ammunition"],"picked":"RobotSpaceExplorer:DualCore","floor":2},{"not_picked":["RobotSpaceExplorer:MakeshiftVolley","RobotSpaceExplorer:SlimeMissile"],"picked":"RobotSpaceExplorer:StunGrenade","floor":3},{"not_picked":["RobotSpaceExplorer:SelfCleaning","RobotSpaceExplorer:ExhaustFan"],"picked":"RobotSpaceExplorer:Pulsar","floor":4},{"not_picked":["RobotSpaceExplorer:GlueSpray","RobotSpaceExplorer:Blitz"],"picked":"RobotSpaceExplorer:IronShell","floor":7},{"not_picked":["RobotSpaceExplorer:TurboDodge","RobotSpaceExplorer:Probe"],"picked":"RobotSpaceExplorer:Calculate","floor":10},{"not_picked":["RobotSpaceExplorer:SlimeMissile","RobotSpaceExplorer:ImprovisedAttack"],"picked":"RobotSpaceExplorer:Asteroid","floor":13},{"not_picked":["RobotSpaceExplorer:Autoloader","RobotSpaceExplorer:Asteroid"],"picked":"RobotSpaceExplorer:DroneSwarm","floor":16},{"not_picked":["RobotSpaceExplorer:ScrapMissile","RobotSpaceExplorer:ToxicBomb+1"],"picked":"RobotSpaceExplorer:Pulsar","floor":18},{"not_picked":["RobotSpaceExplorer:ShovelStrike+1","RobotSpaceExplorer:ShockKick+1","RobotSpaceExplorer:ScrapToss"],"picked":"SKIP","floor":20},{"not_picked":["RobotSpaceExplorer:Probe","RobotSpaceExplorer:SlimeMissile"],"picked":"RobotSpaceExplorer:FranticSearch","floor":21},{"not_picked":["RobotSpaceExplorer:FranticSearch","RobotSpaceExplorer:ExhaustFan","RobotSpaceExplorer:ShockKick"],"picked":"SKIP","floor":22},{"not_picked":["RobotSpaceExplorer:Electroshield+1","RobotSpaceExplorer:ShockKick"],"picked":"RobotSpaceExplorer:Pulsar","floor":23},{"not_picked":["RobotSpaceExplorer:MiniDrones+1","RobotSpaceExplorer:ImprovisedAttack","RobotSpaceExplorer:MakeshiftVolley"],"picked":"SKIP","floor":27},{"not_picked":["RobotSpaceExplorer:SurgingShield","RobotSpaceExplorer:TrailblazerForm"],"picked":"RobotSpaceExplorer:PlasmaMissile","floor":28},{"not_picked":["RobotSpaceExplorer:Jetpack+1","RobotSpaceExplorer:ShovelStrike+1"],"picked":"RobotSpaceExplorer:ScrapMissile","floor":29},{"not_picked":["RobotSpaceExplorer:SlimeMissile","RobotSpaceExplorer:ImprovisedAttack","RobotSpaceExplorer:Ammunition"],"picked":"SKIP","floor":31},{"not_picked":["RobotSpaceExplorer:BlastShield","RobotSpaceExplorer:ChargingLaser"],"picked":"RobotSpaceExplorer:Autoloader","floor":33},{"not_picked":["RobotSpaceExplorer:Electroshield+1","RobotSpaceExplorer:MakeshiftVolley"],"picked":"RobotSpaceExplorer:FrostMissile+1","floor":35},{"not_picked":["RobotSpaceExplorer:SwiftStep+1","RobotSpaceExplorer:SlimeMissile+1"],"picked":"RobotSpaceExplorer:Pulsar+1","floor":36},{"not_picked":["RobotSpaceExplorer:ShockKick","RobotSpaceExplorer:GlueShot+1"],"picked":"RobotSpaceExplorer:DroneSwarm","floor":37},{"not_picked":["RobotSpaceExplorer:SwiftStep+1","RobotSpaceExplorer:MetalStrike","RobotSpaceExplorer:SlimeMissile+1"],"picked":"SKIP","floor":39},{"not_picked":["RobotSpaceExplorer:ShockKick","RobotSpaceExplorer:MiniDrones","RobotSpaceExplorer:FrostMissile"],"picked":"SKIP","floor":39},{"not_picked":["RobotSpaceExplorer:Jetpack","RobotSpaceExplorer:SelfCleaning+1","RobotSpaceExplorer:FrostMissile"],"picked":"SKIP","floor":41},{"not_picked":["RobotSpaceExplorer:GlueShot","RobotSpaceExplorer:IronShell+1","RobotSpaceExplorer:MetalStrike"],"picked":"SKIP","floor":41},{"not_picked":["RobotSpaceExplorer:ShovelStrike+1","RobotSpaceExplorer:Electroshield+1"],"picked":"RobotSpaceExplorer:Fix","floor":42},{"not_picked":["RobotSpaceExplorer:DoubleFind","RobotSpaceExplorer:MiniDrones+1","RobotSpaceExplorer:FreezeRay"],"picked":"SKIP","floor":45},{"not_picked":["RobotSpaceExplorer:SurgingStrike","RobotSpaceExplorer:Pulsar+1","RobotSpaceExplorer:StunGrenade+1"],"picked":"SKIP","floor":45},{"not_picked":["RobotSpaceExplorer:Counterblock","RobotSpaceExplorer:ShovelStrike+1"],"picked":"RobotSpaceExplorer:Accelerator","floor":48},{"not_picked":["RobotSpaceExplorer:Electroshield+1","RobotSpaceExplorer:StunGrenade+1","RobotSpaceExplorer:FreezingShield+1"],"picked":"SKIP","floor":48}],"player_experience":268166,"relics_obtained":[{"floor":2,"key":"Iron Hammer"},{"floor":7,"key":"Tintinnabulum"},{"floor":9,"key":"Simple Rune"},{"floor":10,"key":"Replay:Accelerometer"},{"floor":15,"key":"Matryoshka"},{"floor":23,"key":"Pet Ghost"},{"floor":26,"key":"infinitespire:ShieldingShard"},{"floor":26,"key":"Lantern"},{"floor":36,"key":"Replay:Towering Pillar of Hats"},{"floor":37,"key":"Prayer Wheel"},{"floor":38,"key":"Boot"},{"floor":42,"key":"Rawhide"},{"floor":43,"key":"Ginger"}],"event_choices":[{"damage_healed":0,"gold_gain":0,"player_choice":"Grow","damage_taken":0,"max_hp_gain":0,"max_hp_loss":0,"event_name":"Living Wall","floor":14,"gold_loss":0,"cards_upgraded":["RobotSpaceExplorer:IronShell"]},{"damage_healed":0,"gold_gain":0,"player_choice":"Copied","damage_taken":0,"max_hp_gain":0,"max_hp_loss":0,"event_name":"Duplicator","floor":19,"gold_loss":0,"cards_obtained":["RobotSpaceExplorer:Pulsar"]},{"damage_healed":0,"gold_gain":0,"player_choice":"Fight","damage_taken":0,"max_hp_gain":0,"max_hp_loss":0,"event_name":"MindBloom","floor":36,"gold_loss":0},{"damage_healed":0,"gold_gain":0,"player_choice":"Fight","damage_taken":0,"max_hp_gain":0,"max_hp_loss":0,"event_name":"Mysterious Sphere","floor":37,"gold_loss":0}],"is_beta":false,"boss_relics":[{"not_picked":["Runesmith:UraniumAnvil","hubris:RunicObelisk"],"picked":"ChewingGum"},{"not_picked":["hubris:Stopwatch","Snecko Eye"],"picked":"Kintsugi"}],"items_purged_floors":[5,11,46],"is_endless":false,"potions_floor_spawned":[7,13,16,21,22,27,29,31,36,39,42,45,48],"ascension_level":0}}