{"host":"adt9pv9dmmkchns7","time":1613506236,"event":{"mods":["AchievementEnabler","Aspiration","BaseMod","Beaked The Cultist","Better Third Choice","Curses Come First","Energized Spire","Minty Spire (QoL Compilation)","Permanent Neow","Potionbrewer","Quick Restart","Reliquary","Replay The Spire","Robot Space Explorer","Shade Mod","Spicy Shops","StSLib","The Blackbeard","The Cursed","The Forsaken","The Gatherer","The Necromancer","Wandering Minibosses"],"gold_per_floor":[109,128,142,152,163,192,192,221,221,221,9,34,34,66,66,161,161,114,124,124,132,157,157,185,185,185,218,223,223,972,1040,1040,1145,1145,1065,1080,1080,1098,1148,1148,1180,1180,1205,1205,1238,1238,1252,1264,1264,1264,1264,1264,12,38,38],"floor_reached":56,"language":"ENG","playtime":5624,"items_purged":["Writhe"],"score":1475,"play_id":"cc32927d-b199-48a3-8bcc-66a0046196d4","local_time":"20210216211036","is_ascension_mode":true,"campfire_choices":[{"floor":7,"key":"RECALL"},{"data":"Shade:FreshBones","floor":10,"key":"SMITH"},{"floor":13,"key":"REST"},{"floor":15,"key":"DIG"},{"data":"ReplayTheSpireMod:Splinters","floor":23,"key":"PURGE"},{"floor":25,"key":"DIG"},{"data":"Shade:FreshBones","floor":32,"key":"SMITH"},{"data":"Shade:AuraOfUnlife","floor":32,"key":"SMITH"},{"data":"Shade:TouchOfTheGrave","floor":40,"key":"SMITH"},{"data":"Shade:Carnophage","floor":40,"key":"SMITH"},{"floor":42,"key":"DIG"},{"floor":46,"key":"DIG"},{"floor":49,"key":"DIG"},{"floor":52,"key":"DIG"}],"circlet_count":0,"master_deck":["Shade:Strike_Shade","Shade:Strike_Shade","Shade:Strike_Shade","Shade:Defend_Shade","Shade:Defend_Shade","Shade:Defend_Shade","Shade:Defend_Shade","Shade:AnimateDead","Shade:CarefulCut","Shade:PoundOfFlesh","Shade:PoundOfFlesh","Shade:ExtraLimbs","Shade:FreshBones+1","Shade:AuraOfUnlife+1","Shade:Trample","Shade:FreshBones+1","Shade:OpenGraves+1","Shade:LoseControl+1","Shade:LichForm+1","Shade:UnbarTheGrave+1","Shade:CallOfTheGrave+1","Shade:GraveStillness+1","Shade:FuneraryArmor+1","Shade:FleshLikeOak+1","Shade:Coordination+1","Shade:WallOfFlesh","Shade:UnbarTheGrave+1","Shade:Carnophage+1","Shade:Putrefaction+1","Decay","TheCursedMod:Dregs","Shade:FleshLikeOak+1","Shade:WallOfFlesh","Shade:TouchOfTheGrave+1","Shade:SensePrey+1","Shade:GoDigging+1","Shade:AuraOfUnlife","Shade:FleshToFlesh","Shade:Carnophage+1","Shade:FuneraryJewels+1","Shade:ExtraLimbs+1","Shade:Asphyxiate+1","Shade:FleshLikeOak+1"],"relics":["Shade:YorickSkull","aspiration:Nostalgia","TheCursedMod:BlackMagic101","Shovel","reliquary:Aerogel","Golden Egg","reliquary:RoseTintedGlasses","Tiny Chest","Question Card","reliquary:RedCape","Replay:Multitool","Replay:Wax Seal","Eternal Feather","reliquary:WeakTea","Replay:Arrowhead","wanderingMiniBosses:MasterThiefsPresence","reliquary:PurpleTingedLeaf","Replay:Ancient Bell","Nunchaku","Question Card","potionbrewer:AlchemistFlask","Durian","StoneCalendar","theForsaken:Lifeblossom","reliquary:Stiletto","Darkstone Periapt","Strawberry","potionbrewer:ToyAutogyro","Replay:Bottled Flurry","reliquary:FeatherDuster","Mango","reliquary:TridentHead","Iron Hammer","Toolbox","Orrery","Letter Opener"],"acts_visited":["Exordium","TheCity","TheBeyond","TheEnding"],"potions_floor_usage":[5,6,14,18,24,27,30,55,55],"damage_taken":[{"damage":2,"enemies":"Cultist","floor":1,"turns":3},{"damage":0,"enemies":"2 Louse","floor":2,"turns":2},{"damage":0,"enemies":"Jaw Worm","floor":3,"turns":3},{"damage":9,"enemies":"Exordium Thugs","floor":4,"turns":6},{"damage":1,"enemies":"Red Slaver","floor":5,"turns":4},{"damage":0,"enemies":"Gremlin Nob","floor":6,"turns":3},{"damage":20,"enemies":"Lagavulin","floor":8,"turns":7},{"damage":23,"enemies":"Gremlin Nob","floor":12,"turns":4},{"damage":6,"enemies":"3 Sentries","floor":14,"turns":5},{"damage":21,"enemies":"The Guardian","floor":16,"turns":6},{"damage":32,"enemies":"3 Byrds","floor":18,"turns":5},{"damage":3,"enemies":"Chosen","floor":19,"turns":3},{"damage":8,"enemies":"Centurion and Healer","floor":21,"turns":6},{"damage":9,"enemies":"Gremlin Leader","floor":24,"turns":5},{"damage":19,"enemies":"Book of Stabbing","floor":27,"turns":4},{"damage":11,"enemies":"Snake Plant","floor":28,"turns":3},{"damage":0,"enemies":"Cultist and Chosen","floor":30,"turns":6},{"damage":11,"enemies":"Collector","floor":33,"turns":6},{"damage":0,"enemies":"Orb Walker","floor":35,"turns":4},{"damage":7,"enemies":"3 Shapes","floor":36,"turns":3},{"damage":0,"enemies":"Spire Growth","floor":38,"turns":4},{"damage":0,"enemies":"Mind Bloom Boss Battle","floor":39,"turns":5},{"damage":24,"enemies":"Nemesis","floor":41,"turns":7},{"damage":0,"enemies":"Reptomancer","floor":45,"turns":4},{"damage":2,"enemies":"Writhing Mass","floor":47,"turns":5},{"damage":0,"enemies":"3 Darklings","floor":48,"turns":3},{"damage":24,"enemies":"Awakened One","floor":50,"turns":9},{"damage":16,"enemies":"Shield and Spear","floor":54,"turns":7},{"damage":1,"enemies":"The Heart","floor":55,"turns":7}],"seed_played":"-2247998044452865439","potions_obtained":[{"floor":1,"key":"EssenceOfSteel"},{"floor":3,"key":"Reflective Coating"},{"floor":4,"key":"PowerPotion"},{"floor":5,"key":"Elixir"},{"floor":16,"key":"Adrenaline Potion"},{"floor":18,"key":"Explosive Potion"},{"floor":21,"key":"AttackPotion"},{"floor":28,"key":"Adrenaline Potion"},{"floor":33,"key":"Strength Potion"},{"floor":36,"key":"SpeedPotion"},{"floor":45,"key":"Dexterity Potion"},{"floor":54,"key":"Toxic Potion"}],"is_trial":false,"path_per_floor":["M","M","M","M","M","E","R","E","T","R","$","E","R","E","R","B",null,"M","M","?","M","?","R","E","R","T","E","M","R","M","T","R","B",null,"M","M","?","M","?","R","E","R","T","T","E","R","M","M","R","B",null,"R","$","E","B",null],"character_chosen":"SHADE","items_purchased":["Golden Egg","Shade:OpenGraves","Mango","reliquary:TridentHead","Iron Hammer","Toolbox","Orrery","Shade:Asphyxiate"],"campfire_rested":1,"item_purchase_floors":[11,11,53,53,53,53,53,53],"current_hp_per_floor":[63,63,63,54,53,53,53,33,33,33,33,10,29,23,23,2,65,33,30,51,43,43,43,34,34,34,15,4,38,38,38,53,43,65,65,58,58,58,63,70,47,68,68,68,77,77,76,77,77,55,77,77,91,75,81],"gold":38,"neow_bonus":"NOSTALGIA","is_daily":false,"chose_seed":false,"campfire_upgraded":5,"win_rate":0.0,"timestamp":1613506236,"path_taken":["M","M","M","M","?","E","R","E","T","R","?","E","R","E","R","BOSS","M","M","?","M","?","R","E","R","T","E","M","R","?","?","R","BOSS","M","M","?","?","?","R","E","R","T","?","E","R","M","?","R","BOSS","R","$","E","BOSS"],"items_purchased_type":["Relic","Card","Relic","Relic","Relic","Relic","Relic","Card"],"build_version":"2020-12-22","purchased_purges":1,"victory":true,"max_hp_per_floor":[65,65,65,65,65,65,65,65,65,65,65,65,65,65,65,65,65,65,65,65,65,65,65,65,65,65,65,65,65,65,65,65,65,65,65,65,65,65,70,70,70,70,70,70,77,77,77,77,77,77,77,77,91,91,91],"card_choices":[{"not_picked":["Shade:Asphyxiate","Shade:FeralStrike"],"picked":"Shade:PoundOfFlesh","floor":1},{"not_picked":["Shade:AncientSpear","Shade:SkeletonHug"],"picked":"Shade:PoundOfFlesh","floor":2},{"not_picked":["Shade:FleshToFlesh","Shade:SoulToxin"],"picked":"Shade:ExtraLimbs","floor":3},{"not_picked":["Shade:SoulToxin","Shade:Brains"],"picked":"Shade:FreshBones","floor":4},{"not_picked":["Shade:FleshToFlesh","Shade:LyeBath"],"picked":"Shade:AuraOfUnlife","floor":5},{"not_picked":["Shade:OneIsEnough","Shade:Premonition"],"picked":"Shade:Trample","floor":6},{"not_picked":["Shade:FuneraryArmor","Shade:CommandSoldier"],"picked":"Shade:FreshBones","floor":8},{"not_picked":["Shade:FeralStrike","Shade:WallOfFlesh"],"picked":"Shade:LoseControl","floor":12},{"not_picked":["Shade:LastGasp","Shade:Frenzy"],"picked":"Shade:LichForm","floor":14},{"not_picked":["Shade:SoulPierce","Shade:DarkOfNight","Shade:OminousRitual"],"picked":"Shade:UnbarTheGrave","floor":16},{"not_picked":["Shade:AncientSpear","Shade:SpontaneousRitual+1","Shade:ExtraLimbs"],"picked":"Shade:CallOfTheGrave+1","floor":18},{"not_picked":["Shade:PoundOfFlesh+1","Shade:SanguineRitual","Shade:ScuttlingHand"],"picked":"Shade:GraveStillness+1","floor":19},{"not_picked":["Shade:BoneShards","Shade:Premonition","Shade:OpenGraves"],"picked":"Shade:FuneraryArmor","floor":21},{"not_picked":["Shade:CoffinDance+1","Shade:Trample","Shade:ClawBack"],"picked":"Shade:FleshLikeOak+1","floor":22},{"not_picked":["Shade:BoneShards+1","Shade:ClawBack+1","Shade:Awaken"],"picked":"Shade:Coordination","floor":24},{"not_picked":["Shade:Trample","Shade:Premonition","Shade:GreyBargain"],"picked":"Shade:WallOfFlesh","floor":27},{"not_picked":["Shade:BoneShards","Shade:CloudOfShrapnel","Shade:LyeBath"],"picked":"Shade:UnbarTheGrave","floor":28},{"not_picked":["Shade:WallOfFlesh+1","Shade:FleshToFlesh","Shade:ClawBack"],"picked":"Shade:Carnophage","floor":30},{"not_picked":["Shade:MadHubris","Shade:SelfBurial","Shade:Tombstone"],"picked":"Shade:Putrefaction","floor":33},{"not_picked":["Overencumbered","Languid","ReplayTheSpireMod:Faulty Equipment","Pain"],"picked":"ReplayTheSpireMod:IOU","floor":34},{"not_picked":["Pain","Spreading Infection","AbeCurse","Sickly"],"picked":"Decay","floor":34},{"not_picked":["Sickly","ReplayTheSpireMod:IOU","ReplayTheSpireMod:Doomed","CommonCold"],"picked":"TheCursedMod:Dregs","floor":34},{"not_picked":["Shade:GreyBargain+1","Shade:FingerOfDeath+1","Shade:BoneShards","Shade:Premonition"],"picked":"Shade:FleshLikeOak+1","floor":35},{"not_picked":["Shade:AncientSpear+1","Shade:CloudOfShrapnel+1","Shade:FreshBones","Shade:FingerOfDeath"],"picked":"Shade:WallOfFlesh","floor":36},{"not_picked":["Shade:RitualOffering+1","Shade:FleshLikeOak","Shade:OpenGraves","Shade:GreyBargain"],"picked":"Shade:TouchOfTheGrave","floor":38},{"not_picked":["Shade:SelfBurial","Shade:ClawBack","Shade:Patience","Shade:TouchOfTheGrave"],"picked":"Shade:SensePrey+1","floor":39},{"not_picked":["Shade:GreyBargain","Shade:TouchOfTheGrave","Shade:Tombstone","Shade:SpectralStrikes+1"],"picked":"Shade:GoDigging+1","floor":41},{"not_picked":["Shade:LyeBath","Shade:PotionOfRestlessness+1","Shade:SkeletonArmy","Shade:SoulToxin"],"picked":"Shade:AuraOfUnlife","floor":45},{"not_picked":["Shade:SkeletonHug","Shade:SensePrey","Shade:CommandSoldier","Shade:AncientSpear+1"],"picked":"Shade:FleshToFlesh","floor":47},{"not_picked":["Shade:Trample+1","Shade:TouchOfTheGrave","Shade:WallOfFlesh","Shade:AncientSpear+1","Shade:SkeletonArmy+1"],"picked":"SKIP","floor":48},{"not_picked":["Shade:Brains","Shade:OminousRitual","Shade:SelfBurial","Shade:BoneShards+1"],"picked":"Shade:Carnophage","floor":53},{"not_picked":["Shade:CallOfTheGrave","Shade:Bite_Shade","Shade:GreyBargain","Shade:GraveStillness+1"],"picked":"Shade:FuneraryJewels","floor":53},{"not_picked":["Shade:CoffinDance+1","Shade:GreyBargain+1","Shade:AblativeArmor","Shade:DangerousRitual+1"],"picked":"Shade:ExtraLimbs+1","floor":53},{"not_picked":["Shade:SoulToxin+1","Shade:Frenzy+1","Shade:DangerousRitual+1","Shade:PressTheAttack"],"picked":"Shade:FleshLikeOak+1","floor":54}],"player_experience":965275,"relics_obtained":[{"floor":6,"key":"Shovel"},{"floor":8,"key":"reliquary:Aerogel"},{"floor":12,"key":"reliquary:RoseTintedGlasses"},{"floor":14,"key":"Tiny Chest"},{"floor":15,"key":"Question Card"},{"floor":22,"key":"Replay:Multitool"},{"floor":24,"key":"Replay:Wax Seal"},{"floor":25,"key":"Eternal Feather"},{"floor":26,"key":"reliquary:WeakTea"},{"floor":27,"key":"Replay:Arrowhead"},{"floor":30,"key":"wanderingMiniBosses:MasterThiefsPresence"},{"floor":31,"key":"reliquary:PurpleTingedLeaf"},{"floor":39,"key":"Durian"},{"floor":41,"key":"StoneCalendar"},{"floor":42,"key":"theForsaken:Lifeblossom"},{"floor":43,"key":"reliquary:Stiletto"},{"floor":44,"key":"Darkstone Periapt"},{"floor":45,"key":"Strawberry"},{"floor":46,"key":"potionbrewer:ToyAutogyro"},{"floor":49,"key":"Replay:Bottled Flurry"},{"floor":52,"key":"reliquary:FeatherDuster"},{"floor":54,"key":"Letter Opener"}],"event_choices":[{"damage_healed":21,"gold_gain":0,"player_choice":"Heal","damage_taken":0,"max_hp_gain":0,"max_hp_loss":0,"event_name":"The Library","floor":20,"gold_loss":0},{"cards_removed":["Shade:Strike_Shade"],"damage_healed":0,"gold_gain":0,"player_choice":"Offered Basic","damage_taken":0,"max_hp_gain":0,"max_hp_loss":0,"event_name":"Bonfire Elementals","floor":37,"gold_loss":0},{"damage_healed":0,"gold_gain":0,"player_choice":"Fight","damage_taken":0,"max_hp_gain":0,"max_hp_loss":0,"event_name":"MindBloom","floor":39,"gold_loss":0}],"is_beta":false,"boss_relics":[{"not_picked":["reliquary:Craggleroot","Fusion Hammer"],"picked":"reliquary:RedCape"},{"not_picked":["Runic Pyramid","Coffee Dripper"],"picked":"Replay:Ancient Bell"},{"not_picked":["ReplayTheSpireMod:Lightbulb","Dream Catcher"],"picked":"Nunchaku"},{"not_picked":["Blue Candle","Onion Ring"],"picked":"reliquary:SculptingSteel"},{"not_picked":["Calipers","Bird Faced Urn"],"picked":"potionbrewer:AlchemistFlask"}],"items_purged_floors":[11],"is_endless":false,"potions_floor_spawned":[1,3,4,5,16,18,21,28,33,36,39,45,47,54],"ascension_level":2}}