{"host":"8lcbm2v5cw7pb9tu","time":1613511464,"event":{"mods":["AchievementEnabler","BaseMod","Block Reminder","Colored Map","Colored Powertips","Highlight Path","Minty Spire (QoL Compilation)","Random Character Button","Rare Cards Sparkle","everything is the same but u backflip on backflip"],"gold_per_floor":[114,129,144,48,48,78,93,108,108,108,108,138,153,168,168,168,168],"floor_reached":16,"language":"ENG","playtime":3688,"items_purged":[],"score":139,"play_id":"b78300e5-889b-4ee6-96f8-e9e3fecc0809","local_time":"20210216133744","daily_mods":["Specialized","ControlledChaos","Lethality"],"is_ascension_mode":false,"campfire_choices":[{"floor":15,"key":"REST"}],"circlet_count":0,"master_deck":["Strike_P","Strike_P","Strike_P","Strike_P","Defend_P","Defend_P+1","Defend_P","Defend_P","Eruption","Vigilance","Pray","Pray","Pray","Pray","Pray","DeceiveReality","FearNoEvil","ClearTheMind","Swift Strike","Evaluate","Prostrate","Prostrate+1","Establishment","Tantrum","Conclude"],"relics":["PureWater","Frozen Eye","Omamori","War Paint","Bag of Preparation","Yang"],"acts_visited":["Exordium"],"potions_floor_usage":[16],"damage_taken":[{"damage":0.0,"enemies":"Small Slimes","floor":1.0,"turns":1.0},{"damage":0.0,"enemies":"Jaw Worm","floor":2.0,"turns":2.0},{"damage":0.0,"enemies":"Cultist","floor":3.0,"turns":4.0},{"damage":6.0,"enemies":"Gremlin Nob","floor":6.0,"turns":3.0},{"damage":10.0,"enemies":"3 Louse","floor":7.0,"turns":4.0},{"damage":13.0,"enemies":"2 Fungi Beasts","floor":8.0,"turns":4.0},{"damage":4,"enemies":"3 Sentries","floor":12,"turns":4},{"damage":0,"enemies":"Exordium Wildlife","floor":13,"turns":3},{"damage":7,"enemies":"Gremlin Gang","floor":14,"turns":3},{"damage":67,"enemies":"The Guardian","floor":16,"turns":7}],"seed_played":"2711566965655028651","potions_obtained":[{"floor":1.0,"key":"PowerPotion"},{"floor":2.0,"key":"PowerPotion"},{"floor":8.0,"key":"Weak Potion"}],"is_trial":false,"path_per_floor":["M","M","M","$","?","E","M","M","T","T","?","E","M","M","R","B"],"character_chosen":"WATCHER","items_purchased":["Swift Strike"],"campfire_rested":1,"item_purchase_floors":[4],"current_hp_per_floor":[72,72,72,72,77,71,61,48,48,48,48,44,44,37,60,0,0],"gold":168,"neow_bonus":"","is_daily":true,"chose_seed":false,"campfire_upgraded":0,"win_rate":0.0,"timestamp":1613511464,"path_taken":["M","M","M","$","?","E","M","M","T","?","?","E","M","M","R","BOSS"],"items_purchased_type":["Card"],"build_version":"2020-12-22","purchased_purges":0,"victory":false,"max_hp_per_floor":[72,72,72,72,77,77,77,77,77,77,77,77,77,77,77,77,77],"card_choices":[{"not_picked":["FollowUp","ForeignInfluence"],"picked":"DeceiveReality","floor":1.0},{"not_picked":["CrushJoints","ThirdEye"],"picked":"FearNoEvil","floor":2.0},{"not_picked":["CutThroughFate","SignatureMove"],"picked":"ClearTheMind","floor":3.0},{"not_picked":["Wireheading","ClearTheMind"],"picked":"Evaluate","floor":6.0},{"not_picked":["Evaluate","SashWhip"],"picked":"Prostrate","floor":7.0},{"not_picked":["Halt","EmptyBody"],"picked":"Prostrate","floor":8.0},{"not_picked":["Indignation","Study"],"picked":"Establishment","floor":12},{"not_picked":["Crescendo","CutThroughFate"],"picked":"Tantrum","floor":13},{"not_picked":["Wireheading","BowlingBash"],"picked":"Conclude","floor":14}],"player_experience":491068,"relics_obtained":[{"floor":6.0,"key":"Omamori"},{"floor":9.0,"key":"War Paint"},{"floor":10.0,"key":"Bag of Preparation"},{"floor":12,"key":"Yang"}],"event_choices":[{"damage_healed":0.0,"max_hp_gain":5.0,"max_hp_loss":0.0,"gold_gain":0.0,"event_name":"Big Fish","player_choice":"Donut","floor":5.0,"gold_loss":0.0,"damage_taken":0.0},{"damage_healed":0.0,"max_hp_gain":0.0,"max_hp_loss":0.0,"gold_gain":0.0,"event_name":"The Woman in Blue","player_choice":"Bought 0 Potions","floor":11.0,"gold_loss":0.0,"damage_taken":0.0}],"is_beta":false,"boss_relics":[],"items_purged_floors":[],"is_endless":false,"potions_floor_spawned":[1,2,8,12,14],"killed_by":"The Guardian","ascension_level":0}}