{"host":"cdbhaz9p3iutjbyx","time":1613492265,"event":{"mods":["AchievementEnabler","BaseMod","Downfall","GifTheSpireLib","Hubris","Minty Spire (QoL Compilation)","StSLib","The Cursed","The Disciple","The Forsaken","The Necromancer","The Senshi"],"gold_per_floor":[116,130,144,155,173,173,173,227,281,281,306,326,70,80,80,175,175,187,205,222,222,233,233,265,265,288,288,50,67,67,80,80,184,184,195,195,210,110,123,123,158,158,158,188,205,219,254,254,254,254],"floor_reached":51,"language":"ENG","playtime":3770,"items_purged":["Strike_G"],"score":691,"play_id":"a298f74b-55bb-4db4-8fdb-f97d802dd158","local_time":"20210216171745","is_ascension_mode":false,"campfire_choices":[{"data":"Choke","floor":6,"key":"SMITH"},{"data":"Finisher","floor":10,"key":"SMITH"},{"floor":15,"key":"REST"},{"floor":23,"key":"REST"},{"floor":25,"key":"REST"},{"data":"A Thousand Cuts","floor":27,"key":"SMITH"},{"data":"Phantasmal Killer","floor":32,"key":"SMITH"},{"floor":40,"key":"REST"},{"data":"Blade Dance","floor":42,"key":"SMITH"},{"floor":49,"key":"REST"}],"circlet_count":0,"master_deck":["Strike_G","Strike_G","Strike_G","Strike_G","Defend_G","Defend_G","Defend_G","Defend_G","Defend_G","Survivor","Neutralize","Dagger Spray","Backstab","Backflip","Predator","Finisher+1","Mayhem","Blade Dance+1","Phantasmal Killer+1","Slice","Terror+1","Blade Dance+1","A Thousand Cuts+1","Endless Agony","A Thousand Cuts","Dagger Throw","After Image","Outmaneuver+1","Flying Knee+1","Slice+1","Night Terror","Dagger Throw+1","Writhe"],"relics":["Ring of the Snake","hubris:OldNail","Centennial Puzzle","WristBlade","Red Mask","Boot","Bottled Tornado","Black Star","Potion Belt","Tough Bandages","Ornamental Fan","Meat on the Bone","hubris:AncientText","Pantograph","Question Card"],"acts_visited":["Exordium","TheCity","TheBeyond"],"potions_floor_usage":[16,16,22,33,33,45,50,50,50],"damage_taken":[{"damage":0,"enemies":"Small Slimes","floor":1,"turns":4},{"damage":0,"enemies":"2 Louse","floor":2,"turns":2},{"damage":0,"enemies":"Jaw Worm","floor":3,"turns":3},{"damage":12,"enemies":"Blue Slaver","floor":4,"turns":3},{"damage":0,"enemies":"3 Louse","floor":5,"turns":2},{"damage":18,"enemies":"Lagavulin","floor":11,"turns":5},{"damage":0,"enemies":"Looter","floor":12,"turns":2},{"damage":7,"enemies":"Exordium Wildlife","floor":14,"turns":3},{"damage":11,"enemies":"Slime Boss","floor":16,"turns":5},{"damage":2,"enemies":"Chosen","floor":18,"turns":3},{"damage":2,"enemies":"3 Byrds","floor":19,"turns":4},{"damage":16,"enemies":"Centurion and Healer","floor":20,"turns":5},{"damage":37,"enemies":"Sentry and Sphere","floor":22,"turns":6},{"damage":10,"enemies":"Masked Bandits","floor":24,"turns":3},{"damage":0,"enemies":"3 Cultists","floor":29,"turns":3},{"damage":0,"enemies":"Snecko","floor":31,"turns":3},{"damage":18,"enemies":"Champ","floor":33,"turns":5},{"damage":13,"enemies":"3 Shapes","floor":35,"turns":3},{"damage":3,"enemies":"Orb Walker","floor":37,"turns":2},{"damage":7,"enemies":"Jaw Worm Horde","floor":39,"turns":2},{"damage":13,"enemies":"Giant Head","floor":41,"turns":4},{"damage":34,"enemies":"Nemesis","floor":44,"turns":3},{"damage":0,"enemies":"3 Darklings","floor":45,"turns":2},{"damage":19,"enemies":"Writhing Mass","floor":46,"turns":3},{"damage":17,"enemies":"Giant Head","floor":47,"turns":4},{"damage":52,"enemies":"Awakened One","floor":50,"turns":5}],"seed_played":"2996750876041501022","potions_obtained":[{"floor":4,"key":"DistilledChaos"},{"floor":5,"key":"AttackPotion"},{"floor":11,"key":"Block Potion"},{"floor":16,"key":"Guardian:BlockOnCardUsePotion"},{"floor":18,"key":"sneckomod:MuddlingPotion"},{"floor":24,"key":"DistilledChaos"},{"floor":33,"key":"BlessingOfTheForge"},{"floor":45,"key":"SteroidPotion"},{"floor":46,"key":"AttackPotion"}],"is_trial":false,"path_per_floor":["M","M","M","M","M","R","?","?","T","R","E","M","$","M","R","B",null,"M","M","M","?","M","R","?","R","T","R","$","M","?","M","R","B",null,"M","?","M","NS","M","R","E","R","T","E","M","M","E","?","R","B",null],"character_chosen":"THE_SILENT","items_purchased":["Mayhem","Bottled Tornado"],"campfire_rested":5,"item_purchase_floors":[13,28],"current_hp_per_floor":[77,77,77,65,65,65,65,65,65,65,47,47,47,40,63,52,77,75,73,57,57,20,43,33,56,56,56,56,56,56,56,56,38,77,64,64,61,61,54,77,64,64,64,30,42,35,30,49,72,37],"gold":254,"neow_bonus":"TEN_PERCENT_HP_BONUS","is_daily":false,"chose_seed":false,"campfire_upgraded":5,"win_rate":0.0,"timestamp":1613492265,"path_taken":["M","M","M","M","M","R","?","?","T","R","E","M","$","?","R","BOSS","M","M","M","?","M","R","?","R","T","R","$","M","?","M","R","BOSS","M","?","M","NS","M","R","E","R","T","E","M","M","E","?","R","BOSS"],"items_purchased_type":["Card","Relic"],"build_version":"2020-12-22","purchased_purges":1,"victory":true,"max_hp_per_floor":[77,77,77,77,77,77,77,77,77,77,77,77,77,77,77,77,77,77,77,77,77,77,77,77,77,77,77,77,77,77,77,77,77,77,77,77,77,77,77,77,77,77,77,77,77,77,77,77,77,77],"card_choices":[{"not_picked":["hubris:SlightOfHand","Deflect"],"picked":"Dagger Spray","floor":1},{"not_picked":["Reflex","Footwork"],"picked":"Choke","floor":2},{"not_picked":["Slice","Underhanded Strike"],"picked":"Backstab","floor":3},{"not_picked":["Reflex","hubris:SlightOfHand"],"picked":"Backflip","floor":4},{"not_picked":["Deflect","Underhanded Strike"],"picked":"Predator","floor":5},{"not_picked":["Bouncing Flask","Malaise"],"picked":"Acrobatics","floor":11},{"not_picked":["Dodge and Roll","Deadly Poison","Dash"],"picked":"SKIP","floor":12},{"not_picked":["Deflect","Quick Slash"],"picked":"Blade Dance","floor":14},{"not_picked":["Envenom","Glass Knife"],"picked":"Phantasmal Killer","floor":16},{"not_picked":["Calculated Gamble","Sucker Punch+1"],"picked":"Slice","floor":18},{"not_picked":["Acrobatics","Deflect"],"picked":"Terror+1","floor":19},{"not_picked":["Backflip","Deflect+1"],"picked":"Prepared+1","floor":20},{"not_picked":["Flying Knee+1","Slice+1"],"picked":"Blade Dance+1","floor":22},{"not_picked":["Flying Knee","Poisoned Stab"],"picked":"A Thousand Cuts","floor":24},{"not_picked":["Sucker Punch","hubris:SlightOfHand","Flying Knee"],"picked":"SKIP","floor":29},{"not_picked":["Backflip","Dodge and Roll+1"],"picked":"Endless Agony","floor":31},{"not_picked":["Glass Knife","Doppelganger"],"picked":"A Thousand Cuts","floor":33},{"not_picked":["Underhanded Strike+1","Poisoned Stab"],"picked":"Dagger Throw","floor":35},{"not_picked":["PiercingWail+1","hubris:Counter+1"],"picked":"After Image","floor":37},{"not_picked":["Sucker Punch+1","Dodge and Roll+1"],"picked":"Outmaneuver+1","floor":39},{"not_picked":["Deadly Poison+1","Flechettes+1"],"picked":"Flying Knee+1","floor":41},{"not_picked":["Sucker Punch","Dagger Throw+1"],"picked":"Slice+1","floor":44},{"not_picked":["Sucker Punch+1","Bouncing Flask+1"],"picked":"Night Terror","floor":45},{"not_picked":["Outmaneuver+1","hubris:Counter+1"],"picked":"Dagger Throw+1","floor":46},{"not_picked":["Leg Sweep","Deadly Poison","Deflect"],"picked":"SKIP","floor":47}],"player_experience":8284,"relics_obtained":[{"floor":9,"key":"hubris:OldNail"},{"floor":11,"key":"Centennial Puzzle"},{"floor":24,"key":"Red Mask"},{"floor":26,"key":"Boot"},{"floor":41,"key":"Potion Belt"},{"floor":41,"key":"Tough Bandages"},{"floor":43,"key":"Ornamental Fan"},{"floor":44,"key":"Meat on the Bone"},{"floor":44,"key":"hubris:AncientText"},{"floor":47,"key":"Pantograph"},{"floor":47,"key":"Question Card"}],"event_choices":[{"damage_healed":0,"gold_gain":54,"player_choice":"Gained Gold","damage_taken":0,"max_hp_gain":0,"max_hp_loss":0,"event_name":"Golden Wing","floor":8,"gold_loss":0},{"damage_healed":0,"gold_gain":0,"player_choice":"Fought Bandits","damage_taken":0,"max_hp_gain":0,"max_hp_loss":0,"event_name":"Masked Bandits","floor":24,"gold_loss":0},{"cards_removed":["Acrobatics"],"damage_healed":0,"gold_gain":0,"player_choice":"Removed Skill","damage_taken":0,"max_hp_gain":0,"max_hp_loss":0,"event_name":"Falling","floor":36,"gold_loss":0},{"damage_healed":19,"gold_gain":0,"player_choice":"Writhe","damage_taken":0,"max_hp_gain":0,"max_hp_loss":0,"event_name":"Winding Halls","floor":48,"gold_loss":0,"cards_obtained":["Writhe"]}],"is_beta":false,"boss_relics":[{"not_picked":["Snecko Eye","Ring of the Serpent"],"picked":"WristBlade"},{"not_picked":["hubris:CrackedHourglass","Cursed Key"],"picked":"Black Star"}],"items_purged_floors":[13],"is_endless":false,"potions_floor_spawned":[4,5,11,12,16,18,24,29,33,45,46],"ascension_level":0}}