{"host":"zgdag062zrknap1a","time":1613454604,"event":{"mods":["AchievementEnabler","Act Like it!","Aspiration","Bard","BaseMod","BetterRewards","Colored Map","Colored Powertips","Conspire","Downfall","Gensokyo","Hallownest","Hermit","Highlight Path","Hubris","Infinite Spire","Jorbs\u0027s Wanderer Trilogy","Marisa????????","Minty Spire (QoL Compilation)","Quick Restart","Rare Cards Sparkle","Replay The Spire","Shop Mod","StSLib","The Bug Knight","The Cursed","The Hierophant","The Necromancer","The Runesmith","The Servant 0.9.4"],"gold_per_floor":[111,111,111,111,111,111,111,111],"floor_reached":7,"language":"ENG","playtime":334,"items_purged":["Runesmith:CraftFirestone"],"score":87,"play_id":"c3c7e46b-6d0b-499f-8cf4-a5f2775b2095","local_time":"20210215215004","is_ascension_mode":false,"campfire_choices":[{"floor":6,"key":"RECALL"}],"circlet_count":0,"master_deck":["conspire:GhostlyStrike","conspire:GhostlyStrike","conspire:GhostlyStrike","conspire:GhostlyStrike","conspire:GhostlyDefend","conspire:GhostlyDefend","conspire:GhostlyDefend","conspire:GhostlyDefend","Runesmith:Fortify","Runesmith:HammerTime","Runesmith:HammerThrow","Runesmith:PoweredAnvil","Runesmith:Grindstone","Runesmith:FieryHammer","Runesmith:EarthShield","Runesmith:UnstableHammer"],"relics":["Runesmith:BrokenRuby","Chemical X","Tiny Chest"],"acts_visited":["Exordium"],"potions_floor_usage":[],"damage_taken":[{"damage":3,"enemies":"Cultist","floor":1,"turns":4},{"damage":14,"enemies":"3 Sentries","floor":7,"turns":4}],"seed_played":"2102750058137007592","potions_obtained":[],"is_trial":false,"path_per_floor":["M","?","?","?","T","R","E"],"character_chosen":"RUNESMITH_CLASS","items_purchased":["Runesmith:HammerTime","Runesmith:HammerThrow","Runesmith:PoweredAnvil","Runesmith:Grindstone","Chemical X","Runesmith:FieryHammer","Runesmith:EarthShield","Tiny Chest"],"campfire_rested":0,"item_purchase_floors":[0,0,0,0,0,0,0,0],"current_hp_per_floor":[35,35,35,35,35,35,21,21],"gold":111,"neow_bonus":"","is_daily":false,"chose_seed":false,"campfire_upgraded":0,"win_rate":0.0,"timestamp":1613454604,"path_taken":["M","?","?","?","?","R","E"],"items_purchased_type":["Card","Card","Card","Card","Relic","Card","Card","Relic"],"build_version":"2020-12-22","purchased_purges":1,"victory":false,"max_hp_per_floor":[70,70,70,70,70,70,70,70],"card_choices":[{"not_picked":["Runesmith:HeatedChisel","Runesmith:WhiteBalance"],"picked":"Runesmith:UnstableHammer","floor":1}],"player_experience":445838,"relics_obtained":[],"event_choices":[{"damage_healed":0,"gold_gain":0,"player_choice":"Ignored","damage_taken":0,"max_hp_gain":0,"max_hp_loss":0,"event_name":"Liars Game","floor":2,"gold_loss":0},{"damage_healed":0,"gold_gain":0,"player_choice":"Agree","damage_taken":0,"max_hp_gain":0,"max_hp_loss":0,"event_name":"conspire:LoneGhost","floor":3,"gold_loss":0},{"damage_healed":0,"gold_gain":0,"player_choice":"Leave","damage_taken":0,"max_hp_gain":0,"max_hp_loss":0,"event_name":"conspire:Investor","floor":4,"gold_loss":0}],"is_beta":false,"boss_relics":[],"items_purged_floors":[0],"is_endless":false,"potions_floor_spawned":[],"killed_by":"3 Sentries","ascension_level":0}}