{"host":"xo0glkmxta74xh34","time":1613511504,"event":{"mods":["BaseMod","Downfall","Minty Spire (QoL Compilation)","Reliquary","Replay The Spire","StSLib"],"gold_per_floor":[114,39,58,58,72,97,97,127,127,138,138,38,38,38,38,140,140,158,171,191,191,290,290,315,334,379,406,406,424,444,0,0,0,0],"floor_reached":33,"language":"ENG","playtime":1059,"items_purged":["Strike_G","Defend_B"],"score":483,"play_id":"05818e28-3d9a-4fb6-a694-d9fd1d136383","local_time":"20210216153824","is_ascension_mode":true,"campfire_choices":[{"floor":7,"key":"REST"},{"floor":11,"key":"REST"},{"floor":13,"key":"REST"},{"data":"Pain","floor":15,"key":"PURGE"},{"data":"Vigilance","floor":23,"key":"SMITH"},{"floor":28,"key":"REST"},{"floor":32,"key":"REST"}],"circlet_count":0,"master_deck":["Strike_P","Strike_P","Strike_P","Strike_P","Defend_P","Defend_P","Defend_P","Defend_P","Eruption","Vigilance+1","Judgement","Judgement","Replay:Vibes+1","Consecrate+1"],"relics":["PureWater","Bronze Scales","hexamod:CandleOfCauterizing","Mercury Hourglass","Nunchaku","WarpedTongs","sneckomod:SneckoTalon","Bag of Marbles","Replay:Wax Seal","sneckomod:BlankCard","Guardian:GemstoneGun","PreservedInsect"],"acts_visited":["Exordium","TheCity"],"potions_floor_usage":[24,27,27,33],"damage_taken":[{"damage":7,"enemies":"Jaw Worm","floor":1,"turns":2},{"damage":0,"enemies":"Cultist","floor":3,"turns":2},{"damage":0,"enemies":"2 Louse","floor":5,"turns":1},{"damage":17,"enemies":"3 Sentries","floor":6,"turns":9},{"damage":37,"enemies":"Gremlin Nob","floor":8,"turns":4},{"damage":2,"enemies":"Gremlin Gang","floor":10,"turns":3},{"damage":0,"enemies":"Slime Boss","floor":16,"turns":5},{"damage":0,"enemies":"Chosen","floor":18,"turns":4},{"damage":3,"enemies":"2 Thieves","floor":19,"turns":3},{"damage":0,"enemies":"Sentry and Sphere","floor":20,"turns":2},{"damage":13,"enemies":"Replay:Snechameleon","floor":24,"turns":6},{"damage":9,"enemies":"Centurion and Healer","floor":25,"turns":5},{"damage":43,"enemies":"Book of Stabbing","floor":27,"turns":5},{"damage":0,"enemies":"Snecko","floor":29,"turns":4},{"damage":4,"enemies":"Cultist and Chosen","floor":30,"turns":5},{"damage":43,"enemies":"Collector","floor":33,"turns":6}],"seed_played":"368682207422918459","potions_obtained":[{"floor":3,"key":"EssenceOfSteel"},{"floor":8,"key":"champ:CounterPotion"},{"floor":10,"key":"sneckomod:MuddlingPotion"},{"floor":20,"key":"Elixir"},{"floor":25,"key":"SneckoOil"},{"floor":27,"key":"SmokeBomb"},{"floor":30,"key":"SpeedPotion"}],"is_trial":false,"path_per_floor":["M","$","M","?","M","E","R","E","T","M","R","$","R","?","R","B",null,"M","M","M","$","?","R","E","M","T","E","R","M","M","$","R","B"],"character_chosen":"WATCHER","items_purchased":["Guardian:GemstoneGun","PreservedInsect"],"campfire_rested":5,"item_purchase_floors":[31,31],"current_hp_per_floor":[58,58,58,58,58,41,62,25,25,23,44,44,65,65,65,65,70,70,67,67,67,67,67,54,45,45,2,23,23,19,19,40,0,0],"gold":0,"neow_bonus":"THREE_RARE_CARDS","is_daily":false,"chose_seed":false,"campfire_upgraded":1,"win_rate":0.0,"timestamp":1613511504,"path_taken":["M","$","M","?","M","E","R","E","T","?","R","$","R","?","R","BOSS","M","M","?","?","?","R","E","M","T","E","R","M","M","$","R","BOSS"],"items_purchased_type":["Relic","Relic"],"build_version":"2020-12-22","purchased_purges":2,"victory":false,"max_hp_per_floor":[72,72,72,72,72,72,72,72,72,72,72,72,72,72,72,72,72,72,72,72,72,72,72,72,72,72,72,72,72,72,72,72,72,72],"card_choices":[{"not_picked":["MasterReality","Devotion"],"picked":"Judgement","floor":0},{"not_picked":["FollowUp","Consecrate","Protect"],"picked":"SKIP","floor":1},{"not_picked":["JustLucky","CutThroughFate","FlyingSleeves"],"picked":"SKIP","floor":3},{"not_picked":["Sanctity","InnerPeace","Replay:Anticipation"],"picked":"SKIP","floor":5},{"not_picked":["FlyingSleeves","Fasting2","FearNoEvil"],"picked":"SKIP","floor":6},{"not_picked":["CarveReality","Replay:ManipulateFuture","ThirdEye"],"picked":"SKIP","floor":8},{"not_picked":["EmptyFist","Protect","Perseverance"],"picked":"SKIP","floor":10},{"not_picked":["Blasphemy","Vault"],"picked":"Judgement","floor":16},{"not_picked":["Crescendo+1","Prostrate","Tantrum"],"picked":"SKIP","floor":18},{"not_picked":["SignatureMove+1","SashWhip+1","FlyingSleeves"],"picked":"SKIP","floor":19},{"not_picked":["ForeignInfluence","Prostrate","Evaluate"],"picked":"SKIP","floor":20},{"not_picked":["Evaluate","FlyingSleeves"],"picked":"Replay:Vibes+1","floor":24},{"not_picked":["Fasting2","Weave+1"],"picked":"Consecrate+1","floor":25},{"not_picked":["Worship","Meditate","Replay:ManipulateFuture"],"picked":"SKIP","floor":27},{"not_picked":["Crescendo","BowlingBash","Replay:ManipulateFuture+1"],"picked":"SKIP","floor":29},{"not_picked":["EmptyBody","EmptyFist+1","FollowUp"],"picked":"SKIP","floor":30}],"player_experience":497893,"relics_obtained":[{"floor":6,"key":"hexamod:CandleOfCauterizing"},{"floor":8,"key":"Mercury Hourglass"},{"floor":9,"key":"Nunchaku"},{"floor":24,"key":"Bag of Marbles"},{"floor":26,"key":"Replay:Wax Seal"},{"floor":27,"key":"sneckomod:BlankCard"}],"event_choices":[{"damage_healed":0,"gold_gain":0,"player_choice":"Gave Potion","damage_taken":0,"relics_obtained":["Bronze Scales"],"max_hp_gain":0,"max_hp_loss":0,"event_name":"WeMeetAgain","floor":4,"gold_loss":0},{"damage_healed":0,"gold_gain":0,"player_choice":"Rummage","damage_taken":0,"relics_obtained":["WarpedTongs"],"max_hp_gain":0,"max_hp_loss":0,"event_name":"Accursed Blacksmith","floor":14,"gold_loss":0,"cards_obtained":["Pain"]},{"damage_healed":0,"gold_gain":99,"player_choice":"Stole From Cult","damage_taken":0,"max_hp_gain":0,"max_hp_loss":0,"event_name":"Nest","floor":22,"gold_loss":0}],"is_beta":false,"boss_relics":[{"not_picked":["Cursed Key","reliquary:RedCape"],"picked":"sneckomod:SneckoTalon"}],"items_purged_floors":[2,12],"is_endless":false,"potions_floor_spawned":[3,8,10,20,25,27,30],"killed_by":"Collector","ascension_level":8}}