{"host":"y4mx56vxqys6xwyn","time":1613506365,"event":{"mods":["BaseMod","Hermit","Minty Spire (QoL Compilation)","StSLib","The Bug Knight"],"gold_per_floor":[114,189,200,95,112,138,157,157,208,226,243,243,71,81,81,181,181,199,218,218,268,279,279,3,0,0,0,16,49,60,95,95,190,240,252,267,321,334,334,362,375,393,417,443,205,238,238,257,257,257],"floor_reached":51,"language":"ENG","playtime":4179,"items_purged":["Defend_G","Bullet Time"],"score":856,"play_id":"0ecef980-5da0-4e0c-bca8-38e52b95c3dc","local_time":"20210216141245","is_ascension_mode":false,"campfire_choices":[{"data":"Panache","floor":8,"key":"SMITH"},{"floor":12,"key":"REST"},{"data":"Infinite Blades","floor":15,"key":"SMITH"},{"floor":23,"key":"REST"},{"floor":27,"key":"REST"},{"floor":32,"key":"REST"},{"floor":49,"key":"REST"}],"circlet_count":0,"master_deck":["Defend_G","Defend_G","Defend_G","Defend_G","Survivor","Neutralize","Panache+1","Deflect","Endless Agony","Cloak And Dagger","A Thousand Cuts","Blade Dance","Storm of Steel","Infinite Blades+1","Deflect","Endless Agony+1","Phantasmal Killer+1","Infinite Blades","Bite","Bite","Bite","Bite","Bite+1","Prepared","Cloak And Dagger","Accuracy+1","PiercingWail","Wraith Form v2","Infinite Blades+1","Terror+1","Bullet Time","Slice","Blade Dance+1","Panacea","Madness","Slice+1","Prepared+1","Phantasmal Killer","Backstab"],"relics":["Ring of the Snake","HornCleat","Omamori","Snake Skull","Toolbox","Fusion Hammer","Strawberry","Mummified Hand","Unceasing Top","Bottled Tornado","Tiny House","Ice Cream","Gambling Chip","Toy Ornithopter","Meat on the Bone","Whetstone"],"acts_visited":["Exordium","TheCity","TheBeyond"],"potions_floor_usage":[3,28,31,37,37,46,48,50,50],"damage_taken":[{"damage":0,"enemies":"Small Slimes","floor":1,"turns":4},{"damage":0,"enemies":"2 Louse","floor":3,"turns":3},{"damage":0,"enemies":"Cultist","floor":5,"turns":3},{"damage":4,"enemies":"3 Sentries","floor":6,"turns":10},{"damage":6,"enemies":"Gremlin Gang","floor":7,"turns":6},{"damage":0,"enemies":"Looter","floor":10,"turns":3},{"damage":2,"enemies":"2 Fungi Beasts","floor":11,"turns":4},{"damage":2,"enemies":"Exordium Thugs","floor":14,"turns":4},{"damage":50,"enemies":"The Guardian","floor":16,"turns":7},{"damage":0,"enemies":"Shell Parasite","floor":18,"turns":2},{"damage":1,"enemies":"3 Byrds","floor":19,"turns":3},{"damage":5,"enemies":"Cultist and Chosen","floor":22,"turns":4},{"damage":9,"enemies":"Centurion and Healer","floor":28,"turns":5},{"damage":3,"enemies":"Gremlin Leader","floor":29,"turns":4},{"damage":14,"enemies":"Snecko","floor":30,"turns":4},{"damage":1,"enemies":"Slavers","floor":31,"turns":2},{"damage":34,"enemies":"Collector","floor":33,"turns":7},{"damage":5,"enemies":"3 Shapes","floor":35,"turns":4},{"damage":0,"enemies":"Orb Walker","floor":36,"turns":3},{"damage":10,"enemies":"2 Orb Walkers","floor":37,"turns":3},{"damage":2,"enemies":"Writhing Mass","floor":38,"turns":5},{"damage":0,"enemies":"Reptomancer","floor":40,"turns":5},{"damage":0,"enemies":"Maw","floor":41,"turns":4},{"damage":0,"enemies":"Sphere and 2 Shapes","floor":42,"turns":1},{"damage":0,"enemies":"Giant Head","floor":44,"turns":5},{"damage":29,"enemies":"Nemesis","floor":46,"turns":5},{"damage":9,"enemies":"Spire Growth","floor":48,"turns":3},{"damage":36,"enemies":"Donu and Deca","floor":50,"turns":4}],"seed_played":"529287503501301583","potions_obtained":[{"floor":3,"key":"Fruit Juice"},{"floor":5,"key":"SneckoOil"},{"floor":7,"key":"CunningPotion"},{"floor":16,"key":"Energy Potion"},{"floor":28,"key":"Fruit Juice"},{"floor":30,"key":"PowerPotion"},{"floor":34,"key":"CunningPotion"},{"floor":38,"key":"CultistPotion"},{"floor":40,"key":"CunningPotion"},{"floor":44,"key":"DistilledChaos"},{"floor":46,"key":"Explosive Potion"}],"is_trial":false,"path_per_floor":["M","?","M","?","M","E","M","R","T","M","M","R","$","M","R","B",null,"M","M","?","?","M","R","$","?","T","R","M","E","M","E","R","B",null,"M","M","?","M","?","E","M","M","T","E","$","E","?","M","R","B",null],"character_chosen":"THE_SILENT","items_purchased":["Toolbox","Deflect","Cloak And Dagger","Strawberry","Phantasmal Killer"],"campfire_rested":5,"item_purchase_floors":[13,13,24,24,45],"current_hp_per_floor":[63,52,57,57,57,53,47,47,47,47,45,65,65,63,63,13,68,68,67,47,47,42,47,54,54,54,54,57,56,45,48,59,35,64,59,62,54,64,59,64,64,64,64,64,64,41,41,43,62,39],"gold":257,"neow_bonus":"RANDOM_COLORLESS_2","is_daily":false,"chose_seed":false,"campfire_upgraded":2,"win_rate":0.0,"timestamp":1613506365,"path_taken":["M","?","M","?","M","E","M","R","T","?","?","R","$","M","R","BOSS","M","M","?","?","?","R","$","?","T","R","M","E","M","E","R","BOSS","M","M","?","M","?","E","M","M","T","E","$","E","?","?","R","BOSS"],"items_purchased_type":["Relic","Card","Card","Relic","Card"],"build_version":"2020-12-22","purchased_purges":2,"victory":true,"max_hp_per_floor":[63,63,68,68,68,68,68,68,68,68,68,68,68,68,68,68,68,68,68,47,47,47,47,54,54,54,54,59,59,59,59,59,59,64,64,64,64,64,64,64,64,64,64,64,64,64,64,64,64,64],"card_choices":[{"not_picked":["HandOfGreed","Secret Technique"],"picked":"Panache","floor":0},{"not_picked":["Bane","Dodge and Roll"],"picked":"Deflect","floor":1},{"not_picked":["Backflip","Acrobatics"],"picked":"Endless Agony","floor":3},{"not_picked":["Dagger Spray","Flying Knee"],"picked":"Cloak And Dagger","floor":5},{"not_picked":["Underhanded Strike","Dodge and Roll"],"picked":"A Thousand Cuts","floor":6},{"not_picked":["Sucker Punch","Quick Slash"],"picked":"Blade Dance","floor":7},{"not_picked":["Cloak And Dagger","Bane"],"picked":"Storm of Steel","floor":10},{"not_picked":["Poisoned Stab","Well Laid Plans"],"picked":"Infinite Blades","floor":11},{"not_picked":["Outmaneuver","Sucker Punch"],"picked":"Endless Agony","floor":14},{"not_picked":["A Thousand Cuts","Unload"],"picked":"Phantasmal Killer","floor":16},{"not_picked":["Blur","Acrobatics"],"picked":"Infinite Blades","floor":18},{"not_picked":["Deadly Poison+1","Distraction","Flying Knee"],"picked":"SKIP","floor":19},{"not_picked":["Dagger Spray","Flying Knee+1"],"picked":"Prepared","floor":22},{"not_picked":["Bane","Unload"],"picked":"Accuracy","floor":28},{"not_picked":["Flying Knee","Underhanded Strike","Reflex"],"picked":"SKIP","floor":29},{"not_picked":["Bane","Outmaneuver"],"picked":"PiercingWail","floor":30},{"not_picked":["Envenom","Unload"],"picked":"Wraith Form v2","floor":31},{"not_picked":["A Thousand Cuts","Envenom"],"picked":"Bullet Time","floor":33},{"not_picked":["PiercingWail+1","Calculated Gamble"],"picked":"Infinite Blades+1","floor":34},{"not_picked":["Slice+1","Underhanded Strike"],"picked":"Terror+1","floor":35},{"not_picked":["Outmaneuver","Underhanded Strike"],"picked":"Bullet Time","floor":36},{"not_picked":["Caltrops","Infinite Blades"],"picked":"Slice","floor":37},{"not_picked":["Outmaneuver+1","Dagger Spray+1"],"picked":"Blade Dance+1","floor":38},{"not_picked":["Finesse","Forethought"],"picked":"Panacea","floor":39},{"not_picked":["Finesse","Violence"],"picked":"Madness","floor":39},{"not_picked":["Deadly Poison+1","Outmaneuver"],"picked":"Slice+1","floor":40},{"not_picked":["All Out Attack","Dagger Spray","Quick Slash"],"picked":"SKIP","floor":41},{"not_picked":["Catalyst","Well Laid Plans","Sucker Punch"],"picked":"SKIP","floor":42},{"not_picked":["Crippling Poison+1","Poisoned Stab+1"],"picked":"Prepared+1","floor":44},{"not_picked":["Dagger Spray","Infinite Blades+1","Flechettes"],"picked":"SKIP","floor":46},{"not_picked":["Escape Plan","Dodge and Roll+1"],"picked":"Backstab","floor":48}],"player_experience":61564,"relics_obtained":[{"floor":6,"key":"Omamori"},{"floor":9,"key":"Snake Skull"},{"floor":26,"key":"Mummified Hand"},{"floor":29,"key":"Unceasing Top"},{"floor":31,"key":"Bottled Tornado"},{"floor":37,"key":"Ice Cream"},{"floor":40,"key":"Gambling Chip"},{"floor":43,"key":"Toy Ornithopter"},{"floor":44,"key":"Meat on the Bone"},{"floor":46,"key":"Whetstone"}],"event_choices":[{"damage_healed":0,"gold_gain":75,"player_choice":"Gather Gold","damage_taken":11,"max_hp_gain":0,"max_hp_loss":0,"event_name":"World of Goop","floor":2,"gold_loss":0},{"damage_healed":0,"gold_gain":0,"player_choice":"Paid Gold","damage_taken":0,"relics_obtained":["HornCleat"],"max_hp_gain":0,"max_hp_loss":0,"event_name":"WeMeetAgain","floor":4,"gold_loss":105},{"damage_healed":0,"gold_gain":0,"player_choice":"Became a vampire","damage_taken":0,"max_hp_gain":0,"max_hp_loss":21,"event_name":"Vampires","floor":20,"gold_loss":0,"cards_obtained":["Bite","Bite","Bite","Bite","Bite"]},{"damage_healed":0,"gold_gain":100,"player_choice":"Bet on Murderer","damage_taken":0,"max_hp_gain":0,"max_hp_loss":0,"event_name":"The Joust","floor":21,"gold_loss":50},{"damage_healed":0,"gold_gain":0,"player_choice":"Paid Fearfully","damage_taken":0,"max_hp_gain":0,"max_hp_loss":0,"event_name":"Masked Bandits","floor":25,"gold_loss":3},{"damage_healed":0,"gold_gain":0,"player_choice":"Fight","damage_taken":0,"max_hp_gain":0,"max_hp_loss":0,"event_name":"Mysterious Sphere","floor":37,"gold_loss":0},{"damage_healed":0,"gold_gain":0,"player_choice":"Memory 2","damage_taken":5,"max_hp_gain":0,"max_hp_loss":0,"event_name":"SensoryStone","floor":39,"gold_loss":0},{"damage_healed":0,"gold_gain":0,"player_choice":"Forge","damage_taken":0,"max_hp_gain":0,"max_hp_loss":0,"event_name":"Accursed Blacksmith","floor":47,"gold_loss":0,"cards_upgraded":["Accuracy"]}],"is_beta":false,"boss_relics":[{"not_picked":["Coffee Dripper","Busted Crown"],"picked":"Fusion Hammer"},{"not_picked":["SacredBark","Runic Pyramid"],"picked":"Tiny House"}],"items_purged_floors":[24,45],"is_endless":false,"potions_floor_spawned":[3,5,7,16,22,28,30,38,40,41,44,46],"ascension_level":0}}