{"host":"en4narc5947t7k9n","time":1613491514,"event":{"mods":["AchievementEnabler","BaseMod","Colored Map","Minty Spire (QoL Compilation)","SuperFastMode"],"gold_per_floor":[212,212,212,230,33,61,74,74,100,127,153,181,193,231,243,255,255],"floor_reached":16,"language":"KOR","playtime":691,"items_purged":["Strike_R"],"score":102,"play_id":"ff127354-7edd-41f9-9f49-38abad729481","local_time":"20210217010514","is_ascension_mode":false,"campfire_choices":[{"data":"Searing Blow","floor":8,"key":"SMITH"},{"data":"Searing Blow+1","floor":15,"key":"SMITH"}],"circlet_count":0,"master_deck":["Strike_R","Strike_R","Strike_R","Defend_R","Defend_R","Defend_R","Defend_R","Bash","Shockwave","Clash","Dramatic Entrance","Searing Blow+2","Flex","Dual Wield","Offering","Burning Pact"],"relics":["Burning Blood","Dream Catcher","MawBank","Odd Mushroom"],"acts_visited":["Exordium"],"potions_floor_usage":[7,16,16],"damage_taken":[{"damage":6,"enemies":"Jaw Worm","floor":1,"turns":3},{"damage":5,"enemies":"2 Louse","floor":4,"turns":3},{"damage":19,"enemies":"Gremlin Nob","floor":6,"turns":4},{"damage":7,"enemies":"Cultist","floor":7,"turns":4},{"damage":3,"enemies":"3 Louse","floor":10,"turns":3},{"damage":2,"enemies":"Large Slime","floor":11,"turns":6},{"damage":17,"enemies":"Exordium Wildlife","floor":12,"turns":3},{"damage":6,"enemies":"The Mushroom Lair","floor":14,"turns":1},{"damage":68,"enemies":"The Guardian","floor":16,"turns":6}],"seed_played":"1370301898547650176","potions_obtained":[{"floor":4,"key":"PowerPotion"},{"floor":7,"key":"Fruit Juice"},{"floor":10,"key":"LiquidMemories"}],"is_trial":false,"path_per_floor":["M","?","?","M","$","E","M","R","T","M","M","M","?","?","R","B"],"character_chosen":"IRONCLAD","items_purchased":["Dramatic Entrance","Searing Blow"],"campfire_rested":0,"item_purchase_floors":[5,5],"current_hp_per_floor":[80,85,85,85,85,72,76,76,76,79,83,72,65,65,65,0,0],"gold":255,"neow_bonus":"HUNDRED_GOLD","is_daily":false,"chose_seed":false,"campfire_upgraded":2,"win_rate":0.0,"timestamp":1613491514,"path_taken":["M","?","?","?","$","E","M","R","T","M","M","M","?","?","R","BOSS"],"items_purchased_type":["Card","Card"],"build_version":"2020-12-22","purchased_purges":1,"victory":false,"max_hp_per_floor":[80,85,85,85,85,85,90,90,90,90,90,90,90,90,90,90,90],"card_choices":[{"not_picked":["Wild Strike","Dark Embrace"],"picked":"Shockwave","floor":1},{"not_picked":["Body Slam","Clothesline"],"picked":"Clash","floor":4},{"not_picked":["Warcry","Dropkick"],"picked":"Flex","floor":6},{"not_picked":["Sword Boomerang","Flex"],"picked":"Dual Wield","floor":7},{"not_picked":["Heavy Blade","Iron Wave","Clothesline"],"picked":"SKIP","floor":10},{"not_picked":["Reckless Charge","Dropkick"],"picked":"Offering","floor":11},{"not_picked":["Clash","Flex"],"picked":"Burning Pact","floor":12}],"player_experience":14468,"relics_obtained":[{"floor":6,"key":"Dream Catcher"},{"floor":9,"key":"MawBank"},{"floor":14,"key":"Odd Mushroom"}],"event_choices":[{"damage_healed":0,"gold_gain":0,"player_choice":"Donut","damage_taken":0,"max_hp_gain":5,"max_hp_loss":0,"event_name":"Big Fish","floor":2,"gold_loss":0},{"damage_healed":0,"gold_gain":0,"player_choice":"Ignored","damage_taken":0,"max_hp_gain":0,"max_hp_loss":0,"event_name":"WeMeetAgain","floor":3,"gold_loss":0},{"cards_removed":["Strike_R"],"damage_healed":0,"gold_gain":0,"player_choice":"Card Removal","damage_taken":7,"max_hp_gain":0,"max_hp_loss":0,"event_name":"Golden Wing","floor":13,"gold_loss":0},{"damage_healed":0,"gold_gain":0,"player_choice":"Fought Mushrooms","damage_taken":0,"max_hp_gain":0,"max_hp_loss":0,"event_name":"Mushrooms","floor":14,"gold_loss":0}],"is_beta":false,"boss_relics":[],"items_purged_floors":[5],"is_endless":false,"potions_floor_spawned":[4,7,10],"killed_by":"The Guardian","ascension_level":0}}