{"host":"pj05r22d3fegil3v","time":1613463048,"event":{"mods":["BaseMod","Better Altar","Better Match","Better Note","Better Sensory Stone","Better Skull","Better Third Choice","BetterRewards","Card Filter","Colored Powertips","Curses Come First","Custom Start","DeckTracker","Displayed Cursed Tome","Evolution","Minty Spire (QoL Compilation)","Quick Restart","Rare Cards Sparkle","Relic Filter Mod","Smile Girya","StSLib","Weighted Paths","everything is the same but u backflip on backflip","slay the spire mod where everything is the same but ironclad has a cowboy hat"],"gold_per_floor":[115,115,127,97,110,140,140,154,203,229,239,239,255,76,76,173,173,185,12,12,31,31,31,45,45,45,45,71,71,90,116,116,220,270,284,304,304,207,557,557,587,437,437,453,453,453,453],"floor_reached":46,"language":"ENG","playtime":2647,"items_purged":["Defend_B","Dualcast","Leap","Leap"],"score":728,"play_id":"a571720c-b2a9-4c58-974e-4b33e960be72","local_time":"20210216031048","is_ascension_mode":true,"campfire_choices":[{"data":"Reprogram","floor":7.0,"key":"SMITH"},{"floor":12.0,"key":"REST"},{"data":"Mayhem","floor":15.0,"key":"SMITH"},{"data":"Zap","floor":23,"key":"SMITH"},{"data":"Self Repair","floor":25,"key":"SMITH"},{"floor":29,"key":"DIG"},{"floor":32,"key":"DIG"},{"floor":40,"key":"DIG"},{"floor":45,"key":"DIG"}],"circlet_count":0,"master_deck":["Rebound+1","Rebound","Rebound+1","Leap","Leap+1","Zap+1","Mayhem+1","Barrage","Reprogram+1","Loop","Capacitor","Self Repair+1","Turbo","Creative AI+1","Barrage+1","Conserve Battery+1","Seek+1","Finesse+1","Reinforced Body+1"],"relics":["Cracked Core","EVO:Axolotl","Shovel","Mango","Darkstone Periapt","Ancient Tea Set","Coffee Dripper","Bottled Lightning","Incense Burner","Pear","Toxic Egg 2","WingedGreaves","Tiny House","Old Coin","Mummified Hand","Bottled Tornado","Ginger","Nunchaku"],"acts_visited":["Exordium","TheCity","TheBeyond"],"potions_floor_usage":[24,24,30,30,31,31],"damage_taken":[{"damage":2.0,"enemies":"Jaw Worm","floor":1.0,"turns":3.0},{"damage":11.0,"enemies":"2 Louse","floor":3.0,"turns":3.0},{"damage":0.0,"enemies":"Cultist","floor":5.0,"turns":2.0},{"damage":8.0,"enemies":"Lagavulin","floor":6.0,"turns":7.0},{"damage":5.0,"enemies":"3 Louse","floor":8.0,"turns":4.0},{"damage":13.0,"enemies":"3 Sentries","floor":10.0,"turns":9.0},{"damage":1.0,"enemies":"Looter","floor":11.0,"turns":3.0},{"damage":0.0,"enemies":"2 Fungi Beasts","floor":13.0,"turns":3.0},{"damage":6.0,"enemies":"Slime Boss","floor":16.0,"turns":10.0},{"damage":1.0,"enemies":"Shell Parasite","floor":18.0,"turns":5.0},{"damage":0.0,"enemies":"Chosen","floor":21.0,"turns":8.0},{"damage":22,"enemies":"Snecko","floor":24,"turns":5},{"damage":56,"enemies":"Book of Stabbing","floor":28,"turns":7},{"damage":19,"enemies":"Snake Plant","floor":30,"turns":5},{"damage":22,"enemies":"Gremlin Leader","floor":31,"turns":7},{"damage":22,"enemies":"Champ","floor":33,"turns":10},{"damage":13,"enemies":"3 Darklings","floor":35,"turns":7},{"damage":41,"enemies":"3 Shapes","floor":36,"turns":5},{"damage":8,"enemies":"Mind Bloom Boss Battle","floor":39,"turns":7},{"damage":24,"enemies":"Nemesis","floor":41,"turns":9},{"damage":32,"enemies":"Spire Growth","floor":44,"turns":5},{"damage":34,"enemies":"Sphere and 2 Shapes","floor":46,"turns":6}],"seed_played":"-4586465366783656580","potions_obtained":[{"floor":3.0,"key":"SmokeBomb"},{"floor":4.0,"key":"GamblersBrew"},{"floor":4.0,"key":"ColorlessPotion"},{"floor":11.0,"key":"AttackPotion"},{"floor":13.0,"key":"AttackPotion"},{"floor":16.0,"key":"Block Potion"},{"floor":18.0,"key":"LiquidMemories"},{"floor":28,"key":"EntropicBrew"},{"floor":33,"key":"DuplicationPotion"},{"floor":34,"key":"Strength Potion"},{"floor":35,"key":"BlessingOfTheForge"}],"is_trial":false,"path_per_floor":["M","?","M","?","M","E","R","M","T","E","M","R","M","$","R","B",null,"M","$","?","M","?","R","M","R","T","$","E","R","M","E","R","B",null,"M","M","?","$","?","R","E","$","T","M","R","M"],"character_chosen":"DEFECT","items_purchased":["Mayhem","Shovel","Self Repair","Turbo","Finesse+1"],"campfire_rested":1,"item_purchase_floors":[0,0,14,19,38],"current_hp_per_floor":[63,46,35,35,35,27,27,22,22,9,8,33,33,33,33,34,84,84,84,84,84,84,84,69,69,69,69,23,33,38,26,26,14,99,96,65,65,65,67,67,53,53,53,31,31,0,0],"gold":453,"neow_bonus":"","is_daily":false,"chose_seed":false,"campfire_upgraded":4,"win_rate":0.0,"timestamp":1613463048,"path_taken":["M","?","M","?","M","E","R","?","T","E","M","R","M","$","R","BOSS","M","$","?","M","?","R","M","R","T","?","E","R","M","E","R","BOSS","M","M","?","$","?","R","E","$","T","M","R","M"],"items_purchased_type":["Card","Relic","Card","Card","Card"],"build_version":"2020-12-22","purchased_purges":4,"victory":false,"max_hp_per_floor":[84,84,84,84,84,84,84,84,84,84,84,84,84,84,84,84,84,84,84,84,84,84,84,84,84,84,84,84,94,94,94,94,94,99,99,99,99,99,99,99,99,99,99,99,99,99,99],"card_choices":[{"not_picked":["Steam","Gash"],"picked":"Barrage","floor":1.0},{"not_picked":["Melter","Steam Power"],"picked":"Leap","floor":3.0},{"not_picked":["Steam","Barrage"],"picked":"Reprogram","floor":5.0},{"not_picked":["Double Energy","Loop","Force Field"],"picked":"SKIP","floor":6.0},{"not_picked":["Leap","Cold Snap","Storm"],"picked":"SKIP","floor":8.0},{"not_picked":["Fission","Compile Driver","Beam Cell"],"picked":"SKIP","floor":10.0},{"not_picked":["Redo","Darkness"],"picked":"Loop","floor":11.0},{"not_picked":["Go for the Eyes","Lockon"],"picked":"Capacitor","floor":13.0},{"not_picked":["Undo","Glacier","White Noise"],"picked":"SKIP","floor":18.0},{"not_picked":["Rip and Tear","White Noise","BootSequence"],"picked":"SKIP","floor":21.0},{"not_picked":["Go for the Eyes","Compile Driver"],"picked":"Barrage+1","floor":24},{"not_picked":["Turbo","Static Discharge+1"],"picked":"Conserve Battery+1","floor":28},{"not_picked":["Force Field","Reinforced Body","Doom and Gloom"],"picked":"SKIP","floor":30},{"not_picked":["Undo+1","Rip and Tear"],"picked":"Chill+1","floor":31},{"not_picked":["Thunder Strike","Hyperbeam"],"picked":"Seek+1","floor":33},{"not_picked":["Hologram+1","Streamline","Leap+1"],"picked":"SKIP","floor":35},{"not_picked":["Ball Lightning","Hologram+1","Streamline+1"],"picked":"SKIP","floor":36},{"not_picked":["Compile Driver","Gash"],"picked":"Reinforced Body+1","floor":39},{"not_picked":["Storm","Cold Snap+1","Streamline"],"picked":"SKIP","floor":41},{"not_picked":["Storm","Cold Snap+1","Streamline"],"picked":"SKIP","floor":41},{"not_picked":["All For One","Hologram+1","Conserve Battery+1"],"picked":"SKIP","floor":44}],"player_experience":123614,"relics_obtained":[{"floor":6.0,"key":"Darkstone Periapt"},{"floor":10.0,"key":"Ancient Tea Set"},{"floor":26,"key":"Bottled Lightning"},{"floor":28,"key":"Incense Burner"},{"floor":29,"key":"Pear"},{"floor":31,"key":"Toxic Egg 2"},{"floor":32,"key":"WingedGreaves"},{"floor":39,"key":"Old Coin"},{"floor":40,"key":"Mummified Hand"},{"floor":41,"key":"Bottled Tornado"},{"floor":43,"key":"Ginger"},{"floor":45,"key":"Nunchaku"}],"event_choices":[{"damage_healed":63.0,"max_hp_gain":0.0,"max_hp_loss":84.0,"gold_gain":0.0,"event_name":"betterThird:BetterShining","player_choice":"Upgrade","floor":2.0,"gold_loss":0.0,"damage_taken":17.0,"cards_upgraded":["Leap","Rebound"]},{"damage_healed":0.0,"max_hp_gain":0.0,"max_hp_loss":0.0,"gold_gain":0.0,"event_name":"The Woman in Blue","player_choice":"Bought 2 Potions","floor":4.0,"gold_loss":0.0,"damage_taken":0.0},{"cards_removed":["Rebound"],"damage_healed":5.0,"max_hp_gain":0.0,"max_hp_loss":0.0,"gold_gain":0.0,"event_name":"Bonfire Elementals","player_choice":"Offered Common","floor":20.0,"gold_loss":0.0,"damage_taken":0.0},{"cards_removed":["Rebound"],"damage_healed":5.0,"max_hp_gain":0.0,"max_hp_loss":0.0,"gold_gain":0.0,"event_name":"Bonfire Elementals","player_choice":"Offered Special","floor":20.0,"gold_loss":0.0,"damage_taken":0.0},{"cards_removed":["Mayhem"],"damage_healed":0,"gold_gain":0,"player_choice":"Take \u0026 Give","damage_taken":0,"max_hp_gain":0,"max_hp_loss":0,"event_name":"betterNote:BetterNote","floor":22,"gold_loss":0,"cards_obtained":["Creative AI"]},{"cards_removed":["Chill"],"damage_healed":0,"gold_gain":0,"player_choice":"Removed Skill","damage_taken":0,"max_hp_gain":0,"max_hp_loss":0,"event_name":"Falling","floor":37,"gold_loss":0},{"damage_healed":0,"gold_gain":0,"player_choice":"Fight","damage_taken":0,"max_hp_gain":0,"max_hp_loss":0,"event_name":"MindBloom","floor":39,"gold_loss":0}],"is_beta":false,"boss_relics":[{"not_picked":["Pandora\u0027s Box","Fusion Hammer"],"picked":"Coffee Dripper"},{"not_picked":["Philosopher\u0027s Stone","SacredBark"],"picked":"Tiny House"}],"items_purged_floors":[0,14,19,42],"is_endless":false,"potions_floor_spawned":[3,5,11,13,16,18,28,33,35,36,44],"killed_by":"Sphere and 2 Shapes","ascension_level":1}}