{"host":"r3islh0l1a1ykxfu","time":1613501320,"event":{"mods":["BaseMod","Bestiary","Colored Map","Colored Powertips","Highlight Path","Minty Spire (QoL Compilation)","Relic Stats","Slay-I"],"gold_per_floor":[110,123,140,152,152,185,185,248,248,267,317,3,29,79,79,179,179,198,248,72,122,172,172,206,206,206,234,300,350,315,342,354,366,366],"floor_reached":33,"language":"ENG","playtime":9721,"items_purged":["Parasite","Barricade"],"score":448,"play_id":"f054d5bd-6d51-4e30-9797-b55aec62ab38","local_time":"20210216124840","is_ascension_mode":true,"campfire_choices":[{"floor":7.0,"key":"REST"},{"data":"Immolate","floor":15.0,"key":"SMITH"},{"data":"Limit Break","floor":23.0,"key":"SMITH"},{"data":"Flex","floor":25,"key":"SMITH"},{"data":"Flex","floor":32,"key":"SMITH"}],"circlet_count":0,"master_deck":["Bash","Pommel Strike","Flex+1","Flex","Pummel","Immolate","Flex+1","Immolate+1","Double Tap","Ghostly Armor","Havoc","Iron Wave","Limit Break+1","Iron Wave","Rupture","Heavy Blade+1","Shrug It Off","Flex","Sword Boomerang","Heavy Blade+1","Ghostly","Ghostly","Ghostly","Ghostly","Ghostly"],"relics":["Burning Blood","SsserpentHead","Boot","Matryoshka","Meat on the Bone","InkBottle","Blood Vial","Bottled Flame","Pandora\u0027s Box","Strawberry","Anchor","Darkstone Periapt","Bottled Lightning","Singing Bowl","MawBank"],"acts_visited":["Exordium","TheCity"],"potions_floor_usage":[24],"damage_taken":[{"damage":0.0,"enemies":"Small Slimes","floor":1.0,"turns":3.0},{"damage":1.0,"enemies":"Cultist","floor":2.0,"turns":3.0},{"damage":2.0,"enemies":"2 Louse","floor":3.0,"turns":2.0},{"damage":29.0,"enemies":"Exordium Wildlife","floor":4.0,"turns":7.0},{"damage":35.0,"enemies":"3 Sentries","floor":6.0,"turns":8.0},{"damage":0.0,"enemies":"3 Louse","floor":8.0,"turns":1.0},{"damage":11.0,"enemies":"Looter","floor":10.0,"turns":2.0},{"damage":6.0,"enemies":"Gremlin Nob","floor":13.0,"turns":3.0},{"damage":16.0,"enemies":"Slime Boss","floor":16.0,"turns":7.0},{"damage":2.0,"enemies":"Chosen","floor":18.0,"turns":4.0},{"damage":0,"enemies":"Slavers","floor":24,"turns":1},{"damage":8,"enemies":"Gremlin Leader","floor":27,"turns":4},{"damage":0,"enemies":"2 Thieves","floor":28,"turns":1},{"damage":4,"enemies":"Centurion and Healer","floor":31,"turns":2},{"damage":97,"enemies":"Champ","floor":33,"turns":7}],"seed_played":"-1517478557534027507","potions_obtained":[{"floor":1.0,"key":"SkillPotion"},{"floor":3.0,"key":"AttackPotion"},{"floor":8.0,"key":"FairyPotion"},{"floor":10.0,"key":"Block Potion"},{"floor":24,"key":"Fire Potion"},{"floor":28,"key":"BlessingOfTheForge"}],"is_trial":false,"path_per_floor":["M","M","M","M","?","E","R","M","T","M","?","$","E","T","R","B",null,"M","?","$","?","?","R","E","R","T","E","M","?","?","M","R","B"],"character_chosen":"IRONCLAD","items_purchased":["Meat on the Bone","Shrug It Off","Flex"],"campfire_rested":1,"item_purchase_floors":[12,20,20],"current_hp_per_floor":[72,72,72,49,49,20,41,47,47,42,60,60,60,60,60,52,65,69,76,76,76,62,62,70,70,70,72,82,42,42,44,44,0,0],"gold":366,"neow_bonus":"REMOVE_TWO","is_daily":false,"chose_seed":false,"campfire_upgraded":4,"win_rate":0.0,"timestamp":1613501320,"path_taken":["M","M","M","M","?","E","R","?","T","M","?","$","E","?","R","BOSS","M","?","$","?","?","R","E","R","T","E","?","?","?","M","R","BOSS"],"items_purchased_type":["Relic","Card","Card"],"build_version":"2020-12-22","purchased_purges":2,"victory":false,"max_hp_per_floor":[72,72,72,72,72,72,72,72,72,72,72,69,69,69,69,69,69,69,76,76,76,81,81,81,81,81,83,85,42,42,44,44,44,44],"relic_stats":{"Blood Vial":10,"Darkstone Periapt":0,"SsserpentHead":450,"Singing Bowl":6,"counters":[15,55],"Pandora\u0027s Box":["Ghostly Armor","Havoc","Iron Wave","Limit Break","Iron Wave","Barricade","Rupture"],"Boot":[10],"MawBank":36,"obtain_stats":[{"Darkstone Periapt":26,"Singing Bowl":27,"Boot":6,"MawBank":30,"Burning Blood":0,"Blood Vial":14,"SsserpentHead":5,"Bottled Flame":14,"Anchor":24,"Matryoshka":9,"Strawberry":19,"Pandora\u0027s Box":17,"Bottled Lightning":26,"InkBottle":13,"Meat on the Bone":12},{"Darkstone Periapt":11,"Singing Bowl":12,"Boot":5,"MawBank":13,"Burning Blood":0,"Blood Vial":8,"SsserpentHead":4,"Bottled Flame":8,"Anchor":11,"Matryoshka":6,"Strawberry":10,"Pandora\u0027s Box":9,"Bottled Lightning":11,"InkBottle":8,"Meat on the Bone":7},{"Darkstone Periapt":41,"Singing Bowl":45,"Boot":23,"MawBank":46,"Burning Blood":0,"Blood Vial":29,"SsserpentHead":15,"Bottled Flame":29,"Anchor":41,"Matryoshka":24,"Strawberry":40,"Pandora\u0027s Box":36,"Bottled Lightning":41,"InkBottle":29,"Meat on the Bone":26}],"Burning Blood":65,"InkBottle":[9],"Meat on the Bone":0},"card_choices":[{"not_picked":["Infernal Blade","Thunderclap"],"picked":"Pommel Strike","floor":1.0},{"not_picked":["Wild Strike","Body Slam"],"picked":"Flex","floor":2.0},{"not_picked":["Feel No Pain","Rupture"],"picked":"Flex","floor":3.0},{"not_picked":["Clash","Havoc"],"picked":"Pummel","floor":4.0},{"not_picked":["Seeing Red","Burning Pact"],"picked":"Immolate","floor":6.0},{"not_picked":["Dropkick","Whirlwind","Warcry"],"picked":"SKIP","floor":8.0},{"not_picked":["Armaments","Body Slam"],"picked":"Flex","floor":10.0},{"not_picked":["Anger","Intimidate"],"picked":"Immolate","floor":13.0},{"not_picked":["Demon Form","Immolate"],"picked":"Double Tap","floor":16.0},{"not_picked":["Pommel Strike+1","Warcry"],"picked":"Heavy Blade+1","floor":18.0},{"not_picked":["Wild Strike","Dropkick+1"],"picked":"Heavy Blade+1","floor":24},{"not_picked":["Perfected Strike","Iron Wave","Heavy Blade"],"picked":"Singing Bowl","floor":27},{"not_picked":["Shockwave","Anger","Battle Trance"],"picked":"Singing Bowl","floor":28},{"not_picked":["Wild Strike","Battle Trance","Armaments"],"picked":"Singing Bowl","floor":31}],"player_experience":1276800,"relics_obtained":[{"floor":6.0,"key":"Boot"},{"floor":9.0,"key":"Matryoshka"},{"floor":13.0,"key":"InkBottle"},{"floor":14.0,"key":"Blood Vial"},{"floor":14.0,"key":"Bottled Flame"},{"floor":24,"key":"Anchor"},{"floor":26,"key":"Darkstone Periapt"},{"floor":26,"key":"Bottled Lightning"},{"floor":27,"key":"Singing Bowl"}],"event_choices":[{"damage_healed":0.0,"max_hp_gain":0.0,"max_hp_loss":0.0,"gold_gain":0.0,"event_name":"FaceTrader","player_choice":"Trade","floor":5.0,"gold_loss":0.0,"damage_taken":0.0,"relics_obtained":["SsserpentHead"]},{"damage_healed":18.0,"max_hp_gain":0.0,"max_hp_loss":0.0,"gold_gain":0.0,"event_name":"Mushrooms","player_choice":"Healed and dodged fight","floor":11.0,"gold_loss":0.0,"damage_taken":0.0,"cards_obtained":["Parasite"]},{"damage_healed":0.0,"max_hp_gain":0.0,"max_hp_loss":0.0,"gold_gain":0.0,"event_name":"The Mausoleum","player_choice":"Opened","floor":19.0,"gold_loss":0.0,"damage_taken":0.0,"relics_obtained":["Strawberry"]},{"damage_healed":0.0,"max_hp_gain":0.0,"max_hp_loss":0.0,"gold_gain":0.0,"event_name":"The Library","player_choice":"Read","floor":21.0,"gold_loss":0.0,"damage_taken":0.0,"cards_obtained":["Sword Boomerang"]},{"damage_healed":0.0,"max_hp_gain":5.0,"max_hp_loss":0.0,"gold_gain":0.0,"event_name":"Forgotten Altar","player_choice":"Shed Blood","floor":22.0,"gold_loss":0.0,"damage_taken":19.0},{"damage_healed":0,"gold_gain":0,"player_choice":"Became a Ghost","damage_taken":0,"max_hp_gain":0,"max_hp_loss":43,"event_name":"Ghosts","floor":29,"gold_loss":0,"cards_obtained":["Ghostly","Ghostly","Ghostly","Ghostly","Ghostly"]},{"damage_healed":0,"gold_gain":0,"player_choice":"Obtained Relic","damage_taken":0,"relics_obtained":["MawBank"],"max_hp_gain":0,"max_hp_loss":0,"event_name":"Addict","floor":30,"gold_loss":85}],"is_beta":false,"boss_relics":[{"not_picked":["Runic Pyramid","Velvet Choker"],"picked":"Pandora\u0027s Box"}],"items_purged_floors":[12,20],"is_endless":false,"potions_floor_spawned":[1,3,8,10,24,28],"killed_by":"Champ","ascension_level":5}}