{"host":"w4b7hmige5bnqipq","time":1613494008,"event":{"mods":["2.2 Compatiblity","BaseMod","Colored Map","DeckTracker","Keyboard Shortcuts","Minty Spire (QoL Compilation)","Permanent Neow","Rare Cards Sparkle","SuperFastMode","everything is the same but u backflip on backflip","slay the spire mod where everything is the same but ironclad has a cowboy hat"],"gold_per_floor":[359,374,8,8,20,170,170,11,11,11,31,57,89,103,103,180,180,132,182,107,107,16,16,50,60,86,86,103,136,160,160,160],"floor_reached":31,"language":"KOR","playtime":946,"items_purged":[],"score":542,"play_id":"9eb0e225-e731-4d15-9008-a3ca626c2756","local_time":"20210217014648","is_ascension_mode":true,"campfire_choices":[{"data":"Glass Knife","floor":7,"key":"SMITH"},{"data":"Footwork","floor":15,"key":"SMITH"},{"data":"Apotheosis","floor":23,"key":"SMITH"},{"floor":27,"key":"REST"}],"circlet_count":0,"master_deck":["AscendersBane","Strike_G","Strike_G","Strike_G","Strike_G","Defend_G","Defend_G","Defend_G","Defend_G","Defend_G","Survivor","Neutralize","Dagger Spray","Well Laid Plans","Glass Knife+1","Acrobatics","Footwork+1","Blur","Backflip","Adrenaline","Wraith Form v2","Apotheosis+1","Bouncing Flask"],"relics":["Ring of the Snake","Membership Card","Tough Bandages","Incense Burner","Letter Opener","Omamori","Ornamental Fan","Calling Bell","Lizard Tail","Bag of Marbles","Shuriken","Bag of Preparation","Smiling Mask","Strawberry","Juzu Bracelet"],"acts_visited":["TheCity"],"potions_floor_usage":[13,16,18,29,31],"damage_taken":[{"damage":4.0,"enemies":"Small Slimes","floor":1.0,"turns":4.0},{"damage":0.0,"enemies":"Jaw Worm","floor":2.0,"turns":4.0},{"damage":0.0,"enemies":"2 Louse","floor":5.0,"turns":2.0},{"damage":0,"enemies":"Looter","floor":11,"turns":3},{"damage":9,"enemies":"Lagavulin","floor":13,"turns":8},{"damage":0,"enemies":"Blue Slaver","floor":14,"turns":4},{"damage":18,"enemies":"Slime Boss","floor":16,"turns":13},{"damage":5,"enemies":"2 Thieves","floor":18,"turns":5},{"damage":53,"enemies":"Book of Stabbing","floor":24,"turns":10},{"damage":0,"enemies":"Chosen","floor":25,"turns":5},{"damage":6,"enemies":"Sentry and Sphere","floor":28,"turns":9},{"damage":47,"enemies":"Gremlin Leader","floor":29,"turns":12},{"damage":23,"enemies":"Cultist and Chosen","floor":31,"turns":4}],"seed_played":"8473652423123252939","potions_obtained":[{"floor":2.0,"key":"Energy Potion"},{"floor":11,"key":"CunningPotion"},{"floor":16,"key":"Fruit Juice"},{"floor":24,"key":"FearPotion"},{"floor":29,"key":"Fire Potion"}],"is_trial":false,"path_per_floor":["M","M","$","?","M","?","R","$","T","?","M","T","E","M","R","B",null,"M","?","?","?","$","R","E","M","T","R","M","E","T","M"],"character_chosen":"THE_SILENT","items_purchased":["Membership Card","Tough Bandages","Glass Knife","Incense Burner","Apotheosis"],"campfire_rested":1,"item_purchase_floors":[3,3,3,8,22],"current_hp_per_floor":[40,40,40,40,40,40,40,40,40,40,40,40,31,31,31,13,53,53,53,53,53,53,53,35,35,35,56,50,10,10,0,0],"gold":160,"neow_bonus":"TWO_FIFTY_GOLD","is_daily":false,"chose_seed":false,"campfire_upgraded":3,"win_rate":0.0,"timestamp":1613494008,"path_taken":["M","M","$","?","M","?","R","$","T","?","M","?","E","M","R","BOSS","M","?","?","?","$","R","E","M","T","R","M","E","?","M"],"items_purchased_type":["Relic","Relic","Card","Relic","Card"],"build_version":"2020-12-22","purchased_purges":0,"victory":false,"max_hp_per_floor":[66,66,66,66,66,66,66,66,66,66,66,66,66,66,66,66,66,71,71,71,71,71,71,71,71,71,71,71,78,78,78,78],"card_choices":[{"not_picked":["Acrobatics","Sucker Punch"],"picked":"Dagger Spray","floor":1.0},{"not_picked":["Deflect","Catalyst"],"picked":"Well Laid Plans","floor":2.0},{"not_picked":["Blade Dance","Eviscerate"],"picked":"Acrobatics","floor":5.0},{"not_picked":["Dagger Spray","Distraction"],"picked":"Footwork","floor":11},{"not_picked":["Endless Agony","Escape Plan"],"picked":"Blur","floor":13},{"not_picked":["Grand Finale","Concentrate"],"picked":"Backflip","floor":14},{"not_picked":["Phantasmal Killer","Burst"],"picked":"Adrenaline","floor":16},{"not_picked":["Acrobatics","Bane","Endless Agony"],"picked":"SKIP","floor":18},{"not_picked":["PiercingWail","Envenom"],"picked":"Bouncing Flask","floor":24},{"not_picked":["Dagger Spray","Outmaneuver","Underhanded Strike"],"picked":"SKIP","floor":25},{"not_picked":["Outmaneuver","Flying Knee","Well Laid Plans"],"picked":"SKIP","floor":28},{"not_picked":["Dodge and Roll","Flying Knee","Eviscerate"],"picked":"SKIP","floor":29}],"player_experience":767854,"relics_obtained":[{"floor":9,"key":"Letter Opener"},{"floor":12,"key":"Omamori"},{"floor":13,"key":"Ornamental Fan"},{"floor":17,"key":"Lizard Tail"},{"floor":17,"key":"Bag of Marbles"},{"floor":17,"key":"Shuriken"},{"floor":24,"key":"Bag of Preparation"},{"floor":26,"key":"Smiling Mask"},{"floor":29,"key":"Strawberry"},{"floor":30,"key":"Juzu Bracelet"}],"event_choices":[{"damage_healed":0.0,"max_hp_gain":0.0,"max_hp_loss":0.0,"gold_gain":0.0,"event_name":"Shining Light","player_choice":"Ignored","floor":4.0,"gold_loss":0.0,"damage_taken":0.0},{"damage_healed":0,"gold_gain":150,"player_choice":"AGREE","damage_taken":0,"max_hp_gain":0,"max_hp_loss":0,"event_name":"Liars Game","floor":6,"gold_loss":0,"cards_obtained":["Doubt"]},{"cards_removed":["Doubt"],"damage_healed":0,"gold_gain":0,"player_choice":"Forget","damage_taken":0,"max_hp_gain":0,"max_hp_loss":0,"event_name":"Living Wall","floor":10,"gold_loss":0},{"damage_healed":0,"gold_gain":50,"player_choice":"Stole From Cult","damage_taken":0,"max_hp_gain":0,"max_hp_loss":0,"event_name":"Nest","floor":19,"gold_loss":0},{"cards_removed":["Strike_G"],"damage_healed":0,"gold_gain":0,"player_choice":"Gave Gold","damage_taken":0,"max_hp_gain":0,"max_hp_loss":0,"event_name":"Beggar","floor":20,"gold_loss":75},{"damage_healed":0,"gold_gain":0,"player_choice":"Read","damage_taken":0,"max_hp_gain":0,"max_hp_loss":0,"event_name":"The Library","floor":21,"gold_loss":0,"cards_obtained":["Wraith Form v2"]}],"is_beta":false,"boss_relics":[{"not_picked":["SlaversCollar","Snecko Eye"],"picked":"Calling Bell"}],"items_purged_floors":[],"is_endless":false,"potions_floor_spawned":[2,11,16,24,29],"killed_by":"Cultist and Chosen","ascension_level":20}}