{"host":"gg","time":1613449221,"event":{"mods":["BaseMod","Colored Map","Googly Eyes","Minty Spire (QoL Compilation)","Relic Stats","The IronCluck"],"gold_per_floor":[115,132,132,88,105,132,132,164,187,197,231,231,231,247,247,321,321,336,348,328,339,339,373,373,373],"floor_reached":24,"language":"ENG","playtime":1150,"items_purged":[],"score":672,"play_id":"8fad6b79-9713-4dbe-afc7-bc6e46ff0b10","local_time":"20210215202021","is_ascension_mode":true,"campfire_choices":[{"data":"Eruption","floor":7,"key":"SMITH"},{"data":"CrushJoints","floor":13,"key":"SMITH"},{"data":"Wallop","floor":15,"key":"SMITH"}],"circlet_count":0,"master_deck":["AscendersBane","Strike_P+1","Strike_P+1","Strike_P+1","Strike_P+1","Defend_P+1","Defend_P+1","Defend_P+1","Eruption+1","Vigilance","Consecrate","EmptyFist","CutThroughFate","Wallop+1","BowlingBash","FlyingSleeves","CrushJoints+1","ThirdEye+1","Meditate+1","Blasphemy+1","Tantrum","Sanctity+1"],"relics":["Velvet Choker","Vajra","Ancient Tea Set","Bronze Scales","Toxic Egg 2","Black Star","GoldenEye"],"acts_visited":["Exordium","TheCity"],"potions_floor_usage":[8,16],"damage_taken":[{"damage":7,"enemies":"Jaw Worm","floor":1,"turns":4},{"damage":4,"enemies":"Small Slimes","floor":2,"turns":4},{"damage":0,"enemies":"Cultist","floor":5,"turns":3},{"damage":7,"enemies":"3 Sentries","floor":6,"turns":6},{"damage":0,"enemies":"Lagavulin","floor":8,"turns":4},{"damage":4,"enemies":"Exordium Wildlife","floor":10,"turns":1},{"damage":6,"enemies":"3 Sentries","floor":11,"turns":4},{"damage":8,"enemies":"Blue Slaver","floor":14,"turns":2},{"damage":0,"enemies":"Slime Boss","floor":16,"turns":2},{"damage":2,"enemies":"Spheric Guardian","floor":18,"turns":3},{"damage":0,"enemies":"Chosen","floor":19,"turns":2},{"damage":2,"enemies":"3 Cultists","floor":21,"turns":3},{"damage":0,"enemies":"Gremlin Leader","floor":23,"turns":3}],"seed_played":"2707335774515972660","potions_obtained":[{"floor":1,"key":"LiquidMemories"},{"floor":8,"key":"GamblersBrew"},{"floor":11,"key":"Fire Potion"},{"floor":16,"key":"ColorlessPotion"},{"floor":18,"key":"Block Potion"}],"is_trial":false,"path_per_floor":["M","M","?","$","M","E","R","E","T","M","E","?","R","M","R","B",null,"M","M","?","M","?","E","R"],"character_chosen":"WATCHER","items_purchased":["Wallop"],"campfire_rested":0,"item_purchase_floors":[4],"current_hp_per_floor":[54,50,50,50,50,43,43,43,43,39,33,33,33,25,25,25,57,55,55,55,53,53,53,53,53],"gold":373,"neow_bonus":"BOSS_RELIC","is_daily":false,"chose_seed":false,"campfire_upgraded":3,"win_rate":0.0,"timestamp":1613449221,"path_taken":["M","M","?","$","M","E","R","E","T","M","E","?","R","M","R","BOSS","M","M","?","?","?","E","R"],"items_purchased_type":["Card"],"build_version":"2020-12-18","purchased_purges":0,"victory":false,"max_hp_per_floor":[68,68,68,68,68,68,68,68,68,68,68,68,68,68,68,68,68,68,68,68,68,68,68,68,68],"relic_stats":{"counters":[13,41],"Bronze Scales":[16],"Black Star":1,"GoldenEye":[0],"obtain_stats":[{"Bronze Scales":9,"Velvet Choker":0,"Vajra":6,"Black Star":17,"PureWater":0,"Toxic Egg 2":11,"Ancient Tea Set":8,"GoldenEye":23},{"Bronze Scales":5,"Velvet Choker":0,"Vajra":4,"Black Star":9,"PureWater":0,"Toxic Egg 2":7,"Ancient Tea Set":5,"GoldenEye":13},{"Bronze Scales":21,"Velvet Choker":0,"Vajra":17,"Black Star":30,"PureWater":0,"Toxic Egg 2":26,"Ancient Tea Set":21,"GoldenEye":41}]},"card_choices":[{"not_picked":["WindmillStrike","Protect"],"picked":"Consecrate","floor":1},{"not_picked":["FlyingSleeves","Evaluate"],"picked":"EmptyFist","floor":2},{"not_picked":["Wireheading","FlyingSleeves"],"picked":"BowlingBash","floor":5},{"not_picked":["Evaluate","Consecrate","FlurryOfBlows"],"picked":"SKIP","floor":6},{"not_picked":["Study","ConjureBlade"],"picked":"FlyingSleeves","floor":8},{"not_picked":["ClearTheMind","WreathOfFlame"],"picked":"CrushJoints","floor":10},{"not_picked":["ForeignInfluence+1","Protect+1"],"picked":"ThirdEye+1","floor":11},{"not_picked":["Evaluate+1","BowlingBash"],"picked":"Meditate+1","floor":14},{"not_picked":["Scrawl+1","DeusExMachina+1"],"picked":"Blasphemy+1","floor":16},{"not_picked":["Study","EmptyBody+1","CutThroughFate"],"picked":"SKIP","floor":18},{"not_picked":["Study","Protect+1","EmptyBody+1"],"picked":"SKIP","floor":19},{"not_picked":["WindmillStrike","PathToVictory+1"],"picked":"Tantrum","floor":21},{"not_picked":["Study+1","Prostrate+1"],"picked":"Sanctity+1","floor":23}],"player_experience":1340846,"relics_obtained":[{"floor":6,"key":"Vajra"},{"floor":8,"key":"Ancient Tea Set"},{"floor":9,"key":"Bronze Scales"},{"floor":11,"key":"Toxic Egg 2"},{"floor":23,"key":"GoldenEye"}],"event_choices":[{"damage_healed":0,"gold_gain":0,"cards_transformed":["Defend_P"],"player_choice":"Change","damage_taken":0,"max_hp_gain":0,"max_hp_loss":0,"event_name":"Living Wall","floor":3,"gold_loss":0,"cards_obtained":["CutThroughFate"]},{"damage_healed":0,"gold_gain":0,"player_choice":"Ignored","damage_taken":0,"max_hp_gain":0,"max_hp_loss":0,"event_name":"Liars Game","floor":12,"gold_loss":0},{"damage_healed":0,"gold_gain":0,"player_choice":"Bought 1 Potion","damage_taken":0,"max_hp_gain":0,"max_hp_loss":0,"event_name":"The Woman in Blue","floor":20,"gold_loss":0},{"damage_healed":0,"gold_gain":0,"player_choice":"Simplicity","damage_taken":0,"max_hp_gain":0,"max_hp_loss":0,"event_name":"Back to Basics","floor":22,"gold_loss":0,"cards_upgraded":["Strike_P","Strike_P","Strike_P","Strike_P","Defend_P","Defend_P","Defend_P"]}],"is_beta":true,"boss_relics":[{"not_picked":["Philosopher\u0027s Stone","SlaversCollar"],"picked":"Black Star"}],"items_purged_floors":[],"is_endless":false,"potions_floor_spawned":[1,8,11,16,18,23],"ascension_level":20}}