{"host":"mwb0clku6crgv6yl","time":1613478990,"event":{"mods":["AchievementEnabler","BaseMod","Highlight Path","Minty Spire (QoL Compilation)","StSLib","The Cursed"],"gold_per_floor":[119,119,119,133,156,190,205,205,205,205,280,314,329,329,329,423,423,437,461,334,348,361,361,361,361],"floor_reached":24,"language":"ZHS","playtime":976,"items_purged":["Strike_R"],"score":416,"play_id":"720e8c0d-f6b8-4819-94b0-182dcc3eea56","local_time":"20210216203630","is_ascension_mode":true,"campfire_choices":[{"floor":8.0,"key":"REST"},{"floor":10.0,"key":"REST"},{"floor":15.0,"key":"REST"},{"floor":23,"key":"REST"}],"circlet_count":0,"master_deck":["AscendersBane","Strike_R+1","Strike_R","Strike_R+1","Strike_R","Defend_R","Defend_R","Defend_R","Bash","Sword Boomerang","Battle Trance","True Grit","Demon Form","Cleave","Power Through","Second Wind","Immolate","Uppercut+1","Power Through","Armaments","Seeing Red"],"relics":["Burning Blood","NeowsBlessing","Golden Idol","Whetstone","Regal Pillow","Kunai","Torii","Velvet Choker"],"acts_visited":["Exordium","TheCity"],"potions_floor_usage":[22],"damage_taken":[{"damage":0.0,"enemies":"2 Louse","floor":1.0,"turns":1.0},{"damage":0.0,"enemies":"Small Slimes","floor":4.0,"turns":1.0},{"damage":0.0,"enemies":"Cultist","floor":5.0,"turns":1.0},{"damage":52.0,"enemies":"3 Sentries","floor":6.0,"turns":14.0},{"damage":10.0,"enemies":"Large Slime","floor":7.0,"turns":4.0},{"damage":40.0,"enemies":"Lagavulin Event","floor":11.0,"turns":5.0},{"damage":32.0,"enemies":"Gremlin Nob","floor":12.0,"turns":4.0},{"damage":8.0,"enemies":"Lots of Slimes","floor":13.0,"turns":4.0},{"damage":18.0,"enemies":"Slime Boss","floor":16.0,"turns":7.0},{"damage":12.0,"enemies":"Spheric Guardian","floor":18.0,"turns":5.0},{"damage":10.0,"enemies":"3 Byrds","floor":19.0,"turns":5.0},{"damage":22,"enemies":"Cultist and Chosen","floor":21,"turns":5},{"damage":40,"enemies":"Shelled Parasite and Fungi","floor":22,"turns":7},{"damage":66,"enemies":"Slavers","floor":24,"turns":3}],"seed_played":"-1535693394298838178","potions_obtained":[{"floor":4.0,"key":"SkillPotion"},{"floor":6.0,"key":"DuplicationPotion"},{"floor":7.0,"key":"Energy Potion"},{"floor":14.0,"key":"SpeedPotion"},{"floor":14.0,"key":"Explosive Potion"},{"floor":16.0,"key":"BloodPotion"},{"floor":18.0,"key":"Fruit Juice"},{"floor":19.0,"key":"SpeedPotion"}],"is_trial":false,"path_per_floor":["M","?","?","M","M","E","M","R","T","R","?","E","M","?","R","B",null,"M","M","$","M","M","R","E"],"character_chosen":"IRONCLAD","items_purchased":["Armaments"],"campfire_rested":4,"item_purchase_floors":[20],"current_hp_per_floor":[74,48,48,54,60,14,10,32,32,69,35,9,7,7,44,32,64,78,74,74,58,24,63,0,0],"gold":361,"neow_bonus":"THREE_ENEMY_KILL","is_daily":false,"chose_seed":false,"campfire_upgraded":0,"win_rate":0.0,"timestamp":1613478990,"path_taken":["M","?","?","?","M","E","M","R","T","R","?","E","M","?","R","BOSS","M","?","$","M","M","R","E"],"items_purchased_type":["Card"],"build_version":"2020-12-22","purchased_purges":1,"victory":false,"max_hp_per_floor":[75,75,75,75,75,75,75,75,75,75,75,75,75,75,75,75,75,80,80,80,80,80,80,80,80],"card_choices":[{"not_picked":["Clash","Warcry"],"picked":"Sword Boomerang","floor":1.0},{"not_picked":["Dark Embrace","Iron Wave"],"picked":"Battle Trance","floor":4.0},{"not_picked":["Wild Strike","Thunderclap"],"picked":"True Grit","floor":5.0},{"not_picked":["Anger","Sword Boomerang"],"picked":"Demon Form","floor":6.0},{"not_picked":["Sever Soul","Reckless Charge"],"picked":"Cleave","floor":7.0},{"not_picked":["Body Slam","Clash"],"picked":"Power Through","floor":11.0},{"not_picked":["Body Slam","Anger"],"picked":"Second Wind","floor":12.0},{"not_picked":["Clothesline","Perfected Strike","Twin Strike"],"picked":"SKIP","floor":13.0},{"not_picked":["Feed","Reaper"],"picked":"Immolate","floor":16.0},{"not_picked":["Spot Weakness","Cleave+1"],"picked":"Uppercut+1","floor":18.0},{"not_picked":["Flame Barrier+1","Spot Weakness"],"picked":"Power Through","floor":19.0},{"not_picked":["Body Slam","Perfected Strike+1"],"picked":"Seeing Red","floor":21},{"not_picked":["Anger","Dual Wield","Twin Strike"],"picked":"SKIP","floor":22}],"player_experience":337818,"relics_obtained":[{"floor":6.0,"key":"Whetstone"},{"floor":9.0,"key":"Regal Pillow"},{"floor":11.0,"key":"Kunai"},{"floor":12.0,"key":"Torii"}],"event_choices":[{"damage_healed":0.0,"max_hp_gain":0.0,"max_hp_loss":0.0,"gold_gain":0.0,"event_name":"Golden Idol","player_choice":"Take Damage","floor":2.0,"gold_loss":0.0,"damage_taken":26.0,"relics_obtained":["Golden Idol"]},{"cards_removed":["Defend_R"],"damage_healed":0.0,"max_hp_gain":0.0,"max_hp_loss":0.0,"gold_gain":0.0,"event_name":"Bonfire Elementals","player_choice":"Offered Basic","floor":3.0,"gold_loss":0.0,"damage_taken":0.0},{"damage_healed":0.0,"max_hp_gain":0.0,"max_hp_loss":0.0,"gold_gain":0.0,"event_name":"Dead Adventurer","player_choice":"Searched \u00272\u0027 times","floor":11.0,"gold_loss":0.0,"damage_taken":0.0},{"damage_healed":0.0,"max_hp_gain":0.0,"max_hp_loss":0.0,"gold_gain":0.0,"event_name":"Lab","player_choice":"Got Potions","floor":14.0,"gold_loss":0.0,"damage_taken":0.0}],"is_beta":false,"boss_relics":[{"not_picked":["Ectoplasm","Black Star"],"picked":"Velvet Choker"}],"items_purged_floors":[20],"is_endless":false,"potions_floor_spawned":[4,6,7,16,18,19],"killed_by":"Slavers","ascension_level":20}}