{"host":"e4udrxcgdvpx3wcj","time":1613515853,"event":{"mods":["Act Like it!","Aspiration","Astrologer","BaseMod","Gensokyo","Highlight Path","Infinite Spire","Koishi","Marisa????????","Minty Spire (QoL Compilation)","Replay The Spire","StSLib","SuperFastMode","The Bug Knight","The Construct","The Jungle","The Runesmith","The Servant 0.9.4","TheBandit"],"gold_per_floor":[119,119,135,151,151,178,178,191,215,241,241,259,287,303,303,303,303],"floor_reached":16,"language":"ENG","playtime":728,"items_purged":[],"score":260,"play_id":"ea1066ef-20cb-4e77-9fc1-f05af2516f94","local_time":"20210216175053","is_ascension_mode":true,"campfire_choices":[{"data":"DoubleEdge","floor":7,"key":"SMITH"},{"floor":11,"key":"REST"},{"data":"Barrier","floor":15,"key":"SMITH"}],"circlet_count":0,"master_deck":["AscendersBane","Strike_S","Strike_S","Strike_S","Strike_S","Defend_S","Defend_S","Defend_S","Defend_S","KidneyShot","Exchange","Ricochet","DoubleEdge+1","DancingSilver","SurpressingFire","FastForward","Defy","Barrier+1","Desolation","FloweringNight","SpecialFormula"],"relics":["Uniform","NeowsBlessing","KneeBrace","aspiration:DSix","Akabeko","PaperSwan","infinitespire:Broken Mirror"],"acts_visited":["Gensokyo:Gensokyo"],"potions_floor_usage":[16],"damage_taken":[{"damage":0,"enemies":"Gensokyo:Gryphon","floor":1,"turns":1},{"damage":0,"enemies":"Gensokyo:Python","floor":3,"turns":1},{"damage":0,"enemies":"Gensokyo:2_Kodama","floor":4,"turns":1},{"damage":22,"enemies":"Gensokyo:Cirno","floor":6,"turns":6},{"damage":30,"enemies":"Gensokyo:Aya","floor":10,"turns":7},{"damage":8,"enemies":"Gensokyo:Kitsune","floor":12,"turns":4},{"damage":0,"enemies":"Gensokyo:Mamizou","floor":13,"turns":10},{"damage":0,"enemies":"Gensokyo:CorruptedTreant","floor":14,"turns":3},{"damage":24,"enemies":"Gensokyo:Yukari","floor":16,"turns":15}],"seed_played":"4133399058697284033","potions_obtained":[{"floor":3,"key":"Reflective Coating"},{"floor":4,"key":"BlessingOfTheForge"},{"floor":13,"key":"DistilledChaos"}],"is_trial":false,"path_per_floor":["M","?","M","M","?","E","R","?","T","E","R","M","E","M","R","B"],"character_chosen":"THE_SERVANT","items_purchased":[],"campfire_rested":1,"item_purchase_floors":[],"current_hp_per_floor":[54,57,57,57,57,35,35,35,35,5,23,15,15,15,15,0,0],"gold":303,"neow_bonus":"THREE_ENEMY_KILL","is_daily":false,"chose_seed":false,"campfire_upgraded":2,"win_rate":0.0,"timestamp":1613515853,"path_taken":["M","?","?","M","?","E","R","?","T","E","R","M","E","M","R","BOSS"],"items_purchased_type":[],"build_version":"2020-12-22","purchased_purges":0,"victory":false,"max_hp_per_floor":[60,60,60,60,60,60,60,60,60,60,60,60,60,60,60,60,60],"card_choices":[{"not_picked":["Starlight","TimeWarp"],"picked":"Ricochet","floor":1},{"not_picked":["TimeWarp","Alleviate"],"picked":"DoubleEdge","floor":3},{"not_picked":["Spin","Unruled"],"picked":"DancingSilver","floor":4},{"not_picked":["Potential","Read"],"picked":"SurpressingFire","floor":5},{"not_picked":["ShatteredReality","Shuttle"],"picked":"FastForward","floor":5},{"not_picked":["Spin","FastForward","Shuttle"],"picked":"SKIP","floor":6},{"not_picked":["Starlight","FastForward"],"picked":"Defy","floor":8},{"not_picked":["Spin","Alleviate"],"picked":"Barrier","floor":10},{"not_picked":["Shuttle","FastForward"],"picked":"Desolation","floor":12},{"not_picked":["Rewind","Rearm"],"picked":"FloweringNight","floor":13},{"not_picked":["Revamp","Replace"],"picked":"SpecialFormula","floor":14}],"player_experience":2414634,"relics_obtained":[{"floor":6,"key":"KneeBrace"},{"floor":8,"key":"aspiration:DSix"},{"floor":9,"key":"Akabeko"},{"floor":10,"key":"PaperSwan"},{"floor":13,"key":"infinitespire:Broken Mirror"}],"event_choices":[],"is_beta":false,"boss_relics":[],"items_purged_floors":[],"is_endless":false,"potions_floor_spawned":[3,4,13],"killed_by":"Gensokyo:Yukari","ascension_level":20}}