{"host":"v86vpwf004p2esb7","time":1613460973,"event":{"mods":["AchievementEnabler","BaseMod","BetterRewards","Colored Powertips","Minty Spire (QoL Compilation)","Quick Restart","StSLib","Transform Curses"],"gold_per_floor":[110,110,122,138,3,3,31,31,57,76,95,95,4,15,15,118,118,131,131,131,230,245,245,142,142,167,167,211,232,274,299,299,403,403,425,450,334,394,412,447,447,447,472,472,506,530,376,402,402,402],"floor_reached":51,"language":"ENG","playtime":2228,"items_purged":["Strike_G","Defend_G"],"score":1025,"play_id":"3802c031-776a-4f67-8357-c49cc78146e1","local_time":"20210215233613","is_ascension_mode":true,"campfire_choices":[{"floor":6,"key":"REST"},{"data":"Burst","floor":12,"key":"SMITH"},{"floor":15,"key":"REST"},{"data":"After Image","floor":23,"key":"SMITH"},{"data":"Accuracy","floor":25,"key":"SMITH"},{"data":"Night Terror","floor":32,"key":"SMITH"},{"data":"After Image","floor":41,"key":"SMITH"},{"floor":49,"key":"REST"}],"circlet_count":0,"master_deck":["Strike_G","Strike_G","Defend_G","Defend_G","Defend_G","Defend_G","Survivor","Neutralize","Noxious Fumes+1","Blade Dance","Deflect","Blade Dance","Blade Dance","Burst+1","Deflect","Deadly Poison","Accuracy+1","Blade Dance","Blur","Deflect","After Image+1","Slice","Ghostly","Ghostly","Ghostly","Ghostly","Ghostly","Slice+1","Cloak And Dagger","Dodge and Roll+1","Dodge and Roll+1","Night Terror+1","Slice","After Image+1","Blur","Cloak And Dagger","Outmaneuver","Madness","Madness","Finisher","Blur+1","Finisher","Footwork","Blade Dance+1","Noxious Fumes+1"],"relics":["Ring of the Snake","Membership Card","Mummified Hand","Calipers","TwistedFunnel","Strawberry","Empty Cage","Nilry\u0027s Codex","Tiny Chest","CeramicFish","Bottled Flame","Pantograph","WristBlade","Snake Skull","Toy Ornithopter","Toxic Egg 2","Art of War","InkBottle","Happy Flower"],"acts_visited":["Exordium","TheCity","TheBeyond"],"potions_floor_usage":[40],"damage_taken":[{"damage":6,"enemies":"Cultist","floor":1,"turns":4},{"damage":4,"enemies":"Jaw Worm","floor":3,"turns":4},{"damage":1,"enemies":"Small Slimes","floor":4,"turns":3},{"damage":21,"enemies":"Lagavulin","floor":7,"turns":7},{"damage":0,"enemies":"Looter","floor":10,"turns":3},{"damage":5,"enemies":"3 Louse","floor":11,"turns":2},{"damage":14,"enemies":"Exordium Thugs","floor":14,"turns":3},{"damage":17,"enemies":"Hexaghost","floor":16,"turns":7},{"damage":9,"enemies":"Spheric Guardian","floor":18,"turns":5},{"damage":0,"enemies":"3 Byrds","floor":22,"turns":4},{"damage":0,"enemies":"Slavers","floor":28,"turns":7},{"damage":0,"enemies":"Snecko","floor":29,"turns":5},{"damage":0,"enemies":"Gremlin Leader","floor":30,"turns":6},{"damage":0,"enemies":"Snake Plant","floor":31,"turns":6},{"damage":43,"enemies":"Collector","floor":33,"turns":8},{"damage":0,"enemies":"Orb Walker","floor":35,"turns":5},{"damage":0,"enemies":"3 Shapes","floor":36,"turns":3},{"damage":0,"enemies":"2 Orb Walkers","floor":38,"turns":6},{"damage":1,"enemies":"Reptomancer","floor":40,"turns":7},{"damage":8,"enemies":"Giant Head","floor":45,"turns":9},{"damage":0,"enemies":"Transient","floor":46,"turns":5},{"damage":2,"enemies":"3 Darklings","floor":48,"turns":5},{"damage":0,"enemies":"Donu and Deca","floor":50,"turns":8}],"seed_played":"623651158504715025","potions_obtained":[{"floor":1,"key":"EntropicBrew"},{"floor":3,"key":"LiquidMemories"},{"floor":4,"key":"GhostInAJar"},{"floor":48,"key":"PowerPotion"}],"is_trial":false,"path_per_floor":["M","?","M","M","$","R","E","?","T","M","M","R","$","M","R","B",null,"M","?","?","?","M","R","$","R","T","?","E","M","E","M","R","B",null,"M","M","$","?","?","E","R","T","T","?","E","M","$","M","R","B",null],"character_chosen":"THE_SILENT","items_purchased":["Membership Card","FairyPotion","Blade Dance","Mummified Hand","Calipers","Noxious Fumes","TwistedFunnel","Blade Dance","Burst","Accuracy","Blade Dance","Blur","Tiny Chest","Cloak And Dagger","Snake Skull","Footwork","Happy Flower","Blade Dance+1"],"campfire_rested":3,"item_purchase_floors":[0,0,0,0,0,0,5,5,5,13,13,13,24,24,37,47,47,47],"current_hp_per_floor":[32,32,28,27,27,48,34,34,34,34,29,29,29,15,38,21,77,68,52,38,38,38,38,38,38,38,38,38,38,38,38,38,11,38,38,38,38,38,33,32,32,32,32,32,24,24,24,22,33,38],"gold":402,"neow_bonus":"","is_daily":false,"chose_seed":false,"campfire_upgraded":5,"win_rate":0.0,"timestamp":1613460973,"path_taken":["M","?","M","M","$","R","E","?","T","?","M","R","$","M","R","BOSS","M","?","?","?","M","R","$","R","T","?","E","M","E","M","R","BOSS","M","M","$","?","?","E","R","?","T","?","E","M","?","M","R","BOSS"],"items_purchased_type":["Relic","Potion","Card","Relic","Relic","Card","Relic","Card","Card","Card","Card","Card","Relic","Card","Relic","Card","Relic","Card"],"build_version":"2020-12-22","purchased_purges":2,"victory":true,"max_hp_per_floor":[70,70,70,70,70,70,77,77,77,77,77,77,77,77,77,77,77,77,77,38,38,38,38,38,38,38,38,38,38,38,38,38,38,38,38,38,38,38,38,38,38,38,38,38,38,38,38,38,38,38],"card_choices":[{"not_picked":["Underhanded Strike","Outmaneuver"],"picked":"Blade Dance","floor":1},{"not_picked":["Acrobatics","Dagger Throw"],"picked":"Deflect","floor":3},{"not_picked":["Flechettes","Backstab"],"picked":"Blade Dance","floor":4},{"not_picked":["Grand Finale","Skewer"],"picked":"Deflect","floor":7},{"not_picked":["Tactician","Dagger Spray"],"picked":"Deadly Poison","floor":10},{"not_picked":["Sucker Punch","Skewer","Concentrate"],"picked":"SKIP","floor":11},{"not_picked":["Quick Slash","Reflex"],"picked":"Deflect","floor":14},{"not_picked":["Venomology","Unload"],"picked":"After Image","floor":16},{"not_picked":["Outmaneuver","Dagger Throw"],"picked":"Slice","floor":18},{"not_picked":["Bane","Leg Sweep"],"picked":"Slice+1","floor":22},{"not_picked":["Sucker Punch","PiercingWail"],"picked":"Dodge and Roll+1","floor":28},{"not_picked":["Backflip","Prepared"],"picked":"Dodge and Roll+1","floor":29},{"not_picked":["Leg Sweep","Grand Finale"],"picked":"Night Terror","floor":30},{"not_picked":["Underhanded Strike","Eviscerate"],"picked":"Slice","floor":31},{"not_picked":["Phantasmal Killer","Glass Knife"],"picked":"After Image","floor":33},{"not_picked":["PiercingWail+1","Backflip"],"picked":"Blur","floor":35},{"not_picked":["Dagger Spray+1","Sucker Punch"],"picked":"Cloak And Dagger","floor":36},{"not_picked":["Sucker Punch+1","Dagger Throw"],"picked":"Outmaneuver","floor":38},{"not_picked":["Dash","Slice"],"picked":"Finisher","floor":40},{"not_picked":["Masterful Stab","Dagger Throw"],"picked":"Blur+1","floor":45},{"not_picked":["Reflex+1","Flying Knee"],"picked":"Finisher","floor":46},{"not_picked":["Prepared+1","Deflect+1"],"picked":"Noxious Fumes+1","floor":48}],"player_experience":269876,"relics_obtained":[{"floor":7,"key":"Strawberry"},{"floor":19,"key":"Nilry\u0027s Codex"},{"floor":26,"key":"CeramicFish"},{"floor":28,"key":"Bottled Flame"},{"floor":30,"key":"Pantograph"},{"floor":40,"key":"Toy Ornithopter"},{"floor":42,"key":"Toxic Egg 2"},{"floor":43,"key":"Art of War"},{"floor":45,"key":"InkBottle"}],"event_choices":[{"damage_healed":0,"gold_gain":0,"player_choice":"Grow","damage_taken":0,"max_hp_gain":0,"max_hp_loss":0,"event_name":"Living Wall","floor":2,"gold_loss":0,"cards_upgraded":["Noxious Fumes"]},{"damage_healed":0,"gold_gain":0,"player_choice":"Ignored","damage_taken":0,"max_hp_gain":0,"max_hp_loss":0,"event_name":"Purifier","floor":8,"gold_loss":0},{"damage_healed":0,"gold_gain":0,"player_choice":"Obtained Book","damage_taken":16,"max_hp_gain":0,"max_hp_loss":0,"event_name":"Cursed Tome","floor":19,"gold_loss":0},{"damage_healed":0,"gold_gain":0,"player_choice":"Became a Ghost","damage_taken":0,"max_hp_gain":0,"max_hp_loss":39,"event_name":"Ghosts","floor":20,"gold_loss":0,"cards_obtained":["Ghostly","Ghostly","Ghostly","Ghostly","Ghostly"]},{"damage_healed":0,"gold_gain":99,"player_choice":"Stole From Cult","damage_taken":0,"max_hp_gain":0,"max_hp_loss":0,"event_name":"Nest","floor":21,"gold_loss":0},{"damage_healed":0,"gold_gain":0,"player_choice":"Ignored","damage_taken":0,"max_hp_gain":0,"max_hp_loss":0,"event_name":"Beggar","floor":27,"gold_loss":0},{"damage_healed":0,"gold_gain":0,"player_choice":"Fight","damage_taken":0,"max_hp_gain":0,"max_hp_loss":0,"event_name":"Mysterious Sphere","floor":38,"gold_loss":0},{"damage_healed":0,"gold_gain":0,"player_choice":"Embrace Madness","damage_taken":5,"max_hp_gain":0,"max_hp_loss":0,"event_name":"Winding Halls","floor":39,"gold_loss":0,"cards_obtained":["Madness","Madness"]},{"damage_healed":0,"gold_gain":0,"player_choice":"Ignored","damage_taken":0,"max_hp_gain":0,"max_hp_loss":0,"event_name":"Tomb of Lord Red Mask","floor":44,"gold_loss":0}],"is_beta":false,"boss_relics":[{"not_picked":["Philosopher\u0027s Stone","SacredBark"],"picked":"Empty Cage"},{"not_picked":["Coffee Dripper","Runic Pyramid"],"picked":"WristBlade"}],"items_purged_floors":[37,47],"is_endless":false,"potions_floor_spawned":[1,3,4,14,16,18,28,35,36,48],"ascension_level":2}}