{"host":"prxrhpgaxnj4om9r","time":1613469756,"event":{"mods":["AchievementEnabler","BaseMod","Colored Map","DeckTracker","Minty Spire (QoL Compilation)"],"gold_per_floor":[113,65,65,85,103,113,141,141,164,164,210,210,244,259,259,390,390,408,428,459,479,5,5,18,18,18,56,56,81,125,143,143,273,273,293,312,330,349,373,373,94,94,120,156,41,59,59,59,59,59,59,59,0,36,36,36],"floor_reached":55,"language":"KOR","playtime":2629,"items_purged":[],"score":774,"play_id":"b61841ec-28f1-4436-90ea-55903e93626b","local_time":"20210216190236","is_ascension_mode":false,"campfire_choices":[{"data":"Blur","floor":10,"key":"SMITH"},{"data":"Neutralize","floor":12,"key":"SMITH"},{"floor":15,"key":"REST"},{"data":"Apotheosis","floor":28,"key":"SMITH"},{"floor":32,"key":"REST"},{"floor":40,"key":"REST"},{"floor":47,"key":"RECALL"},{"data":"Deadly Poison","floor":49,"key":"SMITH"},{"data":"Poisoned Stab","floor":52,"key":"SMITH"}],"circlet_count":0,"master_deck":["Strike_G","Strike_G","Strike_G","Strike_G","Strike_G","Defend_G","Defend_G","Defend_G","Defend_G+1","Survivor","Neutralize+1","Bouncing Flask+1","Poisoned Stab+1","Dagger Spray","Blur+1","Acrobatics","Bane","Injury","Dagger Throw","Backstab","Die Die Die","Outmaneuver+1","Quick Slash+1","Apotheosis+1","Deadly Poison","Leg Sweep","Deadly Poison+1","Venomology","Riddle With Holes","Night Terror+1","Flying Knee+1","Prepared+1","Sucker Punch+1","Finisher+1","Caltrops","Poisoned Stab+1","Deadly Poison","Quick Slash+1"],"relics":["Ring of the Snake","Bag of Marbles","Golden Idol","Nunchaku","Blood Vial","Bag of Preparation","Busted Crown","Red Mask","TwistedFunnel","Vajra","Kunai","Omamori","The Courier","Cursed Key","StoneCalendar","War Paint","Lee\u0027s Waffle","Boot","Unceasing Top"],"acts_visited":["Exordium","TheCity","TheBeyond","TheEnding"],"potions_floor_usage":[1,5,6,16,30,33,33,35,36,36,37,38,44,46,46,50,50,50,54,55],"damage_taken":[{"damage":10,"enemies":"Jaw Worm","floor":1,"turns":4},{"damage":0,"enemies":"Cultist","floor":4,"turns":2},{"damage":0,"enemies":"2 Louse","floor":5,"turns":2},{"damage":2,"enemies":"Blue Slaver","floor":6,"turns":3},{"damage":12,"enemies":"Gremlin Nob","floor":7,"turns":4},{"damage":12,"enemies":"3 Sentries","floor":13,"turns":8},{"damage":0,"enemies":"3 Louse","floor":14,"turns":2},{"damage":17,"enemies":"Hexaghost","floor":16,"turns":8},{"damage":0,"enemies":"3 Byrds","floor":18,"turns":4},{"damage":0,"enemies":"Spheric Guardian","floor":19,"turns":2},{"damage":34,"enemies":"Masked Bandits","floor":20,"turns":4},{"damage":7,"enemies":"Snake Plant","floor":21,"turns":4},{"damage":0,"enemies":"Centurion and Healer","floor":24,"turns":3},{"damage":0,"enemies":"Slavers","floor":27,"turns":2},{"damage":8,"enemies":"Sentry and Sphere","floor":29,"turns":4},{"damage":22,"enemies":"Gremlin Leader","floor":30,"turns":5},{"damage":10,"enemies":"Shelled Parasite and Fungi","floor":31,"turns":4},{"damage":46,"enemies":"Automaton","floor":33,"turns":9},{"damage":7,"enemies":"Orb Walker","floor":35,"turns":2},{"damage":17,"enemies":"3 Darklings","floor":36,"turns":4},{"damage":0,"enemies":"Transient","floor":37,"turns":5},{"damage":6,"enemies":"Spire Growth","floor":38,"turns":4},{"damage":0,"enemies":"Sphere and 2 Shapes","floor":39,"turns":3},{"damage":0,"enemies":"Nemesis","floor":44,"turns":5},{"damage":9,"enemies":"Maw","floor":46,"turns":6},{"damage":97,"enemies":"Time Eater","floor":50,"turns":11},{"damage":33,"enemies":"Shield and Spear","floor":54,"turns":5},{"damage":83,"enemies":"The Heart","floor":55,"turns":3}],"seed_played":"4298346521807618506","potions_obtained":[{"floor":0,"key":"ColorlessPotion"},{"floor":0,"key":"Weak Potion"},{"floor":0,"key":"FairyPotion"},{"floor":1,"key":"DuplicationPotion"},{"floor":5,"key":"LiquidMemories"},{"floor":29,"key":"LiquidBronze"},{"floor":31,"key":"Fire Potion"},{"floor":33,"key":"SkillPotion"},{"floor":39,"key":"AttackPotion"},{"floor":46,"key":"Weak Potion"}],"is_trial":false,"path_per_floor":["M","$","?","M","M","M","E","?","T","R","T","R","E","M","R","B",null,"M","M","?","M","$","?","M","?","T","E","R","M","E","M","R","B",null,"M","M","M","M","M","R","$","$","T","E","$","M","R","T","R","B",null,"R","$","E","B"],"character_chosen":"THE_SILENT","items_purchased":["Poisoned Stab","TwistedFunnel","Vajra","Apotheosis","StoneCalendar","Caltrops","Lee\u0027s Waffle","Poison Potion","Deadly Poison"],"campfire_rested":3,"item_purchase_floors":[2,22,22,22,41,41,45,53,53],"current_hp_per_floor":[60,60,60,60,60,58,46,46,46,46,46,46,36,38,59,44,70,70,70,36,31,31,54,56,56,56,58,58,52,32,24,45,1,70,63,48,50,46,48,69,69,69,69,70,77,68,68,68,68,14,77,77,77,44,0,0],"gold":36,"neow_bonus":"THREE_SMALL_POTIONS","is_daily":false,"chose_seed":false,"campfire_upgraded":5,"win_rate":0.0,"timestamp":1613469756,"path_taken":["M","$","?","M","?","M","E","?","T","R","?","R","E","M","R","BOSS","M","M","?","M","$","?","M","?","T","E","R","?","E","M","R","BOSS","M","M","M","M","?","R","?","$","T","E","$","?","R","?","R","BOSS","R","$","E","BOSS"],"items_purchased_type":["Card","Relic","Relic","Card","Relic","Card","Relic","Potion","Card"],"build_version":"2020-12-22","purchased_purges":0,"victory":false,"max_hp_per_floor":[70,70,70,70,70,70,70,70,70,70,70,70,70,70,70,70,70,70,70,70,70,70,70,70,70,70,70,70,70,70,70,70,70,70,70,70,70,70,70,70,70,70,70,70,77,77,77,77,77,77,77,77,77,77,77,77],"card_choices":[{"not_picked":["Underhanded Strike","Backflip"],"picked":"Bouncing Flask","floor":1},{"not_picked":["Blade Dance","Predator"],"picked":"Dagger Spray","floor":4},{"not_picked":["Sucker Punch","Dodge and Roll"],"picked":"Blur","floor":5},{"not_picked":["Calculated Gamble","Skewer"],"picked":"Acrobatics","floor":6},{"not_picked":["Slice","Blade Dance"],"picked":"Bane","floor":7},{"not_picked":["Crippling Poison","Outmaneuver"],"picked":"Dagger Throw","floor":13},{"not_picked":["Heel Hook","PiercingWail"],"picked":"Backstab","floor":14},{"not_picked":["Bullet Time","Burst"],"picked":"Die Die Die","floor":16},{"not_picked":["Poisoned Stab"],"picked":"SKIP","floor":18},{"not_picked":[],"picked":"Outmaneuver+1","floor":19},{"not_picked":[],"picked":"Quick Slash+1","floor":21},{"not_picked":[],"picked":"Deadly Poison","floor":24},{"not_picked":[],"picked":"Deadly Poison","floor":27},{"not_picked":["Flying Knee"],"picked":"SKIP","floor":29},{"not_picked":[],"picked":"Venomology","floor":30},{"not_picked":[],"picked":"Riddle With Holes","floor":31},{"not_picked":[],"picked":"Night Terror","floor":33},{"not_picked":[],"picked":"Flying Knee+1","floor":35},{"not_picked":[],"picked":"Prepared+1","floor":36},{"not_picked":[],"picked":"Sucker Punch+1","floor":37},{"not_picked":["Underhanded Strike"],"picked":"SKIP","floor":38},{"not_picked":[],"picked":"Finisher+1","floor":39},{"not_picked":[],"picked":"Poisoned Stab+1","floor":44},{"not_picked":["Acrobatics+1"],"picked":"SKIP","floor":46},{"not_picked":[],"picked":"Quick Slash+1","floor":54}],"player_experience":486377,"relics_obtained":[{"floor":7,"key":"Bag of Marbles"},{"floor":9,"key":"Nunchaku"},{"floor":11,"key":"Blood Vial"},{"floor":13,"key":"Bag of Preparation"},{"floor":20,"key":"Red Mask"},{"floor":26,"key":"Kunai"},{"floor":27,"key":"Omamori"},{"floor":30,"key":"The Courier"},{"floor":44,"key":"War Paint"},{"floor":48,"key":"Boot"},{"floor":54,"key":"Unceasing Top"}],"event_choices":[{"damage_healed":0,"gold_gain":0,"player_choice":"Forge","damage_taken":0,"max_hp_gain":0,"max_hp_loss":0,"event_name":"Accursed Blacksmith","floor":3,"gold_loss":0,"cards_upgraded":["Bouncing Flask"]},{"damage_healed":0,"gold_gain":0,"player_choice":"Take Wound","damage_taken":0,"relics_obtained":["Golden Idol"],"max_hp_gain":0,"max_hp_loss":0,"event_name":"Golden Idol","floor":8,"gold_loss":0,"cards_obtained":["Injury"]},{"damage_healed":0,"gold_gain":0,"player_choice":"Fought Bandits","damage_taken":0,"max_hp_gain":0,"max_hp_loss":0,"event_name":"Masked Bandits","floor":20,"gold_loss":0},{"damage_healed":23,"gold_gain":0,"player_choice":"Heal","damage_taken":0,"max_hp_gain":0,"max_hp_loss":0,"event_name":"The Library","floor":23,"gold_loss":0},{"damage_healed":0,"gold_gain":0,"cards_transformed":["Defend_G"],"player_choice":"Transformed","damage_taken":0,"max_hp_gain":0,"max_hp_loss":0,"event_name":"Transmorgrifier","floor":25,"gold_loss":0,"cards_obtained":["Leg Sweep"]}],"is_beta":false,"boss_relics":[{"not_picked":["SlaversCollar","Ring of the Serpent"],"picked":"Busted Crown"},{"not_picked":["Empty Cage","Coffee Dripper"],"picked":"Cursed Key"}],"items_purged_floors":[],"is_endless":false,"potions_floor_spawned":[1,4,5,29,31,33,39,46],"killed_by":"The Heart","ascension_level":0}}