{"host":"684z1xpuwaoqmmh1","time":1613482007,"event":{"mods":["A Magickal Journey","BaseMod","Downfall","Hermit","Jorbs\u0027s Wanderer Trilogy","Marisa????????","Minty Spire (QoL Compilation)","Robot Space Explorer","Shade Mod","StSLib","The Bug Knight","The Dragon Tamer","The Elementalist","The Hayseed","The Hierophant","The Marked","The Mystic","The Runesmith","The Saiyan","The Senshi","The Spell Scribe","The Vixen","TheBandit","TheFirefly"],"gold_per_floor":[113,124,124,142,37,37,65,78,78,78,111,126,126,152,152,256,256,273,273,289,302,317,352,352,362,362,362,388,388,421,433,445,457,457],"floor_reached":33,"language":"ENG","playtime":1889,"items_purged":[],"score":420,"play_id":"3543c25a-ffda-4e28-a5e2-52f239e1610d","local_time":"20210216152647","is_ascension_mode":true,"campfire_choices":[{"data":"Shade:OpenGraves","floor":6,"key":"SMITH"},{"data":"Shade:Consume","floor":13,"key":"SMITH"},{"data":"Shade:Bite_Shade","floor":15,"key":"SMITH"},{"floor":24,"key":"REST"},{"data":"Shade:OminousRitual","floor":27,"key":"SMITH"},{"data":"Shade:GreyBargain","floor":32,"key":"SMITH"}],"circlet_count":0,"master_deck":["Shade:Strike_Shade+1","Shade:Strike_Shade","Shade:Strike_Shade","Shade:Strike_Shade","Shade:Defend_Shade","Shade:Defend_Shade","Shade:Defend_Shade","Shade:Defend_Shade","Shade:AnimateDead","Shade:CarefulCut","Shade:Bite_Shade+1","Shade:Carnophage+1","Shade:RavenousHorde","Shade:OpenGraves+1","Shade:FuneraryJewels","Shade:FleshLikeOak","Shade:Consume+1","Shade:FleshOffering","Shade:Haruspicy","Shade:OminousRitual+1","Shade:GreyBargain+1","Shade:DangerousRitual+1","Shade:Premonition","Shade:FleshOffering+1","Shade:Brains","Shade:FleshToFlesh","Shade:SoulPierce","Shade:FuneraryArmor"],"relics":["Shade:YorickSkull","Runesmith:AutoHammer","Omamori","Mercury Hourglass","Matryoshka","Black Star","PreservedInsect","HollowMod:StagPassRelic","Blood Vial","Torii","Pen Nib","Juzu Bracelet","HollowMod:LifeEnderRelic","MawBank","MutagenicStrength"],"acts_visited":["Exordium","TheCity"],"potions_floor_usage":[20,23,33],"damage_taken":[{"damage":0,"enemies":"Small Slimes","floor":1,"turns":2},{"damage":0,"enemies":"Cultist","floor":2,"turns":3},{"damage":0,"enemies":"Jaw Worm","floor":4,"turns":4},{"damage":5,"enemies":"3 Sentries","floor":7,"turns":10},{"damage":5,"enemies":"Large Slime","floor":8,"turns":6},{"damage":24,"enemies":"Gremlin Nob","floor":11,"turns":5},{"damage":0,"enemies":"3 Louse","floor":12,"turns":3},{"damage":2,"enemies":"HollowMod:MossKnight","floor":14,"turns":5},{"damage":7,"enemies":"Hexaghost","floor":16,"turns":13},{"damage":3,"enemies":"Spheric Guardian","floor":18,"turns":5},{"damage":0,"enemies":"Chosen","floor":20,"turns":3},{"damage":4,"enemies":"Centurion and Healer","floor":21,"turns":6},{"damage":8,"enemies":"Cultist and Chosen","floor":22,"turns":6},{"damage":38,"enemies":"Book of Stabbing","floor":23,"turns":8},{"damage":3,"enemies":"Chosen and Byrds","floor":25,"turns":4},{"damage":15,"enemies":"Slavers","floor":28,"turns":3},{"damage":1,"enemies":"HollowMod:Nosk","floor":30,"turns":10},{"damage":100,"enemies":"Champ","floor":33,"turns":19}],"seed_played":"1741312972279853729","potions_obtained":[{"floor":1,"key":"Ancient Potion"},{"floor":11,"key":"hexamod:SoulburnPotion"},{"floor":14,"key":"BlessingOfTheForge"},{"floor":16,"key":"Fire Potion"},{"floor":25,"key":"Swift Potion"},{"floor":28,"key":"FairyPotion"}],"is_trial":false,"path_per_floor":["M","M","?","M","$","R","E","M","T","?","E","M","R","E","R","B",null,"M","?","M","M","M","E","R","M","T","R","E","?","E","?","R","B"],"character_chosen":"SHADE","items_purchased":["Shade:RavenousHorde","Shade:OpenGraves"],"campfire_rested":1,"item_purchase_floors":[5,5],"current_hp_per_floor":[71,71,57,59,59,59,60,61,61,61,41,43,43,43,43,42,71,71,71,71,69,63,28,49,49,49,49,36,36,43,43,43,0,0],"gold":457,"neow_bonus":"TEN_PERCENT_HP_BONUS","is_daily":false,"chose_seed":false,"campfire_upgraded":5,"win_rate":0.0,"timestamp":1613482007,"path_taken":["M","M","?","M","$","R","E","M","T","?","E","M","R","E","R","BOSS","M","?","M","M","M","E","R","?","T","R","E","?","E","?","R","BOSS"],"items_purchased_type":["Card","Card"],"build_version":"2020-12-22","purchased_purges":0,"victory":false,"max_hp_per_floor":[71,71,71,71,71,71,71,71,71,71,71,71,71,71,71,71,71,71,71,71,71,71,71,71,71,71,71,71,71,71,71,71,71,71],"card_choices":[{"not_picked":["Shade:GreyBargain","Shade:TouchOfTheGrave"],"picked":"Shade:Bite_Shade","floor":1},{"not_picked":["Shade:WallOfFlesh","Shade:SkeletonHug"],"picked":"Shade:Carnophage","floor":2},{"not_picked":["Shade:ExtraLimbs","Shade:Frenzy","Shade:FingerOfDeath"],"picked":"SKIP","floor":4},{"not_picked":["Shade:Carnophage","Shade:SoulToxin"],"picked":"Shade:FuneraryJewels","floor":7},{"not_picked":["Shade:ExtraLimbs","Shade:Premonition"],"picked":"Shade:FleshLikeOak","floor":8},{"not_picked":["Shade:Asphyxiate","Shade:Premonition"],"picked":"Shade:Consume","floor":11},{"not_picked":["Shade:AncientSpear","Shade:FuneraryJewels"],"picked":"Shade:FleshOffering","floor":12},{"not_picked":["Shade:ClawBack","Shade:PotionOfRestlessness"],"picked":"Shade:Haruspicy","floor":14},{"not_picked":["Shade:SoulPierce","Shade:Coordination"],"picked":"Shade:OminousRitual","floor":16},{"not_picked":["Shade:CommandSoldier","Shade:Trample"],"picked":"Shade:GreyBargain","floor":18},{"not_picked":["Shade:Brains","Shade:FleshLikeOak"],"picked":"Shade:DangerousRitual+1","floor":20},{"not_picked":["Shade:AuraOfUnlife","Shade:GreyBargain"],"picked":"Shade:Premonition","floor":21},{"not_picked":["Shade:CommandSoldier+1","Shade:SpontaneousRitual"],"picked":"Shade:FleshOffering+1","floor":22},{"not_picked":["Shade:GoDigging","Shade:ClawBack","Shade:FeralStrike"],"picked":"SKIP","floor":23},{"not_picked":["Shade:Awaken","Shade:SkeletonHug"],"picked":"Shade:Brains","floor":25},{"not_picked":["Shade:ClawBack","Shade:FreshBones"],"picked":"Shade:FleshToFlesh","floor":28},{"not_picked":["Shade:GreyBargain","Shade:SkeletonHug"],"picked":"Shade:FuneraryArmor","floor":30}],"player_experience":3313317,"relics_obtained":[{"floor":7,"key":"Runesmith:AutoHammer"},{"floor":9,"key":"Omamori"},{"floor":11,"key":"Matryoshka"},{"floor":23,"key":"PreservedInsect"},{"floor":23,"key":"HollowMod:StagPassRelic"},{"floor":26,"key":"Blood Vial"},{"floor":26,"key":"Torii"},{"floor":28,"key":"Pen Nib"},{"floor":28,"key":"Juzu Bracelet"},{"floor":30,"key":"HollowMod:LifeEnderRelic"},{"floor":30,"key":"MawBank"}],"event_choices":[{"damage_healed":0,"gold_gain":0,"player_choice":"Entered Light","damage_taken":14,"max_hp_gain":0,"max_hp_loss":0,"event_name":"Shining Light","floor":3,"gold_loss":0,"cards_upgraded":["Shade:Strike_Shade","Shade:Carnophage"]},{"damage_healed":0,"gold_gain":0,"player_choice":"Gave Potion","damage_taken":0,"relics_obtained":["Mercury Hourglass"],"max_hp_gain":0,"max_hp_loss":0,"event_name":"WeMeetAgain","floor":10,"gold_loss":0},{"damage_healed":0,"gold_gain":0,"player_choice":"Ignored","damage_taken":0,"max_hp_gain":0,"max_hp_loss":0,"event_name":"N\u0027loth","floor":19,"gold_loss":0},{"damage_healed":0,"gold_gain":0,"player_choice":"Read","damage_taken":0,"max_hp_gain":0,"max_hp_loss":0,"event_name":"The Library","floor":29,"gold_loss":0,"cards_obtained":["Shade:SoulPierce"]},{"damage_healed":0,"gold_gain":0,"player_choice":"Inject Mutagens","damage_taken":0,"relics_obtained":["MutagenicStrength"],"max_hp_gain":0,"max_hp_loss":0,"event_name":"Drug Dealer","floor":31,"gold_loss":0}],"is_beta":false,"boss_relics":[{"not_picked":["Snecko Eye","Runesmith:UraniumAnvil"],"picked":"Black Star"}],"items_purged_floors":[],"is_endless":false,"potions_floor_spawned":[1,11,14,16,25,28],"killed_by":"Champ","ascension_level":4}}