{"host":"cjhtzh7tp54jdfyv","time":1613439567,"event":{"mods":["AchievementEnabler","BaseMod","Colored Map","Colored Powertips","Curses Come First","DeckTracker","Filter the Spire","Minty Spire (QoL Compilation)","RNG Fix","Relic Sorter","Relic Stats","StSLib","UnlockEverythingMod","ojb\u0027s Better Paths Mod","ojb\u0027s Info Mod"],"gold_per_floor":[119,138,156,156,170,196,196,228,277,287,287,297,332,122,122,197,197,208,225,237,237,107,135,146,174,174,206,206,206,234,234,234,310,310,324,195,205,116,126,153,153,188,200,231,268,295,307,331,343,355,367,379,391,24,54,54],"floor_reached":57,"language":"ENG","playtime":6219,"items_purged":["Defend_P","Pain","Defend_P","Defend_P","Defend_P"],"score":3234,"play_id":"4707029c-fde2-4acd-ac14-c539f35849a6","local_time":"20210215203927","is_ascension_mode":true,"campfire_choices":[{"data":"Eruption","floor":7,"key":"SMITH"},{"data":"CrushJoints","floor":11,"key":"SMITH"},{"data":"Conclude","floor":15,"key":"SMITH"},{"data":"Ghostly","floor":29,"key":"SMITH"},{"data":"Ghostly","floor":32,"key":"SMITH"},{"floor":41,"key":"RECALL"},{"data":"Ghostly","floor":47,"key":"SMITH"},{"data":"EmptyMind","floor":49,"key":"SMITH"},{"data":"InnerPeace","floor":53,"key":"SMITH"}],"circlet_count":0,"master_deck":["AscendersBane","Strike_P","Strike_P","Strike_P","Strike_P","Eruption+1","Vigilance","Prostrate","EmptyFist","CutThroughFate","CrushJoints+1","Conclude+1","FlurryOfBlows+1","Consecrate+1","Tantrum+1","CrushJoints+1","Ghostly+1","Ghostly+1","Ghostly+1","Blasphemy","FlurryOfBlows+1","Wireheading+1","EmptyMind+1","InnerPeace+1","Adaptation+1","InnerPeace+1","ThirdEye+1","Discovery+1","Wallop+1"],"relics":["Runic Pyramid","Happy Flower","Nunchaku","MealTicket","Smiling Mask","Torii","PreservedInsect","Molten Egg 2","Frozen Eye","Busted Crown","WarpedTongs","Prayer Wheel","Frozen Egg 2","Orichalcum","Kunai","Coffee Dripper","Juzu Bracelet","MawBank","Toxic Egg 2","Gambling Chip"],"acts_visited":["Exordium","TheCity","TheBeyond","TheEnding"],"potions_floor_usage":[6,33,40,40,56,56],"damage_taken":[{"damage":2,"enemies":"Jaw Worm","floor":1,"turns":3},{"damage":0,"enemies":"2 Louse","floor":2,"turns":4},{"damage":0,"enemies":"Small Slimes","floor":3,"turns":4},{"damage":1,"enemies":"Looter","floor":5,"turns":3},{"damage":11,"enemies":"3 Sentries","floor":6,"turns":8},{"damage":0,"enemies":"Gremlin Nob","floor":8,"turns":2},{"damage":1,"enemies":"Blue Slaver","floor":10,"turns":3},{"damage":9,"enemies":"Red Slaver","floor":12,"turns":3},{"damage":0,"enemies":"Lagavulin","floor":13,"turns":3},{"damage":10,"enemies":"The Guardian","floor":16,"turns":8},{"damage":0,"enemies":"Chosen","floor":18,"turns":2},{"damage":0,"enemies":"Spheric Guardian","floor":19,"turns":3},{"damage":0,"enemies":"Snecko","floor":20,"turns":3},{"damage":0,"enemies":"Gremlin Leader","floor":23,"turns":3},{"damage":8,"enemies":"Shelled Parasite and Fungi","floor":24,"turns":2},{"damage":18,"enemies":"Slavers","floor":25,"turns":3},{"damage":15,"enemies":"Book of Stabbing","floor":27,"turns":3},{"damage":1,"enemies":"Gremlin Leader","floor":30,"turns":3},{"damage":0,"enemies":"Automaton","floor":33,"turns":5},{"damage":0,"enemies":"3 Darklings","floor":35,"turns":3},{"damage":0,"enemies":"Orb Walker","floor":37,"turns":2},{"damage":0,"enemies":"Spire Growth","floor":39,"turns":3},{"damage":0,"enemies":"Nemesis","floor":40,"turns":1},{"damage":0,"enemies":"Reptomancer","floor":42,"turns":2},{"damage":0,"enemies":"Maw","floor":44,"turns":4},{"damage":0,"enemies":"Nemesis","floor":45,"turns":2},{"damage":0,"enemies":"3 Darklings","floor":46,"turns":3},{"damage":7,"enemies":"Sphere and 2 Shapes","floor":48,"turns":5},{"damage":22,"enemies":"Awakened One","floor":50,"turns":7},{"damage":1,"enemies":"Donu and Deca","floor":51,"turns":7},{"damage":3,"enemies":"Shield and Spear","floor":55,"turns":5},{"damage":27,"enemies":"The Heart","floor":56,"turns":8}],"seed_played":"6663425889174824933","potions_obtained":[{"floor":3,"key":"Energy Potion"},{"floor":12,"key":"AttackPotion"},{"floor":13,"key":"ColorlessPotion"},{"floor":16,"key":"DuplicationPotion"},{"floor":23,"key":"CultistPotion"},{"floor":33,"key":"BlessingOfTheForge"},{"floor":35,"key":"FairyPotion"},{"floor":37,"key":"EntropicBrew"},{"floor":40,"key":"SkillPotion"},{"floor":42,"key":"DuplicationPotion"}],"is_trial":false,"path_per_floor":["M","M","M","?","M","E","R","E","T","M","R","M","E","$","R","B",null,"M","M","M","?","$","E","M","E","T","E","?","R","E","?","R","B",null,"M","$","M","$","M","E","R","E","T","M","E","M","R","M","R","B","B",null,"R","$","E","B",null],"character_chosen":"WATCHER","items_purchased":["Frozen Eye","Tantrum+1","Wireheading+1","InnerPeace","Happy Flower","ThirdEye+1","Discovery+1"],"campfire_rested":0,"item_purchase_floors":[14,22,36,38,54,54,54],"current_hp_per_floor":[59,59,59,54,53,42,42,42,42,41,41,32,32,47,47,37,60,60,60,60,60,68,68,60,42,42,27,27,27,26,26,26,26,32,32,34,34,34,34,34,34,34,34,34,34,34,34,27,27,5,4,27,27,34,31,4],"gold":54,"neow_bonus":"BOSS_RELIC","is_daily":false,"chose_seed":false,"campfire_upgraded":8,"win_rate":0.0,"timestamp":1613439567,"path_taken":["M","M","M","?","M","E","R","E","T","M","R","M","E","$","R","BOSS","M","M","?","?","$","E","?","E","T","E","?","R","E","?","R","BOSS","M","$","M","?","M","E","R","E","T","M","E","M","R","M","R","BOSS","BOSS","R","$","E","BOSS"],"items_purchased_type":["Relic","Card","Card","Card","Relic","Card","Card"],"build_version":"2020-12-22","purchased_purges":5,"victory":true,"max_hp_per_floor":[68,68,68,68,68,68,68,68,68,68,68,68,68,68,68,68,68,68,68,68,68,68,68,68,68,68,68,34,34,34,34,34,34,34,34,34,34,34,34,34,34,34,34,34,34,34,34,34,34,34,34,34,34,34,34,34],"relic_stats":{"Happy Flower":[4],"Torii":13,"counters":[32,120],"PreservedInsect":446,"Juzu Bracelet":0,"Orichalcum":[138],"Smiling Mask":375,"MawBank":144,"WarpedTongs":[68],"Nunchaku":[29],"Busted Crown":52,"Gambling Chip":[1],"MealTicket":32,"Prayer Wheel":7,"Kunai":[77],"obtain_stats":[{"Torii":8,"Happy Flower":54,"PreservedInsect":9,"Juzu Bracelet":40,"Frozen Egg 2":26,"Orichalcum":27,"Smiling Mask":6,"MawBank":42,"WarpedTongs":21,"Frozen Eye":14,"Nunchaku":25,"Busted Crown":17,"Gambling Chip":55,"MealTicket":4,"Molten Egg 2":13,"Prayer Wheel":23,"Coffee Dripper":34,"Kunai":30,"PureWater":0,"Toxic Egg 2":45,"Runic Pyramid":0},{"Torii":6,"Happy Flower":30,"PreservedInsect":6,"Juzu Bracelet":23,"Frozen Egg 2":16,"Orichalcum":17,"Smiling Mask":5,"MawBank":24,"WarpedTongs":13,"Frozen Eye":9,"Nunchaku":16,"Busted Crown":10,"Gambling Chip":31,"MealTicket":3,"Molten Egg 2":9,"Prayer Wheel":14,"Coffee Dripper":19,"Kunai":18,"PureWater":0,"Toxic Egg 2":26,"Runic Pyramid":0},{"Torii":24,"Happy Flower":107,"PreservedInsect":24,"Juzu Bracelet":77,"Frozen Egg 2":57,"Orichalcum":60,"Smiling Mask":22,"MawBank":79,"WarpedTongs":49,"Frozen Eye":33,"Nunchaku":57,"Busted Crown":41,"Gambling Chip":112,"MealTicket":11,"Molten Egg 2":33,"Prayer Wheel":52,"Coffee Dripper":68,"Kunai":63,"PureWater":0,"Toxic Egg 2":85,"Runic Pyramid":0}]},"card_choices":[{"not_picked":["Collect","ThirdEye"],"picked":"Prostrate","floor":1},{"not_picked":["Protect","Study"],"picked":"EmptyFist","floor":2},{"not_picked":["EmptyBody","EmptyFist"],"picked":"CutThroughFate","floor":3},{"not_picked":["CutThroughFate","Conclude"],"picked":"CrushJoints","floor":5},{"not_picked":["EmptyBody","Vengeance","Pray"],"picked":"SKIP","floor":6},{"not_picked":["Protect","SignatureMove"],"picked":"Conclude","floor":8},{"not_picked":["MentalFortress","Wireheading","ClearTheMind"],"picked":"SKIP","floor":10},{"not_picked":["ClearTheMind","CutThroughFate","FollowUp"],"picked":"SKIP","floor":12},{"not_picked":["ThirdEye","CrushJoints+1"],"picked":"FlurryOfBlows+1","floor":13},{"not_picked":["Study"],"picked":"SKIP","floor":18},{"not_picked":[],"picked":"Consecrate+1","floor":19},{"not_picked":["ForeignInfluence"],"picked":"SKIP","floor":20},{"not_picked":[],"picked":"CrushJoints+1","floor":23},{"not_picked":["Collect"],"picked":"SKIP","floor":24},{"not_picked":["Protect+1"],"picked":"SKIP","floor":24},{"not_picked":["Crescendo"],"picked":"SKIP","floor":25},{"not_picked":["PathToVictory"],"picked":"SKIP","floor":27},{"not_picked":["Fasting2+1"],"picked":"SKIP","floor":30},{"not_picked":[],"picked":"Blasphemy","floor":33},{"not_picked":[],"picked":"FlurryOfBlows+1","floor":35},{"not_picked":["WindmillStrike+1"],"picked":"SKIP","floor":35},{"not_picked":[],"picked":"EmptyMind","floor":37},{"not_picked":["FlurryOfBlows+1"],"picked":"SKIP","floor":37},{"not_picked":["FlurryOfBlows+1"],"picked":"SKIP","floor":39},{"not_picked":["BowlingBash+1"],"picked":"SKIP","floor":39},{"not_picked":["Worship+1"],"picked":"SKIP","floor":40},{"not_picked":[],"picked":"Adaptation+1","floor":42},{"not_picked":["Consecrate+1"],"picked":"SKIP","floor":44},{"not_picked":["Prostrate"],"picked":"SKIP","floor":44},{"not_picked":["Indignation+1"],"picked":"SKIP","floor":45},{"not_picked":["Indignation+1"],"picked":"SKIP","floor":45},{"not_picked":[],"picked":"InnerPeace+1","floor":46},{"not_picked":["ThirdEye+1"],"picked":"SKIP","floor":46},{"not_picked":["ThirdEye+1"],"picked":"SKIP","floor":46},{"not_picked":["Protect+1"],"picked":"SKIP","floor":48},{"not_picked":["Perseverance+1"],"picked":"SKIP","floor":48},{"not_picked":[],"picked":"Wallop+1","floor":55}],"player_experience":4676162,"relics_obtained":[{"floor":6,"key":"Smiling Mask"},{"floor":8,"key":"Torii"},{"floor":9,"key":"PreservedInsect"},{"floor":13,"key":"Molten Egg 2"},{"floor":23,"key":"Prayer Wheel"},{"floor":25,"key":"Nunchaku"},{"floor":26,"key":"Frozen Egg 2"},{"floor":27,"key":"Orichalcum"},{"floor":30,"key":"Kunai"},{"floor":40,"key":"Juzu Bracelet"},{"floor":42,"key":"MawBank"},{"floor":45,"key":"Toxic Egg 2"},{"floor":55,"key":"Gambling Chip"}],"event_choices":[{"damage_healed":0,"gold_gain":0,"player_choice":"Success","damage_taken":5,"relics_obtained":["MealTicket"],"max_hp_gain":0,"max_hp_loss":0,"event_name":"Scrap Ooze","floor":4,"gold_loss":0},{"damage_healed":0,"gold_gain":0,"player_choice":"Rummage","damage_taken":0,"relics_obtained":["WarpedTongs"],"max_hp_gain":0,"max_hp_loss":0,"event_name":"Accursed Blacksmith","floor":21,"gold_loss":0,"cards_obtained":["Pain"]},{"damage_healed":0,"gold_gain":0,"player_choice":"Became a Ghost","damage_taken":0,"max_hp_gain":0,"max_hp_loss":34,"event_name":"Ghosts","floor":28,"gold_loss":0,"cards_obtained":["Ghostly","Ghostly","Ghostly"]},{"damage_healed":0,"gold_gain":0,"player_choice":"Ignored","damage_taken":0,"max_hp_gain":0,"max_hp_loss":0,"event_name":"Vampires","floor":31,"gold_loss":0}],"is_beta":false,"boss_relics":[{"not_picked":["Ectoplasm","Astrolabe"],"picked":"Busted Crown"},{"not_picked":["SlaversCollar","Runic Dome"],"picked":"Coffee Dripper"}],"items_purged_floors":[14,22,36,38,54],"is_endless":false,"potions_floor_spawned":[3,12,13,16,23,24,25,27,33,35,37,40,42],"ascension_level":20}}