{"host":"lg1piimdyocafd6j","time":1613480714,"event":{"mods":["AchievementEnabler","BaseMod","Better Third Choice","BetterRewards","Colored Map","Colored Powertips","Downfall","Minty Spire (QoL Compilation)","Quick Restart","Rare Cards Sparkle","Remove Card Discount Mod","Shop Mod","StSLib","SuperFastMode"],"gold_per_floor":[112,94,113,127,145,145,162,122,122,7,0,0,35,46,46,150,150,166,80,80,80,76,76,110,123,149,149,149,149,184,203,203,299,299,318,277,288,288,299,299,317,317,317,329,379,379,373,390,390,390,390,390,386,418,418],"floor_reached":56,"language":"ENG","playtime":3341,"items_purged":["Bash","Strike_R","Strike_R","Defend_R","Burning Pact","Strike_R","Defend_R","Strike_R","Defend_R","Strike_R","Defend_R","Cleave","Armaments","Armaments","Iron Wave","Whirlwind","Iron Wave","Shrug It Off","Iron Wave","Metallicize","Iron Wave","Metallicize","Metallicize"],"score":1235,"play_id":"4525b154-75a5-46a9-a1bb-1b48844c200a","local_time":"20210216140514","is_ascension_mode":false,"campfire_choices":[{"data":"Whirlwind","floor":6,"key":"SMITH"},{"floor":12,"key":"RECALL"},{"data":"Fire Breathing","floor":15,"key":"SMITH"},{"data":"Seeing Red","floor":23,"key":"SMITH"},{"data":"Evolve","floor":27,"key":"SMITH"},{"data":"Dark Embrace","floor":32,"key":"PURGE"},{"data":"Barricade","floor":40,"key":"SMITH"},{"data":"Fire Breathing","floor":42,"key":"SMITH"},{"data":"Seeing Red","floor":46,"key":"SMITH"},{"data":"Power Through","floor":49,"key":"SMITH"},{"data":"Power Through","floor":52,"key":"SMITH"}],"circlet_count":0,"master_deck":["Whirlwind+1","Fire Breathing+1","Seeing Red+1","Fire Breathing+1","Seeing Red+1","Whirlwind+1","Evolve+1","Power Through+1","Barricade+1","Power Through+1","Armaments+1","Ghostly Armor+1","Power Through+1"],"relics":["Burning Blood","Membership Card","DollysMirror","betterThird:SlimedRelic","Kunai","Orrery","Strawberry","Matryoshka","Sundial","Anchor","Peace Pipe","Sozu","Pen Nib","Question Card","Charon\u0027s Ashes","Bag of Preparation"],"acts_visited":["Exordium","TheCity","TheBeyond","TheEnding"],"potions_floor_usage":[55,55],"damage_taken":[{"damage":0,"enemies":"Small Slimes","floor":1,"turns":3},{"damage":0,"enemies":"Jaw Worm","floor":3,"turns":6},{"damage":0,"enemies":"Cultist","floor":4,"turns":4},{"damage":10,"enemies":"Large Slime","floor":5,"turns":9},{"damage":0,"enemies":"2 Fungi Beasts","floor":7,"turns":3},{"damage":7,"enemies":"Lagavulin","floor":13,"turns":6},{"damage":2,"enemies":"Red Slaver","floor":14,"turns":5},{"damage":0,"enemies":"Slime Boss","floor":16,"turns":6},{"damage":4,"enemies":"Chosen","floor":18,"turns":5},{"damage":6,"enemies":"Book of Stabbing","floor":24,"turns":6},{"damage":4,"enemies":"2 Thieves","floor":25,"turns":3},{"damage":30,"enemies":"Slavers","floor":30,"turns":4},{"damage":0,"enemies":"Shelled Parasite and Fungi","floor":31,"turns":6},{"damage":0,"enemies":"Automaton","floor":33,"turns":8},{"damage":7,"enemies":"3 Darklings","floor":35,"turns":3},{"damage":5,"enemies":"3 Shapes","floor":37,"turns":3},{"damage":6,"enemies":"Writhing Mass","floor":39,"turns":5},{"damage":15,"enemies":"Transient","floor":41,"turns":5},{"damage":15,"enemies":"3 Darklings","floor":44,"turns":5},{"damage":10,"enemies":"Mind Bloom Boss Battle","floor":45,"turns":5},{"damage":6,"enemies":"Spire Growth","floor":48,"turns":4},{"damage":37,"enemies":"Awakened One","floor":50,"turns":7},{"damage":5,"enemies":"Shield and Spear","floor":54,"turns":4},{"damage":82,"enemies":"The Heart","floor":55,"turns":9}],"seed_played":"-6403961437227971629","potions_obtained":[{"floor":1,"key":"DuplicationPotion"},{"floor":5,"key":"Strength Potion"},{"floor":14,"key":"Dexterity Potion"},{"floor":30,"key":"BloodPotion"}],"is_trial":false,"path_per_floor":["M","$","M","M","M","R","M","$","T","$","?","R","E","M","R","B",null,"M","$","?","T","$","R","E","M","T","R","?","$","E","M","R","B",null,"M","$","M","?","M","R","M","R","T","M","?","R","$","M","R","B",null,"R","$","E","B",null],"character_chosen":"IRONCLAD","items_purchased":["Membership Card","Whirlwind","Metallicize","Fire Breathing","Iron Wave","Burning Pact","Whirlwind","Seeing Red","Shrug It Off","Block Potion","Fire Breathing","Seeing Red","Armaments","DollysMirror","Orrery","Power Through"],"campfire_rested":0,"item_purchase_floors":[0,0,0,0,0,0,0,0,0,0,2,8,10,10,19,36],"current_hp_per_floor":[80,80,80,80,76,76,80,80,80,80,69,69,68,72,72,78,80,80,80,80,87,87,87,87,87,87,87,87,87,63,69,69,75,87,86,86,87,87,87,87,78,78,78,69,65,65,65,65,65,34,87,87,87,87,28],"gold":418,"neow_bonus":"","is_daily":false,"chose_seed":false,"campfire_upgraded":9,"win_rate":0.0,"timestamp":1613480714,"path_taken":["M","$","M","M","M","R","M","$","T","$","?","R","E","M","R","BOSS","M","$","?","?","$","R","E","M","T","R","?","$","E","M","R","BOSS","M","$","M","?","M","R","?","R","T","M","?","R","$","M","R","BOSS","R","$","E","BOSS"],"items_purchased_type":["Relic","Card","Card","Card","Card","Card","Card","Card","Card","Potion","Card","Card","Card","Relic","Relic","Card"],"build_version":"2020-12-22","purchased_purges":23,"victory":true,"max_hp_per_floor":[80,80,80,80,80,80,80,80,80,80,80,80,80,80,80,80,80,80,80,80,87,87,87,87,87,87,87,87,87,87,87,87,87,87,87,87,87,87,87,87,87,87,87,87,87,87,87,87,87,87,87,87,87,87,87],"card_choices":[{"not_picked":["Shrug It Off","Pommel Strike","Heavy Blade"],"picked":"SKIP","floor":1},{"not_picked":["Twin Strike","Clash","True Grit"],"picked":"SKIP","floor":3},{"not_picked":["Fiend Fire","Sword Boomerang","Sentinel"],"picked":"SKIP","floor":4},{"not_picked":["Power Through","Wild Strike"],"picked":"Ghostly Armor","floor":5},{"not_picked":["Body Slam","Thunderclap"],"picked":"Metallicize","floor":7},{"not_picked":["Clash","True Grit","Pommel Strike"],"picked":"SKIP","floor":13},{"not_picked":["Combust","Clash"],"picked":"Iron Wave","floor":14},{"not_picked":["Evolve","Inflame","Anger"],"picked":"SKIP","floor":18},{"not_picked":["Clothesline","Evolve"],"picked":"Iron Wave","floor":19},{"not_picked":["Warcry","True Grit"],"picked":"Armaments","floor":19},{"not_picked":["Spot Weakness+1","Berserk"],"picked":"Cleave","floor":19},{"not_picked":["Wild Strike","Anger"],"picked":"Metallicize","floor":19},{"not_picked":["Searing Blow","Clothesline"],"picked":"Iron Wave","floor":19},{"not_picked":["Body Slam+1","Thunderclap","Burning Pact"],"picked":"SKIP","floor":24},{"not_picked":["Battle Trance","Infernal Blade"],"picked":"Evolve","floor":25},{"not_picked":["Flex","Cleave"],"picked":"Power Through","floor":30},{"not_picked":["Rampage","Warcry","Limit Break"],"picked":"SKIP","floor":31},{"not_picked":["Impervious","Reaper"],"picked":"Barricade","floor":33},{"not_picked":["Searing Blow","Flex","Cleave"],"picked":"SKIP","floor":35},{"not_picked":["True Grit","Warcry+1"],"picked":"Armaments+1","floor":37},{"not_picked":["Warcry+1","Seeing Red","Iron Wave"],"picked":"SKIP","floor":39},{"not_picked":["Flex+1","Intimidate","Hemokinesis"],"picked":"SKIP","floor":41},{"not_picked":["Rampage","Whirlwind","Uppercut+1","Shrug It Off+1"],"picked":"SKIP","floor":44},{"not_picked":["Second Wind","Pommel Strike","Disarm"],"picked":"Ghostly Armor+1","floor":48},{"not_picked":["Barricade","Metallicize+1","Wild Strike+1"],"picked":"Power Through+1","floor":54}],"player_experience":137148,"relics_obtained":[{"floor":13,"key":"Kunai"},{"floor":21,"key":"Strawberry"},{"floor":24,"key":"Matryoshka"},{"floor":26,"key":"Sundial"},{"floor":26,"key":"Anchor"},{"floor":30,"key":"Peace Pipe"},{"floor":43,"key":"Pen Nib"},{"floor":43,"key":"Question Card"},{"floor":45,"key":"Charon\u0027s Ashes"},{"floor":54,"key":"Bag of Preparation"}],"event_choices":[{"damage_healed":0,"gold_gain":0,"player_choice":"Slimed","damage_taken":11,"max_hp_gain":0,"max_hp_loss":0,"event_name":"betterThird:BetterGoop","floor":11,"gold_loss":7},{"damage_healed":0,"gold_gain":0,"player_choice":"Read","damage_taken":0,"max_hp_gain":0,"max_hp_loss":0,"event_name":"The Library","floor":20,"gold_loss":0,"cards_obtained":["Dark Embrace"]},{"damage_healed":0,"gold_gain":0,"player_choice":"Ignored","damage_taken":0,"max_hp_gain":0,"max_hp_loss":0,"event_name":"The Mausoleum","floor":28,"gold_loss":0},{"cards_removed":["Ghostly Armor"],"damage_healed":0,"gold_gain":0,"player_choice":"Purged","damage_taken":0,"max_hp_gain":0,"max_hp_loss":0,"event_name":"Purifier","floor":38,"gold_loss":0},{"damage_healed":0,"gold_gain":0,"player_choice":"Fight","damage_taken":0,"max_hp_gain":0,"max_hp_loss":0,"event_name":"MindBloom","floor":45,"gold_loss":0}],"is_beta":false,"boss_relics":[{"not_picked":["Runic Dome","Fusion Hammer","Pandora\u0027s Box"]},{"not_picked":["Velvet Choker","Coffee Dripper"],"picked":"Sozu"}],"items_purged_floors":[0,0,0,0,0,0,10,10,10,10,10,19,19,19,19,22,22,36,47,47,47,53,53],"is_endless":false,"potions_floor_spawned":[1,5,14,18,30,31,37,41,45],"ascension_level":0}}