{"host":"2d926qfvvz477zl6","time":1613438587,"event":{"mods":["Aspiration","BaseMod","Challenge The Spire","Conspire","Downfall","GifTheSpireLib","GungeonMod","Halation","Hermit","Hubris","Infinite Spire","Minty Spire (QoL Compilation)","Morshu Shopkeeper","Permanent Neow","Rare Cards Sparkle","Reliquary","Replay The Spire","Shedinja","Somnambulant","Spicy Shops","StSLib","Stuff the Spire","Td1madao Mod","The Blue Laboratory","The Bug Knight","The Disciple","The Forsaken","The Hierophant","The Judge","The Senshi","Wandering Minibosses","Wide Potions","everything is the same but u backflip on backflip","slay the spire mod where everything is the same but ironclad has a cowboy hat"],"gold_per_floor":[117,117,117,117,42,42,72,72,72,72,83,113,129,154,154,228,228,247,267,267,297,297,331,331,364,364,364,364,389,389,37,37,37,37],"floor_reached":33,"language":"ENG","playtime":1114,"items_purged":["Burn","Strike_B","Defend_B"],"score":520,"play_id":"afc29e1d-8d4a-4c6c-93d1-b709cac420fc","local_time":"20210215202307","is_ascension_mode":true,"campfire_choices":[{"data":"Zap","floor":6.0,"key":"SMITH"},{"data":"Dualcast","floor":8.0,"key":"SMITH"},{"floor":10.0,"key":"REST"},{"data":"Time Bomb","floor":15.0,"key":"SMITH"},{"data":"Rainbow","floor":24,"key":"SMITH"},{"data":"ReplayTheSpireMod:Calculation Training","floor":27,"key":"SMITH"},{"data":"conspire:SharedLibrary","floor":30,"key":"SMITH"},{"data":"Fission","floor":32,"key":"SMITH"}],"circlet_count":0,"master_deck":["AscendersBane","Strike_B+1","Strike_B+1","Strike_B","Defend_B","Defend_B","Defend_B","Zap+1","Dualcast+1","Hologram+1","Burn","Cold Snap","Lockon","Barrage","conspire:Rain+1","Time Bomb+1","Fission+1","BasicCrystalCard","Ball Lightning","ReplayTheSpireMod:??????????????????????","StuffTheSpire:LoadUp+1","Rainbow+1","ReplayTheSpireMod:Calculation Training+1","conspire:SharedLibrary+1","Ball Lightning"],"relics":["Cracked Core","aspiration:Nostalgia","Sizzling Blood","Lantern","halation:YellowSoulGem","hubris:PeanutButter","HollowMod:LifeEnderRelic","conspire:DecoderRing","reliquary:Buckler","conspire:SpecialSausage","hubris:ScarierMask","Replay:Antivirus Software","Red Mask","reliquary:GummyVitamins","DemoMod:GundromedaStrain","Replay:Baseball","StuffTheSpire:ForceGauntlet","HollowMod:PaleOreRelic","reliquary:Knoch","DataDisk"],"acts_visited":["Exordium","TheCity"],"potions_floor_usage":[],"damage_taken":[{"damage":8.0,"enemies":"Small Slimes","floor":1.0,"turns":3.0},{"damage":51.0,"enemies":"Lagavulin","floor":7.0,"turns":7.0},{"damage":0.0,"enemies":"2 Louse","floor":11.0,"turns":2.0},{"damage":2.0,"enemies":"Replay:BlueRogue","floor":12.0,"turns":6.0},{"damage":0.0,"enemies":"Jaw Worm","floor":13.0,"turns":2.0},{"damage":7.0,"enemies":"Gremlin Nob","floor":14.0,"turns":3.0},{"damage":21.0,"enemies":"Slime Boss","floor":16.0,"turns":10.0},{"damage":0.0,"enemies":"Spheric Guardian","floor":18.0,"turns":3.0},{"damage":0.0,"enemies":"2 Thieves","floor":19.0,"turns":1.0},{"damage":1,"enemies":"Masked Bandits","floor":21,"turns":3},{"damage":11,"enemies":"Slavers","floor":23,"turns":3},{"damage":23,"enemies":"Gremlin Leader","floor":25,"turns":5},{"damage":8,"enemies":"Book of Stabbing","floor":29,"turns":3},{"damage":51,"enemies":"Automaton","floor":33,"turns":6}],"seed_played":"9054354861362320471","potions_obtained":[{"floor":7.0,"key":"Block Potion"},{"floor":13.0,"key":"ColorlessPotion"},{"floor":18.0,"key":"Fire Potion"},{"floor":29,"key":"DemoMod:LeadSkinPotion"}],"is_trial":false,"path_per_floor":["M","?","?","?","$","R","E","R","T","R","M","E","M","E","R","B",null,"M","M","AVR","?","T","E","R","E","T","R","?","E","R","$","R","B"],"character_chosen":"DEFECT","items_purchased":["reliquary:Knoch","DataDisk","Ball Lightning"],"campfire_rested":1,"item_purchase_floors":[31,31,31],"current_hp_per_floor":[68,68,68,68,68,68,21,21,21,44,48,50,54,51,51,34,68,72,76,76,79,79,72,72,53,53,53,53,49,49,49,49,0,0],"gold":37,"neow_bonus":"NOSTALGIA","is_daily":false,"chose_seed":false,"campfire_upgraded":7,"win_rate":0.0,"timestamp":1613438587,"path_taken":["M","?","?","?","?","R","E","R","T","R","M","E","M","E","R","BOSS","M","?","AVR","?","?","E","R","E","T","R","?","E","R","$","R","BOSS"],"items_purchased_type":["Relic","Relic","Card"],"build_version":"2020-12-22","purchased_purges":3,"victory":false,"max_hp_per_floor":[79,79,79,79,79,79,79,79,79,79,79,79,79,79,79,79,79,79,79,79,79,79,79,79,79,79,79,79,79,79,79,79,79,79],"card_choices":[{"not_picked":["Leap","Hello World"],"picked":"Hologram","floor":1.0},{"not_picked":["Leap","Redo"],"picked":"Cold Snap","floor":7.0},{"not_picked":["Gash","Coolheaded"],"picked":"Lockon","floor":11.0},{"not_picked":["Redo","Coolheaded"],"picked":"Barrage","floor":12.0},{"not_picked":["ReplayGash","Gash"],"picked":"conspire:Rain","floor":13.0},{"not_picked":["Static Discharge","Sweeping Beam"],"picked":"Time Bomb","floor":14.0},{"not_picked":["hubris:Prefetch","Machine Learning"],"picked":"Fission","floor":16.0},{"not_picked":["Storm","conspire:Rain"],"picked":"BasicCrystalCard","floor":18.0},{"not_picked":["Loop","Coolheaded"],"picked":"Ball Lightning","floor":19.0},{"not_picked":["StuffTheSpire:Plugnplay","Tempest"],"picked":"StuffTheSpire:LoadUp+1","floor":21},{"not_picked":["StuffTheSpire:GlassShard","Reprogram"],"picked":"Rainbow","floor":23},{"not_picked":["StuffTheSpire:Plugnplay","Multi-Cast"],"picked":"ReplayTheSpireMod:Calculation Training","floor":25},{"not_picked":["BootSequence","Tempest"],"picked":"conspire:SharedLibrary","floor":29}],"player_experience":438609,"relics_obtained":[{"floor":2.0,"key":"Lantern"},{"floor":7.0,"key":"hubris:PeanutButter"},{"floor":9.0,"key":"HollowMod:LifeEnderRelic"},{"floor":12.0,"key":"conspire:DecoderRing"},{"floor":14.0,"key":"reliquary:Buckler"},{"floor":21,"key":"Red Mask"},{"floor":22,"key":"reliquary:GummyVitamins"},{"floor":23,"key":"DemoMod:GundromedaStrain"},{"floor":25,"key":"Replay:Baseball"},{"floor":26,"key":"StuffTheSpire:ForceGauntlet"},{"floor":29,"key":"HollowMod:PaleOreRelic"}],"event_choices":[{"damage_healed":0,"gold_gain":0,"player_choice":"Fought Bandits","damage_taken":0,"max_hp_gain":0,"max_hp_loss":0,"event_name":"Masked Bandits","floor":21,"gold_loss":0}],"is_beta":false,"boss_relics":[{"not_picked":["Sozu","Painkiller Herb"],"picked":"conspire:SpecialSausage"}],"items_purged_floors":[5,20,31],"is_endless":false,"potions_floor_spawned":[7,13,14,16,18,29],"killed_by":"Automaton","ascension_level":13}}