{"host":"mxr7fl53uuvtjusr","time":1613510261,"event":{"mods":["2.2 Compatiblity","AchievementEnabler","Act Like it!","BaseMod","BetterRewards","Block Reminder","Colored Map","Colored Powertips","Dark Map","Downfall","GifTheSpireLib","Highlight Path","Minty Spire (QoL Compilation)","Permanent Neow","Quick Restart","Rare Cards Sparkle","StSLib"],"gold_per_floor":[99,113,113,113,132,151,177,177,177,192,192,203,203,221,239,239,239,239],"floor_reached":16,"language":"ENG","playtime":991,"items_purged":[],"score":94,"play_id":"9501fde3-af22-49e4-9d5d-46ec681eb753","local_time":"20210216131741","is_ascension_mode":false,"campfire_choices":[{"data":"Guardian:TwinSlam","floor":1,"key":"SMITH"}],"circlet_count":0,"master_deck":["Guardian:Strike_Guardian","Guardian:Strike_Guardian","Guardian:Strike_Guardian","Guardian:Strike_Guardian","Guardian:Defend_Guardian","Guardian:Defend_Guardian","Guardian:Defend_Guardian","Guardian:Defend_Guardian","Guardian:CurlUp","Guardian:TwinSlam+1","downfall:Icky","Guardian:TemporalStrike","Guardian:PrismaticBeam","Guardian:ChargeCore","Guardian:RevengeProtocol","Guardian:PrismaticBeam","Guardian:Gem_Crimson","Guardian:Gem_Cyan","Guardian:Planning","Guardian:PiercingHide"],"relics":["Guardian:ModeShifter","Gambling Chip","Guardian:PickAxe","Boot"],"acts_visited":["Exordium"],"potions_floor_usage":[12],"damage_taken":[{"damage":1,"enemies":"Jaw Worm","floor":2,"turns":4},{"damage":46,"enemies":"Jaw Worm","floor":3,"turns":5},{"damage":2,"enemies":"2 Louse","floor":5,"turns":3},{"damage":5,"enemies":"Small Slimes","floor":6,"turns":4},{"damage":5,"enemies":"3 Louse","floor":10,"turns":3},{"damage":2,"enemies":"Gremlin Gang","floor":12,"turns":7},{"damage":0,"enemies":"downfall:LooterAlt","floor":14,"turns":3},{"damage":2,"enemies":"2 Fungi Beasts","floor":15,"turns":4},{"damage":39,"enemies":"WA_ARCHETYPE_RETAIN","floor":16,"turns":10}],"seed_played":"-2820103183145168009","potions_obtained":[{"floor":5,"key":"SteroidPotion"},{"floor":12,"key":"Regen Potion"},{"floor":14,"key":"Guardian:StasisDiscoveryPotion"}],"is_trial":false,"path_per_floor":["R","M","?","?","M","M","T","?","?","M","R","M","R","M","M","B"],"character_chosen":"GUARDIAN","items_purchased":[],"campfire_rested":0,"item_purchase_floors":[],"current_hp_per_floor":[80,79,27,27,25,20,20,20,46,41,41,39,39,39,37,0,0,0],"gold":239,"neow_bonus":"ONE_RARE_RELIC","is_daily":false,"chose_seed":false,"campfire_upgraded":1,"win_rate":0.0,"timestamp":1613510261,"path_taken":["R","M","?","?","M","M","T","?","?","M","R","?","R","M","M","BOSS"],"items_purchased_type":[],"build_version":"2020-12-22","purchased_purges":0,"victory":false,"max_hp_per_floor":[80,80,80,80,80,80,80,80,80,80,80,80,80,80,80,80,80,80],"card_choices":[{"not_picked":["Guardian:TemporalShield","Guardian:Incinerate"],"picked":"Guardian:TemporalStrike","floor":2},{"not_picked":["Guardian:DecasProtection","Guardian:Gem_Lightblue"],"picked":"Guardian:PrismaticBeam","floor":5},{"not_picked":["Guardian:TemporalStrike","Guardian:Reroute"],"picked":"Guardian:ChargeCore","floor":6},{"not_picked":["Guardian:Reroute","Guardian:TemporalShield"],"picked":"Guardian:RevengeProtocol","floor":10},{"not_picked":["Guardian:VentSteam","Guardian:RefractedBeam"],"picked":"Guardian:PrismaticBeam","floor":12},{"not_picked":["Guardian:Recover","Guardian:Reroute"],"picked":"Guardian:Planning","floor":14},{"not_picked":["Guardian:Planning","Guardian:PrismaticBeam"],"picked":"Guardian:PiercingHide","floor":15}],"player_experience":255444,"relics_obtained":[{"floor":7,"key":"Boot"}],"event_choices":[{"damage_healed":26,"gold_gain":0,"player_choice":"Banana","damage_taken":0,"max_hp_gain":0,"max_hp_loss":0,"event_name":"Big Fish","floor":9,"gold_loss":0}],"is_beta":false,"boss_relics":[],"items_purged_floors":[],"is_endless":false,"potions_floor_spawned":[5,12,14],"killed_by":"WA_ARCHETYPE_RETAIN","ascension_level":0}}