{"host":"gtoa8h4im74f14p0","time":1613497844,"event":{"mods":["AchievementEnabler","BaseMod","Better Silent Start","Block Reminder","Colored Powertips","Custom Start","Downfall","Hermit","Minty Spire (QoL Compilation)","Permanent Neow","Quick Restart","Reliquary","Shop Mod","StSLib","Swap Starting Deck Mod","The Cursed","The Marked"],"gold_per_floor":[110,110,110,110,123,123,123,158,158,177,193,211,230,245,245,371,371,386,386,386,386,386,386,424,438,438,454,469,484,519,533,533,654,654,670,695,695,695,719,719,782,796,796,37,62,37,37,37,37,37],"floor_reached":51,"language":"ENG","playtime":2896,"items_purged":[],"score":773,"play_id":"15f245e8-2fef-4bf9-b33d-1f5ffbf9e5c8","local_time":"20210216125044","is_ascension_mode":false,"campfire_choices":[{"floor":6.0,"key":"REST"},{"floor":15.0,"key":"REST"},{"data":"Endless Agony","floor":23.0,"key":"SMITH"},{"floor":32,"key":"REST"},{"data":"Blade Dance","floor":40,"key":"SMITH"},{"floor":49,"key":"REST"}],"circlet_count":0,"master_deck":["Slice","Slice","Slice","Slice","Finisher+1","Cloak And Dagger","Cloak And Dagger","Cloak And Dagger","Blade Dance+1","Backflip","Expertise","Prepared","Endless Agony+1","Bullet Time","Noxious Fumes+1","Caltrops+1","Accuracy+1","After Image+1","CurseOfTheBell","Infinite Blades+1","Blur","Masterful Stab","Well Laid Plans+1","Caltrops+1","Endless Agony","Poisoned Stab+1","Blur","Corpse Explosion","Blade Dance+1","Blade Dance","Good Instincts","Deep Breath","Violence","Prepared+1","Cloak And Dagger+1","After Image+1","Footwork+1","Finisher","The Bomb","Dash","Tactician","Parasite","Backflip","Blade Dance"],"relics":["Ring of the Snake","Golden Idol","Frozen Egg 2","Darkstone Periapt","Calling Bell","reliquary:TuningFork","reliquary:Firecrackers","CaptainsWheel","HornCleat","MutagenicStrength","reliquary:WeakTea","Bottled Lightning","Red Mask","WristBlade","FossilizedHelix","Calipers","Regal Pillow","TheAbacus"],"acts_visited":["Exordium","TheCity","TheBeyond"],"potions_floor_usage":[27,31,33,33,35,41,41,48],"damage_taken":[{"damage":0.0,"enemies":"Small Slimes","floor":1.0,"turns":2.0},{"damage":0.0,"enemies":"Cultist","floor":5.0,"turns":2.0},{"damage":7.0,"enemies":"Gremlin Nob","floor":8.0,"turns":3.0},{"damage":0.0,"enemies":"2 Louse","floor":10.0,"turns":2.0},{"damage":0.0,"enemies":"Exordium Wildlife","floor":11.0,"turns":2.0},{"damage":0.0,"enemies":"2 Fungi Beasts","floor":12.0,"turns":2.0},{"damage":0.0,"enemies":"Blue Slaver","floor":13.0,"turns":2.0},{"damage":4.0,"enemies":"3 Louse","floor":14.0,"turns":3.0},{"damage":39.0,"enemies":"The Guardian","floor":16.0,"turns":7.0},{"damage":0.0,"enemies":"Spheric Guardian","floor":18.0,"turns":3.0},{"damage":19.0,"enemies":"Gremlin Leader","floor":24.0,"turns":5.0},{"damage":0.0,"enemies":"3 Byrds","floor":25.0,"turns":3.0},{"damage":10,"enemies":"Snake Plant","floor":27,"turns":2},{"damage":3,"enemies":"Snecko","floor":28,"turns":6},{"damage":0,"enemies":"Centurion and Healer","floor":29,"turns":4},{"damage":0,"enemies":"Masked Bandits","floor":30,"turns":4},{"damage":0,"enemies":"3 Cultists","floor":31,"turns":4},{"damage":43,"enemies":"Collector","floor":33,"turns":8},{"damage":13,"enemies":"3 Darklings","floor":35,"turns":3},{"damage":0,"enemies":"3 Shapes","floor":36,"turns":2},{"damage":0,"enemies":"Spire Growth","floor":39,"turns":3},{"damage":1,"enemies":"Mind Bloom Boss Battle","floor":41,"turns":4},{"damage":0,"enemies":"Maw","floor":42,"turns":5},{"damage":9,"enemies":"Writhing Mass","floor":45,"turns":6},{"damage":0,"enemies":"Sphere and 2 Shapes","floor":48,"turns":1},{"damage":53,"enemies":"Awakened One","floor":50,"turns":10}],"seed_played":"-3767800441935370424","potions_obtained":[{"floor":10.0,"key":"GamblersBrew"},{"floor":11.0,"key":"sneckomod:MuddlingPotion"},{"floor":12.0,"key":"Weak Potion"},{"floor":13.0,"key":"Guardian:BlockOnCardUsePotion"},{"floor":25.0,"key":"SteroidPotion"},{"floor":27,"key":"Dexterity Potion"},{"floor":30,"key":"champ:CounterPotion"},{"floor":31,"key":"Regen Potion"},{"floor":35,"key":"AttackPotion"},{"floor":39,"key":"Regen Potion"},{"floor":45,"key":"SmokeBomb"}],"is_trial":false,"path_per_floor":["M","?","?","?","M","R","?","E","T","M","M","M","M","M","R","B",null,"M","?","?","T","?","R","E","M","T","M","M","M","?","M","R","B",null,"M","M","?","?","M","R","?","M","T","$","M","$","?","M","R","B",null],"character_chosen":"THE_SILENT","items_purchased":["Footwork+1","Finisher","The Bomb","Regal Pillow","TheAbacus","Dash","Tactician","Blade Dance"],"campfire_rested":4,"item_purchase_floors":[44,44,44,44,44,44,44,46],"current_hp_per_floor":[35,18,18,18,18,39,39,32,32,32,32,32,32,28,49,10,76,76,76,76,76,76,76,57,57,57,47,44,44,44,44,66,38,76,63,63,63,53,53,53,61,61,61,61,58,58,58,58,82,29],"gold":37,"neow_bonus":"","is_daily":false,"chose_seed":false,"campfire_upgraded":2,"win_rate":0.0,"timestamp":1613497844,"path_taken":["M","?","?","?","?","R","?","E","T","M","M","M","M","M","R","BOSS","M","?","?","?","?","R","E","M","T","M","?","M","?","M","R","BOSS","M","M","?","?","M","R","?","?","T","?","M","$","?","M","R","BOSS"],"items_purchased_type":["Card","Card","Card","Relic","Relic","Card","Card","Card"],"build_version":"2020-12-22","purchased_purges":0,"victory":true,"max_hp_per_floor":[70,70,70,70,70,70,70,70,70,70,70,70,70,70,70,70,76,76,76,76,76,76,76,76,76,76,76,76,76,76,76,76,76,76,76,76,76,76,76,76,76,76,76,76,82,82,82,82,82,82],"card_choices":[{"not_picked":["Flying Knee","Cloak And Dagger"],"picked":"Backflip","floor":1.0},{"not_picked":["Catalyst","Underhanded Strike"],"picked":"Expertise","floor":5.0},{"not_picked":["Quick Slash","Dagger Throw"],"picked":"Prepared","floor":8.0},{"not_picked":["Outmaneuver","Calculated Gamble"],"picked":"Endless Agony","floor":10.0},{"not_picked":["Dagger Spray","PiercingWail"],"picked":"Bullet Time","floor":11.0},{"not_picked":["Acrobatics","Bane"],"picked":"Noxious Fumes+1","floor":12.0},{"not_picked":["Cloak And Dagger","Outmaneuver"],"picked":"Caltrops+1","floor":13.0},{"not_picked":["Noxious Fumes+1","A Thousand Cuts+1"],"picked":"Accuracy+1","floor":14.0},{"not_picked":["Storm of Steel","Adrenaline"],"picked":"After Image+1","floor":16.0},{"not_picked":["Finisher","Flying Knee"],"picked":"Infinite Blades+1","floor":18.0},{"not_picked":["Choke","Prepared"],"picked":"Blur","floor":24.0},{"not_picked":["PiercingWail","Deadly Poison"],"picked":"Masterful Stab","floor":25.0},{"not_picked":["Dagger Spray","Flying Knee"],"picked":"Well Laid Plans+1","floor":27},{"not_picked":["PiercingWail","Outmaneuver+1"],"picked":"Caltrops+1","floor":28},{"not_picked":["Poisoned Stab","Dagger Throw"],"picked":"Endless Agony","floor":29},{"not_picked":["Deadly Poison","Flechettes"],"picked":"Poisoned Stab+1","floor":30},{"not_picked":["Escape Plan","Backflip+1"],"picked":"Blur","floor":31},{"not_picked":["Malaise","Glass Knife"],"picked":"Corpse Explosion","floor":33},{"not_picked":["Underhanded Strike","Bane"],"picked":"Blade Dance+1","floor":35},{"not_picked":["Eviscerate","Flying Knee+1"],"picked":"Blade Dance","floor":36},{"not_picked":["Violence","Secret Weapon"],"picked":"Good Instincts","floor":38},{"not_picked":["HandOfGreed","Metamorphosis"],"picked":"Deep Breath","floor":38},{"not_picked":["Mind Blast","Madness"],"picked":"Violence","floor":38},{"not_picked":["Bane+1","Dodge and Roll+1"],"picked":"Prepared+1","floor":39},{"not_picked":["Tactician","Deflect"],"picked":"Cloak And Dagger+1","floor":41},{"not_picked":["Bane","Dagger Spray"],"picked":"After Image+1","floor":42},{"not_picked":["Quick Slash","Poisoned Stab+1"],"picked":"Backflip","floor":45}],"player_experience":78152,"relics_obtained":[{"floor":8.0,"key":"Frozen Egg 2"},{"floor":9.0,"key":"Darkstone Periapt"},{"floor":17.0,"key":"reliquary:TuningFork"},{"floor":17.0,"key":"reliquary:Firecrackers"},{"floor":17.0,"key":"CaptainsWheel"},{"floor":21.0,"key":"HornCleat"},{"floor":24.0,"key":"reliquary:WeakTea"},{"floor":26.0,"key":"Bottled Lightning"},{"floor":30,"key":"Red Mask"},{"floor":41,"key":"FossilizedHelix"},{"floor":43,"key":"Calipers"}],"event_choices":[{"damage_healed":0.0,"max_hp_gain":0.0,"max_hp_loss":0.0,"gold_gain":0.0,"event_name":"Golden Idol","player_choice":"Take Damage","floor":2.0,"gold_loss":0.0,"damage_taken":17.0,"relics_obtained":["Golden Idol"]},{"damage_healed":0.0,"max_hp_gain":0.0,"max_hp_loss":0.0,"gold_gain":0.0,"event_name":"Golden Wing","player_choice":"Ignored","floor":3.0,"gold_loss":0.0,"damage_taken":0.0},{"damage_healed":0.0,"max_hp_gain":0.0,"max_hp_loss":0.0,"gold_gain":0.0,"event_name":"Accursed Blacksmith","player_choice":"Forge","floor":4.0,"gold_loss":0.0,"damage_taken":0.0,"cards_upgraded":["Finisher"]},{"damage_healed":0.0,"max_hp_gain":0.0,"max_hp_loss":0.0,"gold_gain":0.0,"event_name":"The Cleric","player_choice":"Leave","floor":7.0,"gold_loss":0.0,"damage_taken":0.0},{"damage_healed":0.0,"max_hp_gain":0.0,"max_hp_loss":0.0,"gold_gain":0.0,"event_name":"Beggar","player_choice":"Ignored","floor":19.0,"gold_loss":0.0,"damage_taken":0.0},{"damage_healed":0.0,"max_hp_gain":0.0,"max_hp_loss":0.0,"gold_gain":0.0,"event_name":"Back to Basics","player_choice":"Simplicity","floor":20.0,"gold_loss":0.0,"damage_taken":0.0,"cards_upgraded":[]},{"damage_healed":0.0,"max_hp_gain":0.0,"max_hp_loss":0.0,"gold_gain":0.0,"event_name":"Drug Dealer","player_choice":"Inject Mutagens","floor":22.0,"gold_loss":0.0,"damage_taken":0.0,"relics_obtained":["MutagenicStrength"]},{"damage_healed":0,"gold_gain":0,"player_choice":"Fought Bandits","damage_taken":0,"max_hp_gain":0,"max_hp_loss":0,"event_name":"Masked Bandits","floor":30,"gold_loss":0},{"cards_removed":["Cloak And Dagger"],"damage_healed":0,"gold_gain":0,"player_choice":"Removed Skill","damage_taken":0,"max_hp_gain":0,"max_hp_loss":0,"event_name":"Falling","floor":37,"gold_loss":0},{"damage_healed":0,"gold_gain":0,"player_choice":"Memory 3","damage_taken":10,"max_hp_gain":0,"max_hp_loss":0,"event_name":"SensoryStone","floor":38,"gold_loss":0},{"damage_healed":0,"gold_gain":0,"player_choice":"Fight","damage_taken":0,"max_hp_gain":0,"max_hp_loss":0,"event_name":"MindBloom","floor":41,"gold_loss":0},{"damage_healed":0,"gold_gain":0,"player_choice":"Ignored","damage_taken":0,"max_hp_gain":0,"max_hp_loss":0,"event_name":"Mysterious Sphere","floor":47,"gold_loss":0}],"is_beta":false,"boss_relics":[{"not_picked":["Empty Cage","Astrolabe"],"picked":"Calling Bell"},{"not_picked":["HoveringKite","reliquary:Ember"],"picked":"WristBlade"}],"items_purged_floors":[],"is_endless":false,"potions_floor_spawned":[10,11,12,13,25,27,30,31,35,39,45,48],"ascension_level":0}}