{"host":"5o041qry45dym2df","time":1613468801,"event":{"mods":["BaseMod","Downfall","Minty Spire (QoL Compilation)","StSLib","The Bug Knight"],"gold_per_floor":[112,127,127,28,44,44,44,44,44,61,87,87,145,162,162,263,263,273,284,19,19,319,349,4,35,35,35,48,48,48,48],"floor_reached":30,"language":"ENG","playtime":3635,"items_purged":["HollowMod:QuickDashStart"],"score":291,"play_id":"894e9781-37c7-4d9f-b257-084e14cefece","local_time":"20210216044641","is_ascension_mode":false,"campfire_choices":[{"data":"HollowMod:CycloneSlash","floor":6.0,"key":"SMITH"},{"data":"HollowMod:CornifersMapStart","floor":8.0,"key":"SMITH"},{"data":"HollowMod:SoulEater","floor":12.0,"key":"SMITH"},{"data":"HollowMod:DoubleDash","floor":15.0,"key":"SMITH"},{"floor":27,"key":"REST"}],"circlet_count":0,"master_deck":["HollowMod:QuickDashStart","HollowMod:FocusHealStart","HollowMod:PogoStrike","HollowMod:DoubleDash+1","HollowMod:CornifersMapStart+1","HollowMod:DashSlash","HollowMod:CycloneSlash+1","HollowMod:NewLittleFool","HollowMod:SoulEater+1","HollowMod:ChannelNail","HollowMod:Weaversong","HollowMod:SiblingsSouls","HollowMod:HuntersJournal","HollowMod:HuntersJournal","HollowMod:MonarchWings","Writhe","HollowMod:WraithStrike","HollowMod:WraithStrike","HollowMod:LordofShades","HollowMod:QuirrelsAssistance+1","HollowMod:WraithStrike","HollowMod:ShadowDash+1","Bite","Bite","Bite","Bite","Bite"],"relics":["HollowMod:VesselMask","FaceOfCleric","Kunai","Meat on the Bone","Dead Branch","SlaversCollar","Art of War","Dream Catcher","Old Coin","Bag of Marbles","Nunchaku","Juzu Bracelet","Question Card"],"acts_visited":["Exordium","TheCity"],"potions_floor_usage":[25,30],"damage_taken":[{"damage":0.0,"enemies":"Jaw Worm","floor":1.0,"turns":3.0},{"damage":0.0,"enemies":"2 Louse","floor":2.0,"turns":2.0},{"damage":1.0,"enemies":"Cultist","floor":5.0,"turns":3.0},{"damage":11.0,"enemies":"Large Slime","floor":10.0,"turns":5.0},{"damage":10.0,"enemies":"Lagavulin","floor":11.0,"turns":6.0},{"damage":23.0,"enemies":"Gremlin Nob","floor":13.0,"turns":4.0},{"damage":2.0,"enemies":"2 Fungi Beasts","floor":14.0,"turns":3.0},{"damage":13.0,"enemies":"The Guardian","floor":16.0,"turns":11.0},{"damage":14.0,"enemies":"Shell Parasite","floor":18.0,"turns":6.0},{"damage":14.0,"enemies":"Spheric Guardian","floor":19.0,"turns":4.0},{"damage":35,"enemies":"Slavers","floor":23,"turns":6},{"damage":13,"enemies":"Gremlin Leader","floor":25,"turns":7},{"damage":6,"enemies":"Snake Plant","floor":28,"turns":4},{"damage":23,"enemies":"Shelled Parasite and Fungi","floor":30,"turns":3}],"seed_played":"-3538449800847193888","potions_obtained":[{"floor":10.0,"key":"SkillPotion"},{"floor":11.0,"key":"FairyPotion"},{"floor":13.0,"key":"Ancient Potion"},{"floor":14.0,"key":"ColorlessPotion"},{"floor":18.0,"key":"GamblersBrew"},{"floor":23,"key":"Swift Potion"},{"floor":28,"key":"Weak Potion"}],"is_trial":false,"path_per_floor":["M","M","?","$","M","R","?","R","T","M","E","R","?","M","R","B",null,"M","M","$","?","T","E","$","E","T","R","M","?","M"],"character_chosen":"THE_BUGKNIGHT","items_purchased":["HollowMod:DashSlash","HollowMod:HuntersJournal","Art of War","HollowMod:MonarchWings","HollowMod:WraithStrike","HollowMod:LordofShades","Nunchaku"],"campfire_rested":1,"item_purchase_floors":[4,20,20,20,24,24,24],"current_hp_per_floor":[54,60,53,53,52,52,52,52,52,42,39,39,29,40,40,50,80,67,54,54,54,54,32,32,32,32,57,52,52,33,33],"gold":48,"neow_bonus":"REMOVE_TWO","is_daily":false,"chose_seed":false,"campfire_upgraded":4,"win_rate":0.0,"timestamp":1613468801,"path_taken":["M","M","?","$","M","R","?","R","T","?","E","R","?","M","R","BOSS","M","M","$","?","?","E","$","E","T","R","M","?","M"],"items_purchased_type":["Card","Card","Relic","Card","Card","Card","Relic"],"build_version":"2020-12-22","purchased_purges":1,"victory":false,"max_hp_per_floor":[75,75,75,75,75,75,75,75,75,76,77,77,78,79,79,80,80,81,82,82,82,82,83,83,84,84,84,85,59,59,59],"card_choices":[{"not_picked":["HollowMod:NewJinnsSoul","HollowMod:GoodIntentions"],"picked":"HollowMod:DoubleDash","floor":1.0},{"not_picked":["HollowMod:InfectionAssault","HollowMod:SoulShaman"],"picked":"HollowMod:CornifersMapStart","floor":2.0},{"not_picked":["HollowMod:InfectedCysts","HollowMod:DoubleDash"],"picked":"HollowMod:CycloneSlash","floor":5.0},{"not_picked":["HollowMod:MawleksShell","HollowMod:AbyssShriek"],"picked":"HollowMod:NewLittleFool","floor":10.0},{"not_picked":["HollowMod:HornetsHelp","HollowMod:DoubleDash"],"picked":"HollowMod:SoulEater","floor":11.0},{"not_picked":["HollowMod:SoulVessel","HollowMod:NewJinnsSoul"],"picked":"HollowMod:ChannelNail","floor":13.0},{"not_picked":["HollowMod:SiblingsShadow","HollowMod:DescendingDark","HollowMod:SharpenedNail"],"picked":"SKIP","floor":14.0},{"not_picked":["HollowMod:SlysStrikes","HollowMod:VoidDash"],"picked":"HollowMod:Weaversong","floor":16.0},{"not_picked":["HollowMod:NewLittleFool","HollowMod:PerfectDash"],"picked":"HollowMod:SiblingsSouls","floor":18.0},{"not_picked":["HollowMod:CycloneSlash+1","HollowMod:ChannelNail"],"picked":"HollowMod:HuntersJournal","floor":19.0},{"not_picked":["HollowMod:NewLittleFool+1","HollowMod:DescendingDark"],"picked":"HollowMod:WraithStrike","floor":23},{"not_picked":["HollowMod:FallenFury","HollowMod:SoulSplash"],"picked":"HollowMod:QuirrelsAssistance+1","floor":25},{"not_picked":["HollowMod:LifebloodCocoon","HollowMod:SharpenedNail+1","HollowMod:GoodIntentions"],"picked":"HollowMod:WraithStrike","floor":27},{"not_picked":["HollowMod:SoulVessel","HollowMod:VengefulSpirit+1","HollowMod:BaldurShell"],"picked":"HollowMod:ShadowDash+1","floor":28}],"player_experience":191405,"relics_obtained":[{"floor":9.0,"key":"Kunai"},{"floor":11.0,"key":"Meat on the Bone"},{"floor":13.0,"key":"Dead Branch"},{"floor":22.0,"key":"Old Coin"},{"floor":23,"key":"Bag of Marbles"},{"floor":25,"key":"Juzu Bracelet"},{"floor":26,"key":"Question Card"}],"event_choices":[{"cards_removed":["HollowMod:QuickDashStart"],"damage_healed":0.0,"max_hp_gain":0.0,"max_hp_loss":0.0,"gold_gain":0.0,"event_name":"Golden Wing","player_choice":"Card Removal","floor":3.0,"gold_loss":0.0,"damage_taken":7.0},{"damage_healed":0.0,"max_hp_gain":0.0,"max_hp_loss":0.0,"gold_gain":0.0,"event_name":"FaceTrader","player_choice":"Trade","floor":7.0,"gold_loss":0.0,"damage_taken":0.0,"relics_obtained":["FaceOfCleric"]},{"damage_healed":0.0,"max_hp_gain":0.0,"max_hp_loss":0.0,"gold_gain":0.0,"event_name":"Dead Adventurer","player_choice":"Searched \u00272\u0027 times","floor":13.0,"gold_loss":0.0,"damage_taken":0.0},{"damage_healed":0.0,"max_hp_gain":0.0,"max_hp_loss":0.0,"gold_gain":0.0,"event_name":"The Mausoleum","player_choice":"Opened","floor":21.0,"gold_loss":0.0,"damage_taken":0.0,"relics_obtained":["Dream Catcher"],"cards_obtained":["Writhe"]},{"damage_healed":0,"gold_gain":0,"player_choice":"Became a vampire","damage_taken":0,"max_hp_gain":0,"max_hp_loss":26,"event_name":"Vampires","floor":29,"gold_loss":0,"cards_obtained":["Bite","Bite","Bite","Bite","Bite"]}],"is_beta":false,"boss_relics":[{"not_picked":["Pandora\u0027s Box","Astrolabe"],"picked":"SlaversCollar"}],"items_purged_floors":[4],"is_endless":false,"potions_floor_spawned":[10,11,13,14,18,23,28],"killed_by":"Shelled Parasite and Fungi","ascension_level":0}}