{"host":"as9fo7ctujj2pdsp","time":1613486879,"event":{"mods":["BaseMod","Downfall","Gremlin Mod","Marisa（霧雨　魔理沙）","Minty Spire (QoL Compilation)","StSLib","The Cursed","The Judge","The Senshi","The Servant 0.9.4"],"gold_per_floor":[99,99,110,126,146,173,185,197,228,240,285,307,319,360,391,503,515,527,549,574,601,625,21,21,35,48,48,58,43,43,77,87,185,185,185,200,213,228,138,188,188,220,230,245,245,280,280,76,89,89],"floor_reached":51,"language":"ENG","playtime":8123,"items_purged":["hexamod:Strike"],"score":830,"play_id":"8212a607-6061-4071-98a5-41211d990b3b","local_time":"20210217034759","is_ascension_mode":false,"campfire_choices":[{"data":"hexamod:Sear","floor":1.0,"key":"SMITH"},{"data":"hexamod:ThermalTransfer","floor":8.0,"key":"SMITH"},{"data":"hexamod:Hexaguard","floor":10.0,"key":"SMITH"},{"data":"hexamod:ParanormalForm","floor":18.0,"key":"SMITH"},{"data":"hexamod:SearingWound","floor":27.0,"key":"SMITH"},{"data":"hexamod:ForkedFlame","floor":30.0,"key":"SMITH"},{"floor":35.0,"key":"RECALL"},{"data":"hexamod:WildfireWeapon","floor":45,"key":"SMITH"},{"data":"hexamod:WildfireWeapon","floor":47,"key":"SMITH"}],"circlet_count":0,"master_deck":["hexamod:Strike+1","hexamod:Strike+1","hexamod:Strike+1","hexamod:Defend+1","hexamod:Defend+1","hexamod:Defend+1","hexamod:Defend+1","hexamod:Sear+1","hexamod:Float+1","hexamod:StepThrough+1","hexamod:ThermalTransfer+1","hexamod:GhostflameInferno+1","hexamod:Hexaguard+1","hexamod:BacktrackSmack+1","hexamod:ThirdSeal","hexamod:FastForward","hexamod:PhantomCloak+1","hexamod:FirstSeal","hexamod:Rewind+1","hexamod:RetreatToShadows","hexamod:SixthSeal","hexamod:ParanormalForm+1","hexamod:DynamicBlow+1","hexamod:NecessarySacrifice+1","hexamod:RadiantFlame","hexamod:HeatMetal+1","hexamod:SearingWound+1","hexamod:CatchUp","hexamod:BurningTouch+1","hexamod:GhostflameInferno","hexamod:ThirdSeal","hexamod:AdvancingGuard+1","hexamod:ForkedFlame+1","hexamod:GhostOfSpirePast","hexamod:RadiantFlame","hexamod:FirstSeal","hexamod:TimeWarp+1","hexamod:WildfireWeapon+1","hexamod:WildfireWeapon+1","hexamod:FastForward+1","hexamod:GhostOfSpirePast","hexamod:TimeWarp+1","hexamod:TimeOfNeed","hexamod:EmpoweredFlame+1","hexamod:ExtraCrispy"],"relics":["hexamod:SpiritBrand","Gremlin Horn","MawBank","Bottled Lightning","hexamod:SoulConsumer","Whetstone","Sozu","TungstenRod","Happy Flower","Vajra","Dream Catcher","Busted Crown","Torii","Thread and Needle","Regal Pillow","Lizard Tail","Bottled Tornado"],"acts_visited":["Exordium","TheCity","TheBeyond"],"potions_floor_usage":[],"damage_taken":[{"damage":6.0,"enemies":"2 Louse","floor":3.0,"turns":3.0},{"damage":2.0,"enemies":"Jaw Worm","floor":4.0,"turns":4.0},{"damage":3.0,"enemies":"Cultist","floor":5.0,"turns":3.0},{"damage":27.0,"enemies":"Lagavulin","floor":6.0,"turns":8.0},{"damage":13.0,"enemies":"Lots of Slimes","floor":9.0,"turns":3.0},{"damage":7.0,"enemies":"Gremlin Nob","floor":11.0,"turns":4.0},{"damage":3.0,"enemies":"Large Slime","floor":12.0,"turns":5.0},{"damage":1.0,"enemies":"3 Sentries","floor":14.0,"turns":9.0},{"damage":0.0,"enemies":"2 Fungi Beasts","floor":15.0,"turns":3.0},{"damage":12.0,"enemies":"IC_STATUS_ARCHETYPE","floor":16.0,"turns":7.0},{"damage":18.0,"enemies":"Spheric Guardian","floor":19.0,"turns":5.0},{"damage":10.0,"enemies":"Shell Parasite","floor":20.0,"turns":5.0},{"damage":13.0,"enemies":"3 Cultists","floor":21.0,"turns":6.0},{"damage":28.0,"enemies":"Snecko","floor":22.0,"turns":5.0},{"damage":0.0,"enemies":"downfall:FleeingMerchant","floor":23.0,"turns":4.0},{"damage":0.0,"enemies":"Centurion and Healer","floor":25.0,"turns":6.0},{"damage":13.0,"enemies":"Sentry and Sphere","floor":26.0,"turns":4.0},{"damage":0.0,"enemies":"3 Cultists","floor":28.0,"turns":4.0},{"damage":3.0,"enemies":"downfall:FleeingMerchant","floor":29.0,"turns":4.0},{"damage":17.0,"enemies":"Slavers","floor":31.0,"turns":6.0},{"damage":10.0,"enemies":"Chosen and Byrds","floor":32.0,"turns":3.0},{"damage":40.0,"enemies":"DF_ARCHETYPE_CLAW","floor":33.0,"turns":7.0},{"damage":2.0,"enemies":"3 Shapes","floor":36.0,"turns":3.0},{"damage":6.0,"enemies":"Orb Walker","floor":37.0,"turns":4.0},{"damage":17.0,"enemies":"4 Shapes","floor":38.0,"turns":4.0},{"damage":0.0,"enemies":"downfall:FleeingMerchant","floor":39.0,"turns":4.0},{"damage":39.0,"enemies":"2 Orb Walkers","floor":40.0,"turns":3.0},{"damage":16,"enemies":"Giant Head","floor":42,"turns":6},{"damage":6,"enemies":"Sphere and 2 Shapes","floor":43,"turns":5},{"damage":5,"enemies":"3 Darklings","floor":44,"turns":8},{"damage":12,"enemies":"Reptomancer","floor":46,"turns":6},{"damage":0,"enemies":"downfall:FleeingMerchant","floor":48,"turns":3},{"damage":18,"enemies":"Maw","floor":49,"turns":6},{"damage":12,"enemies":"SI_POISON_ARCHETYPE","floor":50,"turns":7}],"seed_played":"698842879563136055","potions_obtained":[{"floor":5.0,"key":"EssenceOfSteel"},{"floor":9.0,"key":"EssenceOfSteel"},{"floor":12.0,"key":"AttackPotion"},{"floor":15.0,"key":"Energy Potion"},{"floor":16.0,"key":"Strength Potion"}],"is_trial":false,"path_per_floor":["R","?","M","M","M","E","T","R","M","R","E","M","?","E","M","B",null,"R","M","M","M","M","$","T","M","M","R","M","$","R","E","M","B",null,"R","M","M","M","$","?","T","E","M","M","R","E","R","$","M","B",null],"character_chosen":"THE_SPIRIT","items_purchased":["TungstenRod","Happy Flower","hexamod:GhostflameInferno","Lizard Tail","Bottled Tornado"],"campfire_rested":0,"item_purchase_floors":[23,23,23,48,48],"current_hp_per_floor":[77,77,71,69,66,39,39,39,26,26,19,20,20,23,34,26,77,77,66,63,61,44,55,55,66,53,53,57,65,65,59,53,24,77,77,77,75,69,77,49,49,51,56,69,69,75,75,77,77,76],"gold":89,"neow_bonus":"TEN_PERCENT_HP_BONUS","is_daily":false,"chose_seed":false,"campfire_upgraded":8,"win_rate":0.0,"timestamp":1613486879,"path_taken":["R","?","M","M","M","E","T","R","M","R","E","M","?","E","M","BOSS","R","M","M","M","M","$","T","M","M","R","M","$","R","E","M","BOSS","R","M","M","M","$","?","T","E","M","M","R","E","R","$","M","BOSS"],"items_purchased_type":["Relic","Relic","Card","Relic","Relic"],"build_version":"2020-12-22","purchased_purges":1,"victory":true,"max_hp_per_floor":[77,77,77,77,77,77,77,77,77,77,77,77,77,77,77,77,77,77,77,77,77,77,77,77,77,77,77,77,77,77,77,77,77,77,77,77,77,77,77,77,77,77,77,77,77,77,77,77,77,77],"card_choices":[{"not_picked":["hexamod:Firestarter","hexamod:GhostOfSpirePast"],"picked":"hexamod:StepThrough","floor":3.0},{"not_picked":["hexamod:GhostOfSpirePast","hexamod:CatchUp"],"picked":"hexamod:ThermalTransfer","floor":4.0},{"not_picked":["hexamod:GhostShield","hexamod:SwordOfDarkness"],"picked":"hexamod:GhostflameInferno","floor":5.0},{"not_picked":["hexamod:BacktrackSmack","hexamod:CatchUp"],"picked":"hexamod:Hexaguard","floor":6.0},{"not_picked":["hexamod:NightmareGuise","hexamod:RainOfEmbers"],"picked":"hexamod:BacktrackSmack","floor":9.0},{"not_picked":["hexamod:HeatShield","hexamod:SwordOfDarkness"],"picked":"hexamod:ThirdSeal","floor":11.0},{"not_picked":["hexamod:SpectersWail","hexamod:InspiringFlames"],"picked":"hexamod:FastForward","floor":12.0},{"not_picked":["hexamod:RainOfEmbers","hexamod:HeatCrush"],"picked":"hexamod:PhantomCloak","floor":12.0},{"not_picked":["hexamod:SwordOfDarkness","hexamod:NightmareGuise"],"picked":"hexamod:FirstSeal","floor":14.0},{"not_picked":["hexamod:UnlimitedPower","hexamod:HauntingEcho"],"picked":"hexamod:Rewind","floor":14.0},{"not_picked":["hexamod:HeatCrush","hexamod:FastForward"],"picked":"hexamod:RetreatToShadows","floor":15.0},{"not_picked":["hexamod:ForkedFlame","hexamod:TimeOfNeed"],"picked":"hexamod:SixthSeal","floor":16.0},{"not_picked":["hexamod:UnleashSpirits","hexamod:TurnItUp"],"picked":"hexamod:ParanormalForm","floor":16.0},{"not_picked":["hexamod:InspiringFlames","hexamod:GhostLash"],"picked":"hexamod:DynamicBlow+1","floor":19.0},{"not_picked":["hexamod:Hexaguard","hexamod:ShieldOfDarkness","hexamod:BacktrackSmack"],"picked":"SKIP","floor":19.0},{"not_picked":["hexamod:BacktrackSmack","hexamod:FirstSeal"],"picked":"hexamod:NecessarySacrifice","floor":20.0},{"not_picked":["hexamod:Haunt","hexamod:ThermalTransfer"],"picked":"hexamod:RadiantFlame","floor":20.0},{"not_picked":["hexamod:ShieldOfDarkness","hexamod:Again"],"picked":"hexamod:HeatMetal","floor":21.0},{"not_picked":["hexamod:SkipABeat","hexamod:Again","hexamod:BacktrackSmack"],"picked":"SKIP","floor":21.0},{"not_picked":["hexamod:StepThrough","hexamod:SwordOfDarkness"],"picked":"hexamod:SearingWound","floor":22.0},{"not_picked":["hexamod:BacktrackSmack","hexamod:NightmareStrike","hexamod:Firestarter"],"picked":"SKIP","floor":22.0},{"not_picked":["hexamod:Firestarter","hexamod:InspiringFlames+1"],"picked":"hexamod:CatchUp","floor":23.0},{"not_picked":["hexamod:SpectersWail+1","hexamod:NightmareGuise"],"picked":"hexamod:BurningTouch","floor":23.0},{"not_picked":["hexamod:ShieldOfDarkness","hexamod:NightmareGuise"],"picked":"hexamod:ThirdSeal","floor":25.0},{"not_picked":["hexamod:BurningTouch","hexamod:HeatMetal","hexamod:SpectralAdrenaline"],"picked":"SKIP","floor":25.0},{"not_picked":["hexamod:BacktrackSmack","hexamod:SecondSeal"],"picked":"hexamod:AdvancingGuard","floor":26.0},{"not_picked":["hexamod:NecessarySacrifice+1","hexamod:NightmareGuise+1","hexamod:SwordOfDarkness"],"picked":"SKIP","floor":26.0},{"not_picked":["hexamod:UnleashSpirits","hexamod:NightmareStrike+1","hexamod:CatchUp"],"picked":"SKIP","floor":26.0},{"not_picked":["hexamod:ThermalTransfer","hexamod:HeatMetal","hexamod:Hexaguard"],"picked":"SKIP","floor":28.0},{"not_picked":["hexamod:BacktrackSmack","hexamod:InspiringFlames+1","hexamod:GhostShield"],"picked":"SKIP","floor":28.0},{"not_picked":["hexamod:InspiringFlames","hexamod:FirstSeal","hexamod:GhostShield"],"picked":"SKIP","floor":28.0},{"not_picked":["hexamod:EmpoweredFlame","hexamod:HeatCrush"],"picked":"hexamod:ForkedFlame","floor":29.0},{"not_picked":["hexamod:GhostLash","hexamod:Firestarter+1","hexamod:StepThrough"],"picked":"SKIP","floor":29.0},{"not_picked":["hexamod:RetreatToShadows+1","hexamod:TurnItUp"],"picked":"hexamod:GhostOfSpirePast","floor":31.0},{"not_picked":["hexamod:NightmareGuise","hexamod:Haunt"],"picked":"hexamod:RadiantFlame","floor":31.0},{"not_picked":["hexamod:SpectralAdrenaline","hexamod:Incineration+1","hexamod:SwordOfDarkness"],"picked":"SKIP","floor":31.0},{"not_picked":["hexamod:Haunt+1","hexamod:Rewind"],"picked":"hexamod:FirstSeal","floor":32.0},{"not_picked":["hexamod:HeatMetal","hexamod:HeatShield","hexamod:Incineration"],"picked":"SKIP","floor":32.0},{"not_picked":["hexamod:TimeOfNeed","hexamod:UnleashSpirits"],"picked":"hexamod:TimeWarp","floor":33.0},{"not_picked":["hexamod:UnlimitedPower","hexamod:TimeWarp"],"picked":"hexamod:WildfireWeapon","floor":33.0},{"not_picked":["hexamod:TimeWarp","hexamod:SearingWound"],"picked":"hexamod:WildfireWeapon","floor":33.0},{"not_picked":["hexamod:ThermalTransfer+1"],"picked":"SKIP","floor":36.0},{"not_picked":["hexamod:ShieldOfDarkness+1"],"picked":"SKIP","floor":36.0},{"not_picked":["hexamod:ShieldOfDarkness"],"picked":"SKIP","floor":37.0},{"not_picked":["hexamod:ShieldOfDarkness"],"picked":"SKIP","floor":37.0},{"not_picked":[],"picked":"hexamod:FastForward+1","floor":38.0},{"not_picked":[],"picked":"hexamod:GhostOfSpirePast","floor":38.0},{"not_picked":["hexamod:InspiringFlames+1"],"picked":"SKIP","floor":38.0},{"not_picked":[],"picked":"hexamod:TimeWarp","floor":39.0},{"not_picked":["hexamod:GhostLash+1"],"picked":"SKIP","floor":39.0},{"not_picked":["hexamod:BacktrackSmack"],"picked":"SKIP","floor":42},{"not_picked":["hexamod:InspiringFlames+1"],"picked":"SKIP","floor":42},{"not_picked":["hexamod:PhantomFireball+1"],"picked":"SKIP","floor":42},{"not_picked":[],"picked":"hexamod:TimeOfNeed","floor":43},{"not_picked":["hexamod:HeatCrush"],"picked":"SKIP","floor":43},{"not_picked":["hexamod:Hexaguard"],"picked":"SKIP","floor":43},{"not_picked":["hexamod:StepThrough"],"picked":"SKIP","floor":44},{"not_picked":["hexamod:CatchUp"],"picked":"SKIP","floor":44},{"not_picked":["hexamod:Hexaguard"],"picked":"SKIP","floor":44},{"not_picked":[],"picked":"hexamod:EmpoweredFlame+1","floor":46},{"not_picked":["hexamod:FourthSeal"],"picked":"SKIP","floor":46},{"not_picked":["hexamod:RainOfEmbers"],"picked":"SKIP","floor":46},{"not_picked":["hexamod:HeatMetal+1"],"picked":"SKIP","floor":48},{"not_picked":[],"picked":"hexamod:ExtraCrispy","floor":49},{"not_picked":["hexamod:HeatMetal+1"],"picked":"SKIP","floor":49}],"player_experience":212750,"relics_obtained":[{"floor":6.0,"key":"MawBank"},{"floor":7.0,"key":"Bottled Lightning"},{"floor":11.0,"key":"hexamod:SoulConsumer"},{"floor":14.0,"key":"Whetstone"},{"floor":24.0,"key":"Vajra"},{"floor":31.0,"key":"Dream Catcher"},{"floor":40.0,"key":"Torii"},{"floor":42,"key":"Thread and Needle"},{"floor":46,"key":"Regal Pillow"}],"event_choices":[{"damage_healed":0.0,"max_hp_gain":0.0,"max_hp_loss":0.0,"gold_gain":0.0,"event_name":"Big Fish","player_choice":"Box","floor":2.0,"gold_loss":0.0,"damage_taken":0.0,"relics_obtained":["Gremlin Horn"],"cards_obtained":["Regret"]},{"cards_removed":["Regret"],"damage_healed":0.0,"max_hp_gain":0.0,"max_hp_loss":0.0,"gold_gain":0.0,"event_name":"The Cleric","player_choice":"Card Removal","floor":13.0,"gold_loss":0.0,"damage_taken":0.0},{"damage_healed":0.0,"max_hp_gain":0.0,"max_hp_loss":0.0,"gold_gain":0.0,"event_name":"Mysterious Sphere","player_choice":"Fight","floor":40.0,"gold_loss":0.0,"damage_taken":0.0}],"is_beta":false,"boss_relics":[{"not_picked":["Black Star","Philosopher\u0027s Stone"],"picked":"Sozu"},{"not_picked":["SlaversCollar","SacredBark"],"picked":"Busted Crown"}],"items_purged_floors":[39],"is_endless":false,"potions_floor_spawned":[5,9,12,15,16,19,21,22,25,28,33,38,42,44,49],"ascension_level":0}}