{"host":"no2dc09n3ph9logt","time":1613441981,"event":{"mods":["BaseMod","Colored Map","Downfall","Minty Spire (QoL Compilation)","StSLib"],"gold_per_floor":[99,119,119,138,48,48,48,48,48,106,140,140,40,140,154,251,251,151,161,161,161,174,174,199,199,211,211,223,223,26,36,55,157,157,157,175,225,225,39,39,39,39,57,1,1,1,1,35,35,35,35,35],"floor_reached":50,"language":"ENG","playtime":5000,"items_purged":[],"score":589,"play_id":"2aab5705-c01f-4c91-b362-c22ebbb3f37a","local_time":"20210215211941","is_ascension_mode":false,"campfire_choices":[{"floor":1.0,"key":"RECALL"},{"data":"Slimebound:Split","floor":6.0,"key":"SMITH"},{"data":"Slimebound:Split","floor":8.0,"key":"SMITH"},{"floor":13.0,"key":"REST"},{"data":"Slimebound:MassFeed","floor":18.0,"key":"SMITH"},{"data":"Slimebound:LivingWall","floor":25.0,"key":"SMITH"},{"floor":27.0,"key":"REST"},{"data":"expansioncontent:QuickStudy","floor":35,"key":"SMITH"},{"floor":42,"key":"REST"},{"data":"expansioncontent:StudyTheSpire","floor":46,"key":"SMITH"},{"floor":49,"key":"REST"}],"circlet_count":0,"master_deck":["Slimebound:Strike_Slimebound+1","Slimebound:Strike_Slimebound","Slimebound:Strike_Slimebound","Slimebound:Tackle","Slimebound:Defend_Slimebound","Slimebound:Defend_Slimebound+1","Slimebound:Defend_Slimebound","Slimebound:Defend_Slimebound","Slimebound:Split+1","Slimebound:CorrosiveSpit","Slimebound:GoopSpray+1","Slimebound:Split+1","Slimebound:SplitMire","Slimebound:Repurpose","Slimebound:LeadByExample","Slimebound:Schlurp","Slimebound:PressTheAttack+1","downfall:Malfunctioning","Slimebound:LivingWall+1","Slimebound:Nibble+1","downfall:Bewildered","Slimebound:SplitLeeching","Slimebound:PressTheAttack","Slimebound:Nibble+1","Writhe","Slimebound:MinionMaster","expansioncontent:QuickStudy+1","Slimebound:Replication","Slimebound:GrowthPunch","Slimebound:PrepareCrush","Slimebound:LeechingTouch+1","Slimebound:Darklings","Slimebound:SlimeSpikes","Slimebound:LeechEnergy","Slimebound:SplitMire+1","expansioncontent:StudyTheSpire+1","expansioncontent:AwakenDeath","Slimebound:SpikyOuterGoop","Slimebound:GrowthPunch","Parasite"],"relics":["Slimebound:AbsorbEndCombatUpgraded","InkBottle","Mango","downfall:HeartBlessingRed","downfall:HeartBlessingBlue","sneckomod:BabySnecko","downfall:RedIOU","Whetstone","Vajra","Busted Crown","TungstenRod","Blood Vial","Letter Opener","Ancient Tea Set"],"acts_visited":["TheBeyond"],"potions_floor_usage":[33,33,33,47],"damage_taken":[{"damage":13.0,"enemies":"Jaw Worm","floor":2.0,"turns":5.0},{"damage":3.0,"enemies":"Cultist","floor":4.0,"turns":3.0},{"damage":5.0,"enemies":"downfall:FleeingMerchant","floor":5.0,"turns":4.0},{"damage":28.0,"enemies":"Gremlin Nob","floor":10.0,"turns":4.0},{"damage":12.0,"enemies":"Lagavulin","floor":11.0,"turns":5.0},{"damage":0.0,"enemies":"Small Slimes","floor":15.0,"turns":4.0},{"damage":17.0,"enemies":"IC_STATUS_ARCHETYPE","floor":16.0,"turns":6.0},{"damage":14.0,"enemies":"3 Byrds","floor":19.0,"turns":5.0},{"damage":8.0,"enemies":"Snake Plant","floor":22.0,"turns":4.0},{"damage":38.0,"enemies":"Sentry and Sphere","floor":26.0,"turns":8.0},{"damage":9.0,"enemies":"Centurion and Healer","floor":28.0,"turns":4.0},{"damage":9.0,"enemies":"downfall:FleeingMerchant","floor":30.0,"turns":4.0},{"damage":23.0,"enemies":"Snake Plant","floor":31.0,"turns":5.0},{"damage":44,"enemies":"Shelled Parasite and Fungi","floor":32,"turns":7},{"damage":77,"enemies":"WA_ARCHETYPE_CALM","floor":33,"turns":11},{"damage":17,"enemies":"3 Darklings","floor":36,"turns":6},{"damage":78,"enemies":"2 Orb Walkers","floor":37,"turns":5},{"damage":3,"enemies":"downfall:FleeingMerchant","floor":39,"turns":4},{"damage":3,"enemies":"Orb Walker","floor":43,"turns":3},{"damage":7,"enemies":"downfall:FleeingMerchant","floor":44,"turns":3},{"damage":13,"enemies":"Writhing Mass","floor":47,"turns":4},{"damage":19,"enemies":"Reptomancer","floor":48,"turns":8},{"damage":141,"enemies":"DF_ARCHETYPE_ORBS","floor":50,"turns":7}],"seed_played":"2090225393332832593","potions_obtained":[{"floor":4.0,"key":"ColorlessPotion"},{"floor":10.0,"key":"ColorlessPotion"},{"floor":15.0,"key":"Strength Potion"},{"floor":19.0,"key":"Strength Potion"},{"floor":28.0,"key":"Regen Potion"},{"floor":31.0,"key":"SpeedPotion"},{"floor":32,"key":"Energy Potion"},{"floor":37,"key":"SteroidPotion"},{"floor":43,"key":"SmokeBomb"}],"is_trial":false,"path_per_floor":["R","M","?","M","$","R","T","R","T","?","E","?","R","?","M","B",null,"R","M","?","?","M","?","T","R","M","R","M","?","$","M","M","B",null,"R","M","?","?","$","?","T","R","M","$","$","R","M","E","R","B"],"character_chosen":"SLIMEBOUND","items_purchased":["Slimebound:LeadByExample","expansioncontent:QuickStudy","Blood Vial","Slimebound:SlimeSpikes","expansioncontent:StudyTheSpire","expansioncontent:AwakenDeath","Slimebound:SpikyOuterGoop","Slimebound:GrowthPunch"],"campfire_rested":4,"item_purchase_floors":[5,30,39,39,44,44,44,44],"current_hp_per_floor":[71,64,64,65,64,64,64,64,64,58,50,50,75,75,79,68,85,95,87,87,87,82,82,82,82,47,75,75,75,75,57,22,3,95,95,97,31,31,43,43,43,72,83,81,81,81,76,74,99,0,0,0],"gold":35,"neow_bonus":"TEN_PERCENT_HP_BONUS","is_daily":false,"chose_seed":false,"campfire_upgraded":6,"win_rate":0.0,"timestamp":1613441981,"path_taken":["R","M","?","M","?","R","T","R","?","?","E","?","R","?","M","BOSS","R","M","?","?","M","?","T","R","M","R","?","?","$","M","M","BOSS","R","M","?","?","?","?","T","R","?","?","$","R","M","E","R","BOSS"],"items_purchased_type":["Card","Card","Relic","Card","Card","Card","Card","Card"],"build_version":"2020-12-22","purchased_purges":0,"victory":false,"max_hp_per_floor":[71,71,71,71,71,71,71,71,71,85,85,85,85,85,85,85,85,95,95,95,95,95,95,95,95,95,95,95,95,95,95,95,95,95,95,99,99,99,99,99,99,99,99,99,99,99,99,99,99,99,99,99],"card_choices":[{"not_picked":["Slimebound:ComboTackle","Slimebound:GoopTackle"],"picked":"Slimebound:GoopSpray","floor":2.0},{"not_picked":["Slimebound:LivingWall","Slimebound:RollThrough"],"picked":"Slimebound:SplitMire","floor":4.0},{"not_picked":["Slimebound:FlameTackle","Slimebound:SplitBruiser"],"picked":"Slimebound:Repurpose","floor":5.0},{"not_picked":["Slimebound:RollThrough","Slimebound:LeadByExample"],"picked":"Slimebound:Schlurp","floor":10.0},{"not_picked":["Slimebound:SlimeSpikes","Slimebound:DouseInSlime"],"picked":"Slimebound:PressTheAttack","floor":11.0},{"not_picked":["Slimebound:ItLooksTasty","Slimebound:FinishingTackle"],"picked":"Slimebound:LivingWall","floor":15.0},{"not_picked":["Slimebound:DuplicatedForm","Slimebound:OozeBath"],"picked":"Slimebound:MassFeed","floor":16.0},{"not_picked":["Slimebound:SplitMire","Slimebound:TongueLash"],"picked":"Slimebound:Nibble","floor":19.0},{"not_picked":["Slimebound:SamplingLick","Slimebound:GoopSpray"],"picked":"Slimebound:SplitLeeching","floor":22.0},{"not_picked":["Slimebound:FinishingTackle","Slimebound:Prepare"],"picked":"Slimebound:PressTheAttack","floor":26.0},{"not_picked":["Slimebound:ViciousTackle","Slimebound:SamplingLick"],"picked":"Slimebound:Nibble+1","floor":28.0},{"not_picked":["Slimebound:LivingWall","Slimebound:SlimeSpikes+1"],"picked":"Slimebound:MinionMaster","floor":30.0},{"not_picked":["Slimebound:HauntingLick","Slimebound:ComboTackle"],"picked":"Slimebound:Replication","floor":31.0},{"not_picked":["Slimebound:Nibble","Slimebound:Replication"],"picked":"Slimebound:GrowthPunch","floor":32},{"not_picked":["Slimebound:MassFeed","Slimebound:RallyTheTroops"],"picked":"Slimebound:PrepareCrush","floor":33},{"not_picked":["Slimebound:RollThrough"],"picked":"SKIP","floor":36},{"not_picked":[],"picked":"Slimebound:LeechingTouch+1","floor":37},{"not_picked":["Slimebound:FlameTackle+1"],"picked":"SKIP","floor":39},{"not_picked":[],"picked":"Slimebound:LeechEnergy","floor":43},{"not_picked":[],"picked":"Slimebound:SplitMire+1","floor":44},{"not_picked":["Slimebound:BestDefense"],"picked":"SKIP","floor":48}],"player_experience":60707,"relics_obtained":[{"floor":9.0,"key":"InkBottle"},{"floor":11.0,"key":"Singing Bowl"},{"floor":24.0,"key":"Whetstone"},{"floor":37,"key":"TungstenRod"},{"floor":41,"key":"Letter Opener"},{"floor":48,"key":"Ancient Tea Set"}],"event_choices":[{"damage_healed":0.0,"max_hp_gain":0.0,"max_hp_loss":0.0,"gold_gain":0.0,"event_name":"Vampires","player_choice":"Ignored","floor":21.0,"gold_loss":0.0,"damage_taken":0.0},{"damage_healed":0,"gold_gain":0,"player_choice":"Fight","damage_taken":0,"max_hp_gain":0,"max_hp_loss":0,"event_name":"Mysterious Sphere","floor":37,"gold_loss":0},{"damage_healed":0,"gold_gain":0,"player_choice":"Ignored","damage_taken":0,"max_hp_gain":0,"max_hp_loss":0,"event_name":"NoteForYourself","floor":40,"gold_loss":0}],"is_beta":false,"boss_relics":[{"not_picked":["Slimebound:TarBlob","Calling Bell"],"picked":"Slimebound:AbsorbEndCombatUpgraded"},{"not_picked":["Empty Cage","Runic Pyramid"],"picked":"Busted Crown"}],"items_purged_floors":[],"is_endless":false,"potions_floor_spawned":[4,10,15,19,28,31,32,37,43],"killed_by":"DF_ARCHETYPE_ORBS","ascension_level":0}}