{"host":"65a95dzim48ko8ke","time":1613456531,"event":{"mods":["Act Like it!","BaseMod","Block Reminder","Colored Powertips","Curses Come First","DeckTracker","Hallownest","Minty Spire (QoL Compilation)","Permanent Neow","Quick Restart","Random Character Button","Rare Cards Sparkle","Relic Sorter","StSLib","Synergy Search","The Bug Knight","The IronCluck"],"gold_per_floor":[111,111,111,121,46,46,79,0,0,30,47,75,75,95,95,191,191,204,204,220,14,27,56,56,56,56,68,95,107,123,153,153,253,253,273,433,449,464,484,516,516,543,624,624,624,245,258,270,270,270],"floor_reached":51,"language":"ENG","playtime":7257,"items_purged":["HollowMod:NailStrikeStart","Shame","HollowMod:NailStrikeStart"],"score":878,"play_id":"9d1f6cc4-e815-488c-82f8-7cc0b899d2cf","local_time":"20210216152211","is_ascension_mode":true,"campfire_choices":[{"data":"HollowMod:theNailsmith","floor":13.0,"key":"SMITH"},{"data":"HollowMod:MawleksShell","floor":15.0,"key":"SMITH"},{"data":"HollowMod:ElderbugsWisdom","floor":24.0,"key":"SMITH"},{"data":"HollowMod:ElderbugsWisdom","floor":32.0,"key":"SMITH"},{"data":"HollowMod:Weaversong","floor":41.0,"key":"SMITH"},{"data":"Secret Technique","floor":49,"key":"SMITH"}],"circlet_count":0,"master_deck":["HollowMod:QuickDashStart","HollowMod:QuickDashStart","HollowMod:QuickDashStart","HollowMod:QuickDashStart","HollowMod:FocusHealStart","HollowMod:PogoStrike","HollowMod:theNailsmith+1","HollowMod:SoulSplash","HollowMod:NewLittleFool","HollowMod:DoubleDash","HollowMod:GoodIntentions","HollowMod:CloakDash","HollowMod:ElderbugsWisdom+1","HollowMod:MawleksShell+1","HollowMod:MidwifesHunger","HollowMod:MantisMark+1","HollowMod:CoiledNail","HollowMod:FastStrike+1","HollowMod:ChannelNail","HollowMod:CornifersMapStart","HollowMod:DreamGate","HollowMod:HowlingWraiths+1","HollowMod:ElderbugsWisdom+1","HollowMod:Weaversong+1","HollowMod:MonarchWings+1","HollowMod:DashSlash+1","HollowMod:HeavyBlow+1","HollowMod:MidwifesHunger","HollowMod:DashSlash+1","HollowMod:RecoilStrike+1","Secret Technique+1","HollowMod:CoiledNail","HollowMod:DoubleDash"],"relics":["HollowMod:VesselMask","Akabeko","Hallownest:DreamNailRelic","Eternal Feather","Anchor","HollowMod:QueensCombRelic","Matryoshka","Kunai","Coffee Dripper","WarpedTongs","Membership Card","Oddly Smooth Stone","White Beast Statue","Bronze Scales","Shuriken","Philosopher\u0027s Stone","Hallownest:GodTamersBeastRelic","Bag of Preparation","Nunchaku","Regal Pillow","Mercury Hourglass","Orichalcum","Whetstone","Art of War"],"acts_visited":["Exordium","Hallownest:Greenpath","Hallownest:CityofTears"],"potions_floor_usage":[50,50],"damage_taken":[{"damage":3.0,"enemies":"Hallownest:2_Baldur","floor":1.0,"turns":6.0},{"damage":10.0,"enemies":"Hallownest:2_MossCreeps","floor":4.0,"turns":7.0},{"damage":19.0,"enemies":"Hallownest:eliteMossKnight","floor":7.0,"turns":9.0},{"damage":22.0,"enemies":"Hallownest:eliteCrystalGuardian","floor":10.0,"turns":6.0},{"damage":0.0,"enemies":"2_ Uuma","floor":11.0,"turns":8.0},{"damage":0.0,"enemies":"Hallownest:eliteVengeflyKing","floor":12.0,"turns":10.0},{"damage":0.0,"enemies":"Hallownest:monsterMossCharger","floor":14.0,"turns":6.0},{"damage":21.0,"enemies":"Hallownest:BossHornet","floor":16.0,"turns":19.0},{"damage":12.0,"enemies":"Hallownest:2_Mistakes","floor":18.0,"turns":11.0},{"damage":18.0,"enemies":"Hallownest:3_Youths","floor":20.0,"turns":8.0},{"damage":2.0,"enemies":"Hallownest:monsterShrumalOgre","floor":22.0,"turns":5.0},{"damage":2.0,"enemies":"Hallownest:Nosk","floor":23.0,"turns":5.0},{"damage":6.0,"enemies":"Hallownest:2_Flukemon","floor":27.0,"turns":8.0},{"damage":2.0,"enemies":"Hallownest:eliteSoulWarrior","floor":28.0,"turns":5.0},{"damage":0.0,"enemies":"Hallownest:2_Husk_Sentries","floor":29.0,"turns":3.0},{"damage":0.0,"enemies":"Hallownest:monsterShrumalOgre","floor":30.0,"turns":4.0},{"damage":2.0,"enemies":"Hallownest:Nosk","floor":31.0,"turns":6.0},{"damage":3.0,"enemies":"Hallownest:BossMantisLord","floor":33.0,"turns":9.0},{"damage":9.0,"enemies":"Hallownest:Shield_Heavy","floor":35.0,"turns":3.0},{"damage":25.0,"enemies":"Hallownest:Shield_Heavy","floor":36.0,"turns":5.0},{"damage":0.0,"enemies":"Hallownest:Shield_Heavy","floor":36.0,"turns":4.0},{"damage":15.0,"enemies":"Hallownest:Shield_Heavy","floor":36.0,"turns":6.0},{"damage":0.0,"enemies":"Hallownest:Shield_Heavy","floor":36.0,"turns":3.0},{"damage":14.0,"enemies":"Hallownest:3_Siblings","floor":37.0,"turns":6.0},{"damage":3.0,"enemies":"Hallownest:2_Wing_and_1_Kings","floor":38.0,"turns":6.0},{"damage":16.0,"enemies":"Hallownest:Shield_Sturdy","floor":39.0,"turns":6.0},{"damage":9.0,"enemies":"Hallownest:eliteCollector","floor":40.0,"turns":6.0},{"damage":0.0,"enemies":"Hallownest:StalkingDevout","floor":42.0,"turns":6.0},{"damage":0,"enemies":"Hallownest:monsterPrimalAspid","floor":47,"turns":2},{"damage":0,"enemies":"Hallownest:2_Wing_and_1_Kings","floor":48,"turns":4},{"damage":15,"enemies":"Hallownest:BossGreyPrinceZote","floor":50,"turns":9}],"seed_played":"-2789222804289706007","potions_obtained":[{"floor":4.0,"key":"LiquidMemories"},{"floor":11.0,"key":"AttackPotion"},{"floor":14.0,"key":"Energy Potion"},{"floor":20.0,"key":"Swift Potion"},{"floor":22.0,"key":"Regen Potion"},{"floor":27.0,"key":"SkillPotion"},{"floor":28.0,"key":"FairyPotion"},{"floor":29.0,"key":"FearPotion"},{"floor":30.0,"key":"SteroidPotion"},{"floor":31.0,"key":"SpeedPotion"},{"floor":33.0,"key":"Ancient Potion"},{"floor":35.0,"key":"Swift Potion"},{"floor":37.0,"key":"SmokeBomb"},{"floor":38.0,"key":"AttackPotion"},{"floor":40.0,"key":"Dexterity Potion"},{"floor":42.0,"key":"LiquidMemories"}],"is_trial":false,"path_per_floor":["M","?","?","M","$","?","E","?","T","E","M","E","R","M","R","B",null,"M","?","M","$","M","E","R","?","T","M","E","M","M","E","R","B",null,"M","?","M","M","M","E","R","E","T","T","?","$","M","M","R","B",null],"character_chosen":"THE_BUGKNIGHT","items_purchased":["Membership Card","HollowMod:RecoilStrike","Whetstone","Art of War","Secret Technique","HollowMod:CoiledNail"],"campfire_rested":0,"item_purchase_floors":[21,46,46,46,46,46],"current_hp_per_floor":[61,61,61,51,51,51,32,32,32,28,50,50,50,50,50,39,50,48,48,42,42,50,48,50,50,50,50,48,50,50,48,50,47,50,41,41,36,50,34,39,50,50,50,50,50,50,50,50,50,49],"gold":270,"neow_bonus":"THREE_RARE_CARDS","is_daily":false,"chose_seed":false,"campfire_upgraded":6,"win_rate":0.0,"timestamp":1613456531,"path_taken":["M","?","?","?","$","?","E","?","T","E","M","E","R","?","R","BOSS","M","?","M","$","M","E","R","?","T","M","E","M","M","E","R","BOSS","M","?","M","?","M","E","R","E","T","?","?","$","M","M","R","BOSS"],"items_purchased_type":["Relic","Card","Relic","Relic","Card","Card"],"build_version":"2020-12-22","purchased_purges":3,"victory":true,"max_hp_per_floor":[75,75,75,75,75,75,75,75,50,50,50,50,50,50,50,50,50,50,50,50,50,50,50,50,50,50,50,50,50,50,50,50,50,50,50,50,50,50,50,50,50,50,50,50,50,50,50,50,50,50],"card_choices":[{"not_picked":["HollowMod:NewInfectedGuardian","HollowMod:Hiveblood"],"picked":"HollowMod:theNailsmith","floor":0.0},{"not_picked":["HollowMod:NewJinnsSoul","HollowMod:SoulStrike"],"picked":"HollowMod:SoulSplash","floor":1.0},{"not_picked":["HollowMod:InfectedAttack","HollowMod:TaintedHusks"],"picked":"HollowMod:NewLittleFool","floor":4.0},{"not_picked":["HollowMod:GrimmsGift","HollowMod:SoulStrike"],"picked":"HollowMod:DoubleDash","floor":7.0},{"not_picked":["HollowMod:SharpenedShadows","HollowMod:AbyssShriek"],"picked":"HollowMod:GoodIntentions","floor":10.0},{"not_picked":["HollowMod:InfectedAttack","HollowMod:SoulVessel"],"picked":"HollowMod:CloakDash","floor":11.0},{"not_picked":["HollowMod:PureNailStrike","HollowMod:CornifersMapStart"],"picked":"HollowMod:ElderbugsWisdom","floor":12.0},{"not_picked":["HollowMod:Grubsong","HollowMod:InfectedAttack"],"picked":"HollowMod:MawleksShell","floor":14.0},{"not_picked":["HollowMod:LordofShades","HollowMod:NewInfectedGuardian"],"picked":"HollowMod:MidwifesHunger","floor":16.0},{"not_picked":["HollowMod:NewLittleFool","HollowMod:VengefulSpirit+1"],"picked":"HollowMod:MantisMark+1","floor":18.0},{"not_picked":["HollowMod:InfectedAttack","HollowMod:SoulVessel"],"picked":"HollowMod:CoiledNail","floor":20.0},{"not_picked":["HollowMod:GrimmsGift","HollowMod:CoiledNail+1"],"picked":"HollowMod:FastStrike+1","floor":22.0},{"not_picked":["HollowMod:SharpenedShadows","HollowMod:SiblingsShadow+1"],"picked":"HollowMod:ChannelNail","floor":23.0},{"not_picked":["HollowMod:ShapeofUnn","HollowMod:DreamGate"],"picked":"HollowMod:CornifersMapStart","floor":27.0},{"not_picked":["HollowMod:CornifersMapStart","HollowMod:VengefulVoid+1","HollowMod:FallenFury"],"picked":"SKIP","floor":28.0},{"not_picked":["HollowMod:VengefulVoid","HollowMod:NewJinnsSoul"],"picked":"HollowMod:DreamGate","floor":29.0},{"not_picked":["HollowMod:FallenFury","HollowMod:ShadowDash"],"picked":"HollowMod:HowlingWraiths","floor":30.0},{"not_picked":["HollowMod:HeavyBlow","HollowMod:NewJinnsSoul"],"picked":"HollowMod:ElderbugsWisdom","floor":31.0},{"not_picked":["HollowMod:LifebloodCore","HollowMod:NewInfectedGuardian"],"picked":"HollowMod:Weaversong","floor":33.0},{"not_picked":["HollowMod:WraithStrike","HollowMod:CycloneSlash"],"picked":"HollowMod:MonarchWings+1","floor":35.0},{"not_picked":["HollowMod:SoulShaman","HollowMod:MothsMistake+1"],"picked":"HollowMod:DashSlash+1","floor":37.0},{"not_picked":["HollowMod:SoulVessel","HollowMod:PureNailStrike","HollowMod:NewLittleFool"],"picked":"SKIP","floor":38.0},{"not_picked":["HollowMod:InfectedAttack","HollowMod:VengefulVoid"],"picked":"HollowMod:HeavyBlow+1","floor":39.0},{"not_picked":["HollowMod:TaintedHusks","HollowMod:BlackTendrils"],"picked":"HollowMod:MidwifesHunger","floor":40.0},{"not_picked":["HollowMod:SoulShaman","HollowMod:DoubleDash"],"picked":"HollowMod:DashSlash+1","floor":42.0},{"not_picked":["HollowMod:CycloneSlash","HollowMod:DescendingDark+1"],"picked":"HollowMod:DoubleDash","floor":47},{"not_picked":["HollowMod:DreamGate","HollowMod:VengefulVoid","HollowMod:SharpenedShadows+1"],"picked":"SKIP","floor":48}],"player_experience":416234,"relics_obtained":[{"floor":7.0,"key":"Eternal Feather"},{"floor":9.0,"key":"HollowMod:QueensCombRelic"},{"floor":10.0,"key":"Matryoshka"},{"floor":12.0,"key":"Kunai"},{"floor":23.0,"key":"Akabeko"},{"floor":26.0,"key":"Oddly Smooth Stone"},{"floor":26.0,"key":"White Beast Statue"},{"floor":28.0,"key":"Bronze Scales"},{"floor":31.0,"key":"Shuriken"},{"floor":40.0,"key":"Bag of Preparation"},{"floor":42.0,"key":"Nunchaku"},{"floor":43.0,"key":"Regal Pillow"},{"floor":43.0,"key":"Mercury Hourglass"},{"floor":44.0,"key":"Orichalcum"}],"event_choices":[],"is_beta":false,"boss_relics":[{"not_picked":["Tiny House","Cursed Key"],"picked":"Coffee Dripper"},{"not_picked":["Empty Cage","Pandora\u0027s Box"],"picked":"Philosopher\u0027s Stone"}],"items_purged_floors":[5,21,46],"is_endless":false,"potions_floor_spawned":[4,11,14,20,22,27,28,29,30,31,33,35,36,36,36,36,37,38,39,40,42,47,48],"ascension_level":2}}