{"host":"4lch21uqe3ag08cj","time":1613516776,"event":{"mods":["AchievementEnabler","BaseMod","Block Reminder","Colored Map","Colored Powertips","Minty Spire (QoL Compilation)","Permanent Neow","Relic Stats"],"gold_per_floor":[113,130,140,157,177,177,177,205,230,259,30,41,41,41,41,137,137,149,163,163,163,163,192,202,54,54,54,81,99,114,144,144,244,244,264,264,316,316,137,163,163,179,203,1,18,44,44,61,61,61,61,61,12,47,47,47],"floor_reached":55,"language":"ENG","playtime":4251,"items_purged":["Strike_B","Strike_B","Strike_B+1"],"score":1044,"play_id":"7d32e2e9-597c-4cf9-bb7a-d07383d58d2c","local_time":"20210216200616","is_ascension_mode":true,"campfire_choices":[{"data":"Consume","floor":6.0,"key":"SMITH"},{"data":"Coolheaded","floor":13.0,"key":"SMITH"},{"data":"Coolheaded","floor":15.0,"key":"SMITH"},{"floor":27.0,"key":"REST"},{"data":"Buffer","floor":32.0,"key":"SMITH"},{"data":"Seek","floor":41.0,"key":"SMITH"},{"floor":47.0,"key":"RECALL"},{"data":"Biased Cognition","floor":49.0,"key":"SMITH"},{"data":"Capacitor","floor":52.0,"key":"SMITH"}],"circlet_count":0,"master_deck":["Defend_B","Defend_B","Defend_B","Defend_B","Zap","Dualcast","Consume+1","Ball Lightning","Cold Snap+1","Coolheaded+1","Coolheaded+1","Reboot","Cold Snap","Biased Cognition+1","Glacier","Buffer+1","Steam","Ball Lightning+1","BootSequence","Self Repair","Electrodynamics","Seek+1","Redo+1","Undo","Creative AI","White Noise+1","Capacitor+1","Parasite","Force Field+1"],"relics":["Cracked Core","Calipers","PreservedInsect","Nunchaku","Omamori","Happy Flower","Oddly Smooth Stone","Philosopher\u0027s Stone","Eternal Feather","Molten Egg 2","Prayer Wheel","Whetstone","Nuclear Battery","FossilizedHelix","Strawberry","Singing Bowl","Pantograph"],"acts_visited":["Exordium","TheCity","TheBeyond","TheEnding"],"potions_floor_usage":[55],"damage_taken":[{"damage":0.0,"enemies":"Small Slimes","floor":1.0,"turns":3.0},{"damage":2.0,"enemies":"Jaw Worm","floor":2.0,"turns":3.0},{"damage":0.0,"enemies":"2 Louse","floor":3.0,"turns":3.0},{"damage":0.0,"enemies":"2 Fungi Beasts","floor":4.0,"turns":3.0},{"damage":21.0,"enemies":"Exordium Thugs","floor":5.0,"turns":4.0},{"damage":29.0,"enemies":"Gremlin Nob","floor":8.0,"turns":4.0},{"damage":2.0,"enemies":"Lagavulin","floor":10.0,"turns":7.0},{"damage":0.0,"enemies":"Exordium Wildlife","floor":12.0,"turns":5.0},{"damage":0.0,"enemies":"Hexaghost","floor":16.0,"turns":9.0},{"damage":51.0,"enemies":"3 Byrds","floor":18.0,"turns":4.0},{"damage":14.0,"enemies":"2 Thieves","floor":19.0,"turns":4.0},{"damage":4.0,"enemies":"Book of Stabbing","floor":23.0,"turns":7.0},{"damage":5.0,"enemies":"Chosen and Byrds","floor":24.0,"turns":8.0},{"damage":16.0,"enemies":"Gremlin Leader","floor":28.0,"turns":7.0},{"damage":0.0,"enemies":"Sentry and Sphere","floor":29.0,"turns":7.0},{"damage":0.0,"enemies":"Centurion and Healer","floor":30.0,"turns":8.0},{"damage":2.0,"enemies":"Slavers","floor":31.0,"turns":7.0},{"damage":15.0,"enemies":"Automaton","floor":33.0,"turns":13.0},{"damage":0.0,"enemies":"3 Shapes","floor":35.0,"turns":2.0},{"damage":26.0,"enemies":"2 Orb Walkers","floor":37.0,"turns":6.0},{"damage":0.0,"enemies":"Nemesis","floor":40.0,"turns":9.0},{"damage":0.0,"enemies":"Orb Walker","floor":42.0,"turns":4.0},{"damage":0.0,"enemies":"3 Darklings","floor":45.0,"turns":3.0},{"damage":0.0,"enemies":"Giant Head","floor":46.0,"turns":13.0},{"damage":7.0,"enemies":"Writhing Mass","floor":48.0,"turns":9.0},{"damage":67.0,"enemies":"Awakened One","floor":50.0,"turns":34.0},{"damage":0.0,"enemies":"Shield and Spear","floor":54.0,"turns":7.0},{"damage":110,"enemies":"The Heart","floor":55,"turns":3}],"seed_played":"-8132485797013428976","potions_obtained":[{"floor":1.0,"key":"EntropicBrew"},{"floor":3.0,"key":"ColorlessPotion"},{"floor":4.0,"key":"Dexterity Potion"},{"floor":8.0,"key":"SkillPotion"},{"floor":16.0,"key":"CultistPotion"},{"floor":29.0,"key":"ColorlessPotion"},{"floor":30.0,"key":"EssenceOfSteel"},{"floor":31.0,"key":"Explosive Potion"},{"floor":33.0,"key":"GamblersBrew"},{"floor":40.0,"key":"PotionOfCapacity"},{"floor":42.0,"key":"DistilledChaos"},{"floor":48.0,"key":"EssenceOfDarkness"}],"is_trial":false,"path_per_floor":["M","M","M","M","M","R","?","E","T","E","$","M","R","?","R","B",null,"M","M","?","?","?","E","M","$","T","R","E","M","M","E","R","B",null,"M","?","?","?","$","E","R","M","T","$","M","E","R","M","R","B",null,"R","$","E","B"],"character_chosen":"DEFECT","items_purchased":["Happy Flower","Block Potion","Explosive Potion","AttackPotion","Ancient Potion","Capacitor","Swift Potion"],"campfire_rested":1,"item_purchase_floors":[11,25,25,25,39,44,53],"current_hp_per_floor":[54,52,52,52,31,31,56,27,27,25,25,25,25,22,22,22,75,24,10,10,10,10,6,1,1,1,32,16,16,16,21,33,25,75,75,75,49,68,68,82,82,82,82,82,82,84,84,86,86,19,86,86,86,88,0,0],"gold":47,"neow_bonus":"ONE_RARE_RELIC","is_daily":false,"chose_seed":false,"campfire_upgraded":7,"win_rate":0.0,"timestamp":1613516776,"path_taken":["M","M","M","M","M","R","?","E","T","E","$","M","R","?","R","BOSS","M","M","?","?","?","E","M","$","T","R","E","M","M","E","R","BOSS","M","?","?","?","$","E","R","M","T","?","M","E","R","M","R","BOSS","R","$","E","BOSS"],"items_purchased_type":["Relic","Potion","Potion","Potion","Potion","Card","Potion"],"build_version":"2020-12-22","purchased_purges":3,"victory":false,"max_hp_per_floor":[75,75,75,75,75,75,75,75,75,75,75,75,75,75,75,75,75,75,75,75,75,75,75,75,75,75,75,75,75,75,75,75,75,75,75,75,75,75,75,82,82,82,82,82,82,84,84,86,86,86,86,86,86,88,88,88],"relic_stats":{"Nunchaku":[19],"Happy Flower":[56],"Singing Bowl":6,"counters":[28,196],"Pantograph":0,"Eternal Feather":21,"Prayer Wheel":6,"PreservedInsect":394,"Whetstone":["Cold Snap","Strike_B"],"obtain_stats":[{"Calipers":0,"Happy Flower":11,"Singing Bowl":46,"Oddly Smooth Stone":14,"Eternal Feather":23,"PreservedInsect":8,"Omamori":10,"Whetstone":31,"Nuclear Battery":34,"Nunchaku":9,"Strawberry":40,"Pantograph":54,"Philosopher\u0027s Stone":17,"Molten Egg 2":26,"Prayer Wheel":28,"Cracked Core":0,"FossilizedHelix":37},{"Calipers":0,"Happy Flower":7,"Singing Bowl":24,"Oddly Smooth Stone":8,"Eternal Feather":12,"PreservedInsect":6,"Omamori":7,"Whetstone":17,"Nuclear Battery":18,"Nunchaku":6,"Strawberry":21,"Pantograph":27,"Philosopher\u0027s Stone":9,"Molten Egg 2":13,"Prayer Wheel":14,"Cracked Core":0,"FossilizedHelix":20},{"Calipers":0,"Happy Flower":27,"Singing Bowl":143,"Oddly Smooth Stone":32,"Eternal Feather":56,"PreservedInsect":20,"Omamori":27,"Whetstone":93,"Nuclear Battery":106,"Nunchaku":20,"Strawberry":123,"Pantograph":193,"Philosopher\u0027s Stone":41,"Molten Egg 2":64,"Prayer Wheel":71,"Cracked Core":0,"FossilizedHelix":114}]},"card_choices":[{"not_picked":["Stack","Leap"],"picked":"Consume","floor":1.0},{"not_picked":["Cold Snap","Conserve Battery"],"picked":"Ball Lightning","floor":2.0},{"not_picked":["Redo","Reprogram"],"picked":"Cold Snap","floor":3.0},{"not_picked":["Compile Driver","Sweeping Beam"],"picked":"Coolheaded","floor":4.0},{"not_picked":["Auto Shields","Barrage","Redo"],"picked":"SKIP","floor":5.0},{"not_picked":["FTL","Compile Driver"],"picked":"Coolheaded","floor":8.0},{"not_picked":["Coolheaded","Go for the Eyes"],"picked":"Reboot","floor":10.0},{"not_picked":["Tempest","FTL"],"picked":"Cold Snap","floor":12.0},{"not_picked":["Core Surge","Machine Learning"],"picked":"Biased Cognition","floor":16.0},{"not_picked":["Lockon","Sweeping Beam+1","Storm+1"],"picked":"SKIP","floor":18.0},{"not_picked":["Cold Snap","Gash+1"],"picked":"Glacier","floor":19.0},{"not_picked":["Streamline+1","Sweeping Beam","Turbo"],"picked":"SKIP","floor":23.0},{"not_picked":["Double Energy","Auto Shields+1","Hologram"],"picked":"SKIP","floor":24.0},{"not_picked":["FTL+1","Go for the Eyes+1","Consume"],"picked":"SKIP","floor":28.0},{"not_picked":["Beam Cell+1","Storm"],"picked":"Steam","floor":29.0},{"not_picked":["Compile Driver+1","Coolheaded"],"picked":"Ball Lightning+1","floor":29.0},{"not_picked":["Steam","White Noise+1"],"picked":"BootSequence","floor":30.0},{"not_picked":["Sweeping Beam+1","Beam Cell+1"],"picked":"Self Repair","floor":30.0},{"not_picked":["Buffer","Melter+1"],"picked":"Electrodynamics","floor":31.0},{"not_picked":["Core Surge+1","Machine Learning"],"picked":"Seek","floor":33.0},{"not_picked":["Compile Driver+1","Reprogram+1"],"picked":"Redo+1","floor":35.0},{"not_picked":["Coolheaded","Sweeping Beam+1","Darkness"],"picked":"SKIP","floor":35.0},{"not_picked":["Steam","Genetic Algorithm+1"],"picked":"Undo","floor":40.0},{"not_picked":["Ball Lightning+1","Aggregate"],"picked":"Creative AI","floor":42.0},{"not_picked":["Lockon+1","Hologram+1"],"picked":"White Noise+1","floor":42.0},{"not_picked":["Turbo+1","Stack+1","Streamline+1"],"picked":"SKIP","floor":45.0},{"not_picked":["Beam Cell+1","Gash+1","Rebound+1"],"picked":"SKIP","floor":45.0},{"not_picked":["Gash+1","Turbo+1","Streamline+1"],"picked":"Singing Bowl","floor":46.0},{"not_picked":["Skim+1","Barrage+1"],"picked":"Force Field+1","floor":48.0},{"not_picked":["Lockon+1","Aggregate","Rainbow"],"picked":"Singing Bowl","floor":48.0},{"not_picked":["Hologram+1","Consume","Doom and Gloom+1"],"picked":"Singing Bowl","floor":54.0}],"player_experience":83033,"relics_obtained":[{"floor":8.0,"key":"PreservedInsect"},{"floor":9.0,"key":"Nunchaku"},{"floor":10.0,"key":"Omamori"},{"floor":23.0,"key":"Eternal Feather"},{"floor":26.0,"key":"Molten Egg 2"},{"floor":28.0,"key":"Prayer Wheel"},{"floor":31.0,"key":"Whetstone"},{"floor":37.0,"key":"FossilizedHelix"},{"floor":40.0,"key":"Strawberry"},{"floor":46.0,"key":"Singing Bowl"},{"floor":54.0,"key":"Pantograph"}],"event_choices":[{"damage_healed":25.0,"max_hp_gain":0.0,"max_hp_loss":0.0,"gold_gain":0.0,"event_name":"Big Fish","player_choice":"Banana","floor":7.0,"gold_loss":0.0,"damage_taken":0.0},{"damage_healed":0.0,"max_hp_gain":0.0,"max_hp_loss":0.0,"gold_gain":0.0,"event_name":"Scrap Ooze","player_choice":"Success","floor":14.0,"gold_loss":0.0,"damage_taken":3.0,"relics_obtained":["Oddly Smooth Stone"]},{"damage_healed":0.0,"max_hp_gain":0.0,"max_hp_loss":0.0,"gold_gain":0.0,"event_name":"Forgotten Altar","player_choice":"Smashed Altar","floor":20.0,"gold_loss":0.0,"damage_taken":0.0,"cards_obtained":["Decay"]},{"damage_healed":0.0,"max_hp_gain":0.0,"max_hp_loss":0.0,"gold_gain":0.0,"event_name":"Cursed Tome","player_choice":"Ignored","floor":21.0,"gold_loss":0.0,"damage_taken":0.0},{"damage_healed":0.0,"max_hp_gain":0.0,"max_hp_loss":0.0,"gold_gain":0.0,"cards_transformed":["Strike_B"],"event_name":"Transmorgrifier","player_choice":"Transformed","floor":22.0,"gold_loss":0.0,"damage_taken":0.0,"cards_obtained":["Buffer"]},{"damage_healed":0.0,"max_hp_gain":0.0,"max_hp_loss":0.0,"gold_gain":0.0,"event_name":"Tomb of Lord Red Mask","player_choice":"Ignored","floor":36.0,"gold_loss":0.0,"damage_taken":0.0},{"damage_healed":0.0,"max_hp_gain":0.0,"max_hp_loss":0.0,"gold_gain":0.0,"event_name":"Mysterious Sphere","player_choice":"Fight","floor":37.0,"gold_loss":0.0,"damage_taken":0.0},{"damage_healed":19.0,"max_hp_gain":0.0,"max_hp_loss":0.0,"gold_gain":0.0,"event_name":"Winding Halls","player_choice":"Writhe","floor":38.0,"gold_loss":0.0,"damage_taken":0.0,"cards_obtained":["Writhe"]}],"is_beta":false,"boss_relics":[{"not_picked":["Runic Pyramid","Black Star"],"picked":"Philosopher\u0027s Stone"},{"not_picked":["Tiny House","Busted Crown"],"picked":"Nuclear Battery"}],"items_purged_floors":[11,39,44],"is_endless":false,"potions_floor_spawned":[1,3,4,8,16,29,30,31,33,40,42,45,48],"killed_by":"The Heart","ascension_level":4}}