{"host":"za1qviwhp34x909e","time":1613462261,"event":{"mods":["Act Like it!","BaseMod","Colored Map","Colored Powertips","Downfall","Highlight Path","Hubris","Koishi","Marisa????????","Minty Spire (QoL Compilation)","Quick Restart","Reimu??????","Replay The Spire","StSLib","The Servant 0.9.4"],"gold_per_floor":[118,131,142,25,45,45,60,60,129,129,49,49,77,90,90,192,192,211,171,15,15,29,29,29,55,55,67,67,79,112,130,130,230,230,242,252,306,306,68,99,99,109,109,109,140,160,190,202,202,202,202],"floor_reached":50,"language":"ENG","playtime":3193,"items_purged":["Regret","Hallucinations","Koishi:BasicStrike","Koishi:BasicStrike"],"score":622,"play_id":"18d7dc7c-c2ff-4b52-9c4e-fce1678d1e29","local_time":"20210216015741","is_ascension_mode":false,"campfire_choices":[{"data":"Koishi:ApparitionsStalkTheNight","floor":6,"key":"SMITH"},{"data":"Koishi:GeneticsOfTheUnconscious","floor":8,"key":"SMITH"},{"data":"Koishi:HeartAttack","floor":10,"key":"SMITH"},{"data":"Koishi:SubterraneanRose","floor":15,"key":"SMITH"},{"data":"Koishi:Whimsy","floor":23,"key":"SMITH"},{"floor":28,"key":"REST"},{"data":"Koishi:SprinkleStarAndHeart","floor":32,"key":"SMITH"},{"data":"Koishi:HeartAttack","floor":41,"key":"SMITH"},{"data":"Koishi:JumpScare","floor":44,"key":"SMITH"},{"floor":49,"key":"RECALL"}],"circlet_count":0,"master_deck":["Koishi:BasicStrike","Koishi:BasicStrike","Koishi:BasicDefend","Koishi:BasicDefend","Koishi:BasicDefend","Koishi:BasicDefend","Koishi:Provoke","Koishi:HauntingSlash","Koishi:CatchAndRose","Koishi:RacingHeart","Koishi:HeartAttack+1","Koishi:PhantomStrike+1","Koishi:ApparitionsStalkTheNight+1","Koishi:SubconsciousSweep","Koishi:GeneticsOfTheUnconscious+1","Koishi:Whimsy+1","Koishi:FadingMemory","Koishi:SprinkleStarAndHeart+1","Koishi:StingingMind+1","Koishi:JumpScare+1","hubris:DuctTapeCard","Koishi:YoukaiPolygraph+1","Koishi:RuptureMind","Koishi:UnseenTerror+1","Koishi:IdleWhim+1","Koishi:HeartAttack+1","Koishi:BramblyRoseGarden+1","Dark Shackles","Koishi:EmbersOfLove+1","Koishi:UnseenTerror","Parasite","Koishi:Whimsy+1","Koishi:MassHysteria"],"relics":["Koishi:ImaginaryFriend","Counterbalance","ReplayTheSpireMod:CursedCoin","The Courier","Snack Pack","hubris:CrackedHourglass","ZunR:ReiMu","Enchiridion","hubris:Towel","Replay:Bottled Steam","hubris:DuctTape","PureWhite:ReiMu","Black Star","Ice Cream","Medical Kit","Torii","Gremlin Food","Mastiff:ReiMu","Bronze Scales","hubris:Potato","Koishi:AHoleWhereASisterShouldBe"],"acts_visited":["Exordium","TheCity","TheBeyond"],"potions_floor_usage":[13,13,13,13,16,29,31,36,37,50],"damage_taken":[{"damage":6,"enemies":"Jaw Worm","floor":1,"turns":5},{"damage":16,"enemies":"Small Slimes","floor":2,"turns":5},{"damage":2,"enemies":"2 Louse","floor":3,"turns":2},{"damage":9,"enemies":"2 Fungi Beasts","floor":5,"turns":3},{"damage":1,"enemies":"Exordium Thugs","floor":7,"turns":4},{"damage":5,"enemies":"Lagavulin","floor":13,"turns":3},{"damage":0,"enemies":"Blue Slaver","floor":14,"turns":2},{"damage":9,"enemies":"Hexaghost","floor":16,"turns":7},{"damage":13,"enemies":"3 Byrds","floor":18,"turns":4},{"damage":8,"enemies":"Spheric Guardian","floor":22,"turns":4},{"damage":23,"enemies":"Gremlin Leader","floor":25,"turns":4},{"damage":0,"enemies":"Snake Plant","floor":27,"turns":4},{"damage":0,"enemies":"Centurion and Healer","floor":29,"turns":3},{"damage":3,"enemies":"Slavers","floor":30,"turns":5},{"damage":16,"enemies":"Shelled Parasite and Fungi","floor":31,"turns":3},{"damage":1,"enemies":"Automaton","floor":33,"turns":6},{"damage":0,"enemies":"Orb Walker","floor":35,"turns":2},{"damage":14,"enemies":"3 Darklings","floor":36,"turns":6},{"damage":29,"enemies":"2 Orb Walkers","floor":37,"turns":4},{"damage":4,"enemies":"R_Hoarder","floor":40,"turns":5},{"damage":16,"enemies":"Maw","floor":42,"turns":5},{"damage":6,"enemies":"Reptomancer","floor":45,"turns":6},{"damage":3,"enemies":"Writhing Mass","floor":46,"turns":3},{"damage":6,"enemies":"Giant Head","floor":47,"turns":7},{"damage":16,"enemies":"Spire Growth","floor":48,"turns":3},{"damage":66,"enemies":"Replay:Hell Engine","floor":50,"turns":8}],"seed_played":"9080666555002271385","potions_obtained":[{"floor":3,"key":"FearPotion"},{"floor":5,"key":"LiquidBronze"},{"floor":7,"key":"EntropicBrew"},{"floor":13,"key":"MagicPotion:ReiMu"},{"floor":27,"key":"LifebloodPotion"},{"floor":29,"key":"Block Potion"},{"floor":33,"key":"Block Potion"},{"floor":40,"key":"ZuzhouPotion:ReiMu"},{"floor":42,"key":"Ancient Potion"},{"floor":47,"key":"EssenceOfSteel"}],"is_trial":false,"path_per_floor":["M","M","M","$","M","R","M","R","T","R","$","?","E","M","R","B",null,"M","?","$","?","M","R","?","E","T","M","R","M","E","M","R","B",null,"M","M","?","?","$","E","R","M","T","R","E","M","E","M","R","B"],"character_chosen":"KOISHI","items_purchased":["ReplayTheSpireMod:CursedCoin","Koishi:HeartAttack","Koishi:PhantomStrike+1","Koishi:ApparitionsStalkTheNight","Koishi:SprinkleStarAndHeart","Medical Kit"],"campfire_rested":1,"item_purchase_floors":[4,4,4,4,20,39],"current_hp_per_floor":[57,42,41,41,33,33,35,35,35,35,35,23,18,18,18,11,60,50,50,50,34,28,28,28,14,14,17,35,50,53,42,42,47,60,60,57,37,37,37,44,44,41,41,41,50,55,60,58,58,0,0],"gold":202,"neow_bonus":"RANDOM_EVENT","is_daily":false,"chose_seed":false,"campfire_upgraded":8,"win_rate":0.0,"timestamp":1613462261,"path_taken":["M","M","M","$","M","R","M","R","T","R","$","?","E","M","R","BOSS","M","?","$","?","M","R","?","E","T","M","R","M","E","M","R","BOSS","M","M","?","?","$","E","R","M","T","R","E","M","E","M","R","BOSS"],"items_purchased_type":["Relic","Card","Card","Card","Card","Relic"],"build_version":"2020-12-22","purchased_purges":4,"victory":false,"max_hp_per_floor":[60,60,60,60,60,60,60,60,60,60,60,60,60,60,60,60,60,60,60,60,60,60,60,60,60,60,60,60,60,60,60,60,60,60,60,60,60,60,60,60,60,60,60,60,60,60,60,60,60,60,60],"card_choices":[{"not_picked":["Koishi:SpiritedAway","Koishi:EmbryosDream"],"picked":"Koishi:CatchAndRose","floor":1},{"not_picked":["Koishi:MindNumbingTerror","Koishi:ReleaseOfTheId"],"picked":"Koishi:SubterraneanRose","floor":2},{"not_picked":["Koishi:Untouchable","Koishi:Jaunt"],"picked":"Koishi:RacingHeart","floor":3},{"not_picked":["Koishi:EmbryosDream","Koishi:FidgetySnatcher"],"picked":"Koishi:SubconsciousSweep","floor":5},{"not_picked":["Koishi:Untouchable","Koishi:PhantomBarrier"],"picked":"Koishi:GeneticsOfTheUnconscious","floor":7},{"not_picked":["Koishi:RorschachInDanmaku","Koishi:Vanish"],"picked":"Koishi:Whimsy","floor":13},{"not_picked":["Koishi:PhantomStrike","Koishi:YoukaiPolygraph","Koishi:TerrifyingSpectre"],"picked":"SKIP","floor":14},{"not_picked":["Koishi:SuperEgo","Koishi:RollingInRichesHeart"],"picked":"Koishi:FadingMemory","floor":16},{"not_picked":["Koishi:BloodcurdlingScream","Koishi:Jaunt"],"picked":"Koishi:SubterraneanRose+1","floor":18},{"not_picked":["Koishi:EmbersOfLove","Koishi:FleetingPhantom"],"picked":"Koishi:StingingMind+1","floor":22},{"not_picked":["Koishi:Prune","Koishi:BloodcurdlingScream"],"picked":"Koishi:JumpScare","floor":25},{"not_picked":["Koishi:DNAsFlaw","Koishi:DanmakuParanoia"],"picked":"Koishi:YoukaiPolygraph+1","floor":27},{"not_picked":["Koishi:GhostParty+1","Koishi:ReflexRadar+1"],"picked":"Koishi:RuptureMind","floor":29},{"not_picked":["Koishi:JumpScare","Koishi:MassHysteria","Koishi:UnansweredLove"],"picked":"SKIP","floor":30},{"not_picked":["Koishi:Prune","Koishi:HeartfeltFancy"],"picked":"Koishi:UnseenTerror+1","floor":31},{"not_picked":["Koishi:RacingHeart+1","Koishi:Prune"],"picked":"Koishi:IdleWhim+1","floor":35},{"not_picked":["Koishi:RollingInRichesHeart","Koishi:YoukaiPolygraph"],"picked":"Koishi:HeartAttack","floor":36},{"not_picked":["Koishi:SubconsciousSweep+1","Koishi:PhantomBarrier"],"picked":"Koishi:BramblyRoseGarden+1","floor":37},{"not_picked":["Poisoned Strike","Madness"],"picked":"Dark Shackles","floor":38},{"not_picked":["Koishi:RacingHeart+1","Koishi:ParalyzingFear"],"picked":"Koishi:EmbersOfLove+1","floor":40},{"not_picked":["Koishi:TerrifyingSpectre","Koishi:EmbryosDream+1","Koishi:StrangeCloudFist"],"picked":"SKIP","floor":42},{"not_picked":["Koishi:ApparitionsStalkTheNight","Koishi:YoukaiPolygraph"],"picked":"Koishi:UnseenTerror","floor":45},{"not_picked":["Koishi:BloodcurdlingScream+1","Koishi:EmbryosDream+1"],"picked":"Koishi:Whimsy+1","floor":46},{"not_picked":["Koishi:Prune+1","Koishi:VengefulSpirit+1"],"picked":"Koishi:MassHysteria","floor":47},{"not_picked":["Koishi:FleetingPhantom","Koishi:PhantomStrike","Koishi:DreadfulBlow+1"],"picked":"SKIP","floor":48}],"player_experience":742598,"relics_obtained":[{"floor":9,"key":"The Courier"},{"floor":21,"key":"Enchiridion"},{"floor":25,"key":"Replay:Bottled Steam"},{"floor":26,"key":"hubris:DuctTape"},{"floor":30,"key":"PureWhite:ReiMu"},{"floor":37,"key":"Ice Cream"},{"floor":40,"key":"Torii"},{"floor":40,"key":"Gremlin Food"},{"floor":45,"key":"Mastiff:ReiMu"},{"floor":45,"key":"Bronze Scales"},{"floor":47,"key":"hubris:Potato"},{"floor":47,"key":"Koishi:AHoleWhereASisterShouldBe"}],"event_choices":[{"damage_healed":0,"gold_gain":0,"player_choice":"Box","damage_taken":0,"relics_obtained":["Counterbalance"],"max_hp_gain":0,"max_hp_loss":0,"event_name":"Big Fish","floor":0,"gold_loss":0,"cards_obtained":["Regret"]},{"damage_healed":0,"gold_gain":0,"player_choice":"Success","damage_taken":12,"relics_obtained":["Snack Pack"],"max_hp_gain":0,"max_hp_loss":0,"event_name":"Scrap Ooze","floor":12,"gold_loss":0},{"damage_healed":0,"gold_gain":0,"player_choice":"Keep O-miki","damage_taken":0,"relics_obtained":["ZunR:ReiMu"],"max_hp_gain":0,"max_hp_loss":0,"event_name":"ZunEvent","floor":19,"gold_loss":40},{"damage_healed":0,"gold_gain":0,"player_choice":"Obtained Book","damage_taken":16,"max_hp_gain":0,"max_hp_loss":0,"event_name":"Cursed Tome","floor":21,"gold_loss":0},{"damage_healed":0,"gold_gain":0,"player_choice":"Fight","damage_taken":0,"max_hp_gain":0,"max_hp_loss":0,"event_name":"Mysterious Sphere","floor":37,"gold_loss":0},{"damage_healed":0,"gold_gain":0,"player_choice":"Memory 1","damage_taken":0,"max_hp_gain":0,"max_hp_loss":0,"event_name":"SensoryStone","floor":38,"gold_loss":0}],"is_beta":false,"boss_relics":[{"not_picked":["Tiny House","hubris:Backtick"],"picked":"hubris:CrackedHourglass"},{"not_picked":["hubris:RunicObelisk","hubris:GrandSneckoEye"],"picked":"Black Star"}],"items_purged_floors":[4,11,20,39],"is_endless":false,"potions_floor_spawned":[3,5,7,13,27,29,30,33,40,42,46,47],"killed_by":"Replay:Hell Engine","ascension_level":0}}