{"host":"r081svdj6e9i7zze","time":1613455254,"event":{"mods":["AchievementEnabler","BaseMod","Colored Map","Minty Spire (QoL Compilation)","SuperFastMode"],"gold_per_floor":[115,126,126,87,87,120,138,138,138,138,168,185,203,216,216,216,216],"floor_reached":16,"language":"KOR","playtime":552,"items_purged":[],"score":137,"play_id":"8db4435b-672c-41a6-a11a-dd9cae0ced2c","local_time":"20210216150054","is_ascension_mode":false,"campfire_choices":[{"data":"Infernal Blade","floor":8,"key":"SMITH"},{"data":"Corruption","floor":15,"key":"SMITH"}],"circlet_count":0,"master_deck":["Strike_R","Strike_R","Strike_R+1","Strike_R+1","Defend_R","Defend_R","Defend_R","Defend_R","Bash","Warcry","Cleave","Shockwave","Spot Weakness","Infernal Blade+1","Rage","Flame Barrier","Corruption+1","True Grit","Searing Blow"],"relics":["Burning Blood","NeowsBlessing","Mercury Hourglass","Whetstone","MealTicket","Darkstone Periapt"],"acts_visited":["Exordium"],"potions_floor_usage":[11,16,16,16],"damage_taken":[{"damage":0,"enemies":"Small Slimes","floor":1,"turns":1},{"damage":0,"enemies":"2 Louse","floor":2,"turns":1},{"damage":0,"enemies":"3 Sentries","floor":6,"turns":1},{"damage":4,"enemies":"Cultist","floor":7,"turns":3},{"damage":19,"enemies":"Gremlin Nob","floor":11,"turns":4},{"damage":9,"enemies":"Blue Slaver","floor":12,"turns":2},{"damage":8,"enemies":"Red Slaver","floor":13,"turns":3},{"damage":11,"enemies":"Gremlin Gang","floor":14,"turns":3},{"damage":65,"enemies":"The Guardian","floor":16,"turns":9}],"seed_played":"-2584624404176640378","potions_obtained":[{"floor":2,"key":"Strength Potion"},{"floor":6,"key":"Dexterity Potion"},{"floor":13,"key":"GamblersBrew"},{"floor":14,"key":"SkillPotion"}],"is_trial":false,"path_per_floor":["M","M","?","$","?","E","M","R","T","?","E","M","M","M","R","B"],"character_chosen":"IRONCLAD","items_purchased":["Shockwave"],"campfire_rested":0,"item_purchase_floors":[4],"current_hp_per_floor":[80,80,85,85,73,79,81,81,81,81,68,65,63,58,58,0,0],"gold":216,"neow_bonus":"THREE_ENEMY_KILL","is_daily":false,"chose_seed":false,"campfire_upgraded":2,"win_rate":0.0,"timestamp":1613455254,"path_taken":["M","M","?","$","?","E","M","R","T","?","E","M","M","M","R","BOSS"],"items_purchased_type":["Card"],"build_version":"2020-12-22","purchased_purges":0,"victory":false,"max_hp_per_floor":[80,80,85,85,85,85,85,85,85,85,85,85,85,85,85,85,85],"card_choices":[{"not_picked":["True Grit","Sword Boomerang"],"picked":"Warcry","floor":1},{"not_picked":["Headbutt","Uppercut"],"picked":"Cleave","floor":2},{"not_picked":["Metallicize","Pummel"],"picked":"Spot Weakness","floor":6},{"not_picked":["Hemokinesis","Dropkick"],"picked":"Infernal Blade","floor":7},{"not_picked":["Dual Wield","Thunderclap"],"picked":"Flame Barrier","floor":11},{"not_picked":["Thunderclap","Body Slam"],"picked":"Corruption","floor":12},{"not_picked":["Reckless Charge","Flex"],"picked":"True Grit","floor":13},{"not_picked":["Combust","Twin Strike"],"picked":"Searing Blow","floor":14}],"player_experience":69124,"relics_obtained":[{"floor":6,"key":"Whetstone"},{"floor":9,"key":"MealTicket"},{"floor":11,"key":"Darkstone Periapt"}],"event_choices":[{"damage_healed":0,"gold_gain":0,"player_choice":"Donut","damage_taken":0,"max_hp_gain":5,"max_hp_loss":0,"event_name":"Big Fish","floor":3,"gold_loss":0},{"damage_healed":0,"gold_gain":0,"player_choice":"Success","damage_taken":12,"relics_obtained":["Mercury Hourglass"],"max_hp_gain":0,"max_hp_loss":0,"event_name":"Scrap Ooze","floor":5,"gold_loss":0},{"damage_healed":0,"gold_gain":0,"cards_transformed":["Strike_R"],"player_choice":"Transformed","damage_taken":0,"max_hp_gain":0,"max_hp_loss":0,"event_name":"Transmorgrifier","floor":10,"gold_loss":0,"cards_obtained":["Rage"]}],"is_beta":false,"boss_relics":[],"items_purged_floors":[],"is_endless":false,"potions_floor_spawned":[2,6,13,14],"killed_by":"The Guardian","ascension_level":0}}