{"host":"o9lehcdjc4u6j9un","time":1613494882,"event":{"mods":["Aspiration","BaseMod","Better-Laid Plans","Bossed Relics","Colored Map","Downfall","Gremlin Mod","Hermit","Marisa£®ÏF”Í°°ƒß¿Ì…≥£©","Minty Spire (QoL Compilation)","Reimu£®≤©¿ˆ¡È√Œ£©","Remilia£®¿Ÿ√◊¿Ú—«£©","StSLib","The Alterego","The Hierophant","The Jungle","The Marked","The Runesmith","The Senshi","The Servant 0.9.4","Yakumo Yukari mod","Youmu£®ªÍ∆«—˝√Œ£©","≤–¡Ù÷ÆŒÔ"],"gold_per_floor":[112,122,122,47,62,97,97,97,97,129,143,143,163,163,163,262,262,280,280,300,6,21,47,47,58,138,155,155,184,184,197,197,297,297,307,320,320,320,36,63,63,95,118,166,166,166,186,10,10,10,10,10,10,35,35],"floor_reached":56,"language":"ZHS","playtime":5119,"items_purged":["Runesmith:Strike_RS","Runesmith:HeatExchange","Runesmith:Defend_RS"],"score":1203,"play_id":"890fd4bf-b2ba-45c1-95e4-24216b563d9b","local_time":"20210217010122","is_ascension_mode":false,"campfire_choices":[{"data":"Runesmith:CraftFirestone","floor":7,"key":"SMITH"},{"data":"Runesmith:Permafrost","floor":12,"key":"SMITH"},{"data":"Runesmith:HammerAndChisel","floor":15,"key":"SMITH"},{"data":"Runesmith:HammerAndChisel","floor":24,"key":"SMITH"},{"floor":28,"key":"REST"},{"data":"Runesmith:Fortify","floor":32,"key":"SMITH"},{"data":"Runesmith:CraftPrismatica","floor":41,"key":"SMITH"},{"data":"Flechettes","floor":46,"key":"SMITH"},{"floor":49,"key":"RECALL"},{"data":"Runesmith:HammerThrow","floor":52,"key":"SMITH"}],"circlet_count":0,"master_deck":["Runesmith:Defend_RS","Runesmith:CraftFirestone+1","Runesmith:Fortify+1","Runesmith:UnstableHammer","Runesmith:RuneHurl","Runesmith:HammerAndChisel+1","Runesmith:HammerAndChisel+1","Runesmith:CraftMagma","Runesmith:Permafrost+1","Runesmith:HeatExchange","Runesmith:ReplicatingBarrier","Runesmith:BackupBattery","Runesmith:HeatedChisel+1","Runesmith:ChaoticBlast","Runesmith:UnstableHammer+1","Runesmith:HammerThrow+1","Runesmith:Retool+1","Runesmith:CraftPrismatica+1","Runesmith:CraftIncendium+1","Runesmith:GenerateForcefield","Runesmith:CraftMagma+1","Runesmith:Discharge+1","Runesmith:CraftMagma","Runesmith:HeatedChisel+1","Runesmith:HammerThrow","Runesmith:HammerThrow+1","Calculated Gamble","Slice","Flechettes+1","Runesmith:RunicBlueprint","Runesmith:RuneHurl"],"relics":["Runesmith:BrokenRuby","Vajra","Pear","MealTicket","aspiration:RitualDagger","Membership Card","Lantern","Calipers","Gremlin Horn","aspiration:SeaSaltIceCream","Burning Blood","expansioncontent:StudyCardRelic","Runesmith:EmergencyProvisions","Letter Opener","Oddly Smooth Stone","Juzu Bracelet","Slimebound:StickyStick","Pocketwatch","Strawberry","bronze:DonusWashers","Runesmith:Locket"],"acts_visited":["Exordium","Exordium","TheBeyond","TheEnding"],"potions_floor_usage":[10,13,16,22,27,31,31,47,54,54,55],"damage_taken":[{"damage":0,"enemies":"Small Slimes","floor":1,"turns":3},{"damage":0,"enemies":"2 Louse","floor":2,"turns":2},{"damage":1,"enemies":"Cultist","floor":5,"turns":3},{"damage":12,"enemies":"3 Sentries","floor":6,"turns":4},{"damage":10,"enemies":"Gremlin Nob","floor":10,"turns":3},{"damage":13,"enemies":"Red Slaver","floor":11,"turns":2},{"damage":4,"enemies":"3 Louse","floor":13,"turns":2},{"damage":32,"enemies":"The Guardian","floor":16,"turns":6},{"damage":14,"enemies":"theJungle:GiantWrat","floor":18,"turns":3},{"damage":26,"enemies":"Shell Parasite","floor":20,"turns":5},{"damage":12,"enemies":"theJungle:SlimyTreeVines","floor":22,"turns":4},{"damage":21,"enemies":"theJungle:2_Phrogs","floor":23,"turns":5},{"damage":15,"enemies":"theJungle:Snecko_Cultist_And_Trap","floor":25,"turns":4},{"damage":6,"enemies":"theJungle:2_Snecko_Cultists","floor":27,"turns":2},{"damage":14,"enemies":"theJungle:MamaSnecko","floor":29,"turns":4},{"damage":39,"enemies":"theJungle:JungleHuntersEncounter","floor":31,"turns":4},{"damage":90,"enemies":"theJungle:FunGuy","floor":33,"turns":10},{"damage":35,"enemies":"3 Darklings","floor":35,"turns":4},{"damage":15,"enemies":"3 Shapes","floor":36,"turns":3},{"damage":54,"enemies":"Nemesis","floor":40,"turns":5},{"damage":36,"enemies":"Giant Head","floor":42,"turns":7},{"damage":45,"enemies":"2 Orb Walkers","floor":44,"turns":3},{"damage":6,"enemies":"Jaw Worm Horde","floor":47,"turns":2},{"damage":83,"enemies":"Donu and Deca","floor":50,"turns":7},{"damage":69,"enemies":"Shield and Spear","floor":54,"turns":4},{"damage":113,"enemies":"The Heart","floor":55,"turns":7}],"seed_played":"3482540162637136616","potions_obtained":[{"floor":2,"key":"LiquidMemories"},{"floor":5,"key":"Fire Potion"},{"floor":6,"key":"Slimebound:ThreeZeroPotion"},{"floor":10,"key":"MagicPotion:ReiMu"},{"floor":13,"key":"Regen Potion"},{"floor":18,"key":"ZuzhouPotion:ReiMu"},{"floor":22,"key":"DistilledChaos"},{"floor":27,"key":"Block Potion"},{"floor":30,"key":"Regen Potion"},{"floor":30,"key":"EssenceOfSteel"},{"floor":33,"key":"Ancient Potion"},{"floor":35,"key":"Guardian:BlockOnCardUsePotion"},{"floor":44,"key":"champ:CounterPotion"}],"is_trial":false,"path_per_floor":["M","M","?","$","M","E","R","?","T","E","M","R","M","?","R","B",null,"M","T","M","$","M","E","R","M","T","M","R","E","?","M","R","B",null,"M","M","?","?","$","E","R","E","T","?","?","R","M","$","R","B",null,"R","$","E","B",null],"character_chosen":"RUNESMITH_CLASS","items_purchased":["Membership Card","Lantern","Runesmith:HammerThrow","Runesmith:EmergencyProvisions","Runesmith:CraftMagma","Letter Opener","Strawberry","bronze:DonusWashers","Strength Potion"],"campfire_rested":1,"item_purchase_floors":[21,21,21,39,39,39,48,48,48],"current_hp_per_floor":[70,70,63,63,62,50,50,50,60,50,37,37,33,33,33,1,80,66,66,40,55,46,25,25,10,10,4,28,14,14,72,72,31,80,73,80,80,80,80,51,51,72,72,51,51,51,66,87,87,48,87,87,87,49,18],"gold":35,"neow_bonus":"THREE_CARDS","is_daily":false,"chose_seed":false,"campfire_upgraded":8,"win_rate":0.0,"timestamp":1613494882,"path_taken":["M","M","?","$","M","E","R","?","T","E","M","R","M","?","R","BOSS","M","?","M","$","M","E","R","?","T","M","R","E","?","?","R","BOSS","M","M","?","?","?","E","R","E","T","?","?","R","M","$","R","BOSS","R","$","E","BOSS"],"items_purchased_type":["Relic","Relic","Card","Relic","Card","Relic","Relic","Relic","Potion"],"build_version":"2020-12-22","purchased_purges":3,"victory":true,"max_hp_per_floor":[70,70,70,70,70,70,70,70,80,80,80,80,80,80,80,80,80,80,80,80,80,80,80,80,80,80,80,80,80,80,80,80,80,80,80,80,80,80,80,80,80,80,80,80,80,80,80,87,87,87,87,87,87,87,87],"card_choices":[{"not_picked":["Runesmith:Repurpose","Runesmith:EarthShield"],"picked":"Runesmith:HeatExchange","floor":0},{"not_picked":["Runesmith:ShiftingStrike","Runesmith:MakeshiftArmor"],"picked":"Runesmith:UnstableHammer","floor":1},{"not_picked":["Runesmith:Discharge","Runesmith:Electrocute"],"picked":"Runesmith:RuneHurl","floor":2},{"not_picked":["Runesmith:Permafrost","Runesmith:Grindstone"],"picked":"Runesmith:HammerAndChisel","floor":5},{"not_picked":["Runesmith:Malloc","Runesmith:HammerThrow"],"picked":"Runesmith:HammerAndChisel","floor":6},{"not_picked":["Runesmith:Malloc","Runesmith:GenerateForcefield"],"picked":"Runesmith:CraftMagma","floor":10},{"not_picked":["Runesmith:Electrocute","Runesmith:Repurpose"],"picked":"Runesmith:Permafrost","floor":11},{"not_picked":["Runesmith:DoubleUp","Runesmith:Malloc"],"picked":"Runesmith:HeatExchange","floor":13},{"not_picked":["Runesmith:ArcReactor","Runesmith:CreatorForm"],"picked":"Runesmith:ReplicatingBarrier","floor":16},{"not_picked":["Runesmith:MakeshiftArmor","Runesmith:Repurpose"],"picked":"Runesmith:BackupBattery","floor":18},{"not_picked":["Runesmith:NegativeSpace","Runesmith:EarthShield"],"picked":"Runesmith:HeatedChisel+1","floor":20},{"not_picked":["Runesmith:ShiftingStrike","Runesmith:Terraform"],"picked":"Runesmith:ChaoticBlast","floor":22},{"not_picked":["Runesmith:Permafrost","Runesmith:HeatExchange"],"picked":"Runesmith:UnstableHammer+1","floor":23},{"not_picked":["Runesmith:HeatExchange","Runesmith:MakeshiftArmor"],"picked":"Runesmith:HammerThrow","floor":25},{"not_picked":["Runesmith:WhiteBalance","Runesmith:ChiselStab"],"picked":"Runesmith:Retool+1","floor":27},{"not_picked":["Runesmith:UnstableHammer","Runesmith:ShiftingStrike"],"picked":"Runesmith:CraftPrismatica","floor":29},{"not_picked":["Runesmith:BackupBattery","Runesmith:EarthShield"],"picked":"Runesmith:CraftIncendium+1","floor":31},{"not_picked":["Runesmith:CraftMedicinae","Runesmith:ArcReactor"],"picked":"Runesmith:GenerateForcefield","floor":33},{"not_picked":["Runesmith:HammerAndChisel","Runesmith:Empowerment"],"picked":"Runesmith:CraftMagma+1","floor":35},{"not_picked":["Runesmith:WhiteBalance+1","Runesmith:EnergizedChisel+1"],"picked":"Runesmith:Discharge+1","floor":36},{"not_picked":["Runesmith:CraftSpiculum","Runesmith:EarthShield+1"],"picked":"Runesmith:HeatedChisel+1","floor":40},{"not_picked":["Runesmith:ChiselStab+1","Runesmith:NegativeSpace+1"],"picked":"Runesmith:HammerThrow","floor":42},{"not_picked":["Runesmith:Retool","Runesmith:LithiumIon+1"],"picked":"Runesmith:HammerThrow+1","floor":44},{"not_picked":["Runesmith:Firestorm","Runesmith:EnergizedChisel"],"picked":"Runesmith:RunicBlueprint","floor":47},{"not_picked":["Runesmith:MakeshiftArmor","Runesmith:UnstableHammer+1"],"picked":"Runesmith:RuneHurl","floor":54}],"player_experience":311940,"relics_obtained":[{"floor":6,"key":"Vajra"},{"floor":9,"key":"Pear"},{"floor":10,"key":"MealTicket"},{"floor":23,"key":"Calipers"},{"floor":26,"key":"Gremlin Horn"},{"floor":29,"key":"aspiration:SeaSaltIceCream"},{"floor":40,"key":"Oddly Smooth Stone"},{"floor":42,"key":"Juzu Bracelet"},{"floor":43,"key":"Slimebound:StickyStick"},{"floor":44,"key":"Pocketwatch"},{"floor":54,"key":"Runesmith:Locket"}],"event_choices":[{"cards_removed":["Runesmith:Strike_RS"],"damage_healed":0,"gold_gain":0,"player_choice":"Card Removal","damage_taken":7,"max_hp_gain":0,"max_hp_loss":0,"event_name":"Golden Wing","floor":3,"gold_loss":0},{"cards_removed":["Runesmith:Strike_RS"],"damage_healed":0,"gold_gain":0,"player_choice":"Forget","damage_taken":0,"max_hp_gain":0,"max_hp_loss":0,"event_name":"Living Wall","floor":8,"gold_loss":0},{"damage_healed":0,"gold_gain":0,"cards_transformed":["Runesmith:Strike_RS"],"player_choice":"Transformed","damage_taken":0,"max_hp_gain":0,"max_hp_loss":0,"event_name":"Transmorgrifier","floor":14,"gold_loss":0,"cards_obtained":["Runesmith:HeatExchange"]},{"damage_healed":0,"gold_gain":0,"player_choice":"Got Potions","damage_taken":0,"max_hp_gain":0,"max_hp_loss":0,"event_name":"Lab","floor":30,"gold_loss":0},{"damage_healed":0,"gold_gain":0,"player_choice":"Ignored","damage_taken":0,"max_hp_gain":0,"max_hp_loss":0,"event_name":"Tomb of Lord Red Mask","floor":37,"gold_loss":0},{"cards_removed":["Runesmith:Defend_RS"],"damage_healed":0,"gold_gain":0,"player_choice":"Removed Skill","damage_taken":0,"max_hp_gain":0,"max_hp_loss":0,"event_name":"Falling","floor":38,"gold_loss":0},{"damage_healed":0,"gold_gain":0,"player_choice":"Fight","damage_taken":0,"max_hp_gain":0,"max_hp_loss":0,"event_name":"Mysterious Sphere","floor":44,"gold_loss":0}],"is_beta":false,"boss_relics":[{"not_picked":["Snecko Eye","Sozu"],"picked":"aspiration:RitualDagger"},{"not_picked":["Runesmith:CoreCrystal","Philosopher\u0027s Stone"],"picked":"expansioncontent:StudyCardRelic"}],"items_purged_floors":[4,21,39],"is_endless":false,"potions_floor_spawned":[2,5,6,10,13,18,22,25,27,33,35,40,42,44],"ascension_level":0}}