{"host":"zs3tguvuxkh90jf4","time":1613436012,"event":{"mods":["AchievementEnabler","BaseMod","Better Silent Start","Better-Laid Plans","BetterRewards","Block Reminder","Colored Map","Colored Powertips","Gold Saver","Minty Spire (QoL Compilation)","Shop Mod","StSLib","Transform Curses"],"gold_per_floor":[2633,1801,1821,1217,1187,1187,1187,1202,1228,1228,1253,1253,1273,1305,1305,1379,1379,1395,1320,713,713,263,263,294,294,294,306,382,417,332,343,343,343,343],"floor_reached":33,"language":"ENG","playtime":1401,"items_purged":["Strike_R","Defend_R"],"score":898,"play_id":"5205ffd0-70a5-4e30-9f4e-862e24089e63","local_time":"20210215164012","is_ascension_mode":true,"campfire_choices":[{"floor":7,"key":"REST"},{"data":"Entrench","floor":12,"key":"SMITH"},{"floor":15,"key":"RECALL"},{"data":"Entrench","floor":23,"key":"SMITH"},{"data":"Fire Breathing","floor":25,"key":"SMITH"},{"data":"Whirlwind","floor":32,"key":"SMITH"}],"circlet_count":0,"master_deck":["AscendersBane","Strike_R","Strike_R","Strike_R","Strike_R","Defend_R","Defend_R","Bash","Heavy Blade","Entrench+1","Fire Breathing+1","Offering","Iron Wave","Spot Weakness","Cleave","Reaper","Impervious","Ghostly Armor+1","Feel No Pain","Whirlwind","Sadistic Nature","Entrench+1","Flame Barrier","Inflame","Whirlwind+1","Perfected Strike"],"relics":["Burning Blood","Chemical X","TungstenRod","Juzu Bracelet","Gremlin Horn","Sling","Happy Flower","MerchantsRug","Blood Vial","Dream Catcher","Omamori","Pen Nib","Bag of Marbles","Calling Bell","Art of War","Pear","Gambling Chip","Membership Card","Self Forming Clay","Bag of Preparation","Bottled Lightning","Matryoshka","Lee\u0027s Waffle","Torii","The Courier","Kunai","Bottled Flame","Tiny Chest","PreservedInsect"],"acts_visited":["Exordium","TheCity"],"potions_floor_usage":[6,11,16,24],"damage_taken":[{"damage":13,"enemies":"Jaw Worm","floor":1,"turns":5},{"damage":10,"enemies":"Cultist","floor":3,"turns":4},{"damage":30,"enemies":"Lagavulin","floor":6,"turns":6},{"damage":6,"enemies":"2 Louse","floor":8,"turns":3},{"damage":9,"enemies":"3 Sentries","floor":11,"turns":4},{"damage":17,"enemies":"Large Slime","floor":13,"turns":5},{"damage":13,"enemies":"Gremlin Nob","floor":14,"turns":3},{"damage":56,"enemies":"Hexaghost","floor":16,"turns":8},{"damage":12,"enemies":"3 Byrds","floor":18,"turns":6},{"damage":35,"enemies":"Slavers","floor":24,"turns":5},{"damage":20,"enemies":"Spheric Guardian","floor":27,"turns":5},{"damage":0,"enemies":"Gremlin Leader","floor":29,"turns":2},{"damage":5,"enemies":"Centurion and Healer","floor":31,"turns":2},{"damage":107,"enemies":"Automaton","floor":33,"turns":10}],"seed_played":"-491535755152072413","potions_obtained":[{"floor":5,"key":"SmokeBomb"},{"floor":5,"key":"Strength Potion"},{"floor":11,"key":"FearPotion"},{"floor":13,"key":"SmokeBomb"},{"floor":16,"key":"Fire Potion"}],"is_trial":false,"path_per_floor":["M","$","M","$","?","E","R","M","T","?","E","R","M","E","R","B",null,"M","?","$","?","$","R","E","R","T","M","T","E","?","M","R","B"],"character_chosen":"IRONCLAD","items_purchased":["Chemical X","TungstenRod","Juzu Bracelet","Gremlin Horn","Sling","Happy Flower","Entrench","MerchantsRug","Blood Vial","Fire Breathing","Offering","Dream Catcher","Iron Wave","Membership Card","Self Forming Clay","Bag of Preparation","Feel No Pain","Whirlwind","Sadistic Nature","Bottled Lightning","Matryoshka","Lee\u0027s Waffle","Flame Barrier"],"campfire_rested":1,"item_purchase_floors":[0,0,0,2,2,2,2,2,4,4,4,4,4,20,20,20,20,20,20,22,22,22,22],"current_hp_per_floor":[45,45,41,41,41,19,41,43,43,75,72,72,67,71,71,23,72,79,79,79,79,92,92,80,80,80,68,68,76,76,83,83,0,0],"gold":343,"neow_bonus":"","is_daily":false,"chose_seed":false,"campfire_upgraded":4,"win_rate":0.0,"timestamp":1613436012,"path_taken":["M","$","M","$","?","E","R","M","T","?","E","R","M","E","R","BOSS","M","?","$","?","$","R","E","R","T","M","?","E","?","M","R","BOSS"],"items_purchased_type":["Relic","Relic","Relic","Relic","Relic","Relic","Card","Relic","Relic","Card","Card","Relic","Card","Relic","Relic","Relic","Card","Card","Card","Relic","Relic","Relic","Card"],"build_version":"2020-12-22","purchased_purges":2,"victory":false,"max_hp_per_floor":[75,75,75,75,75,75,75,75,75,75,75,75,75,75,75,75,85,85,85,85,85,92,92,92,92,92,92,92,92,92,92,92,92,92],"card_choices":[{"not_picked":["Blood for Blood","Iron Wave"],"picked":"Heavy Blade","floor":1},{"not_picked":["Wild Strike","Anger","Disarm"],"picked":"SKIP","floor":3},{"not_picked":["Sword Boomerang","Rupture"],"picked":"Spot Weakness","floor":7},{"not_picked":["Reckless Charge","True Grit"],"picked":"Cleave","floor":8},{"not_picked":["Reckless Charge","Cleave"],"picked":"Reaper","floor":11},{"not_picked":["Havoc","Iron Wave","True Grit"],"picked":"SKIP","floor":13},{"not_picked":["Fire Breathing","True Grit","Burning Pact"],"picked":"SKIP","floor":14},{"not_picked":["Double Tap","Exhume"],"picked":"Impervious","floor":16},{"not_picked":["Flex","Battle Trance"],"picked":"Ghostly Armor+1","floor":18},{"not_picked":["Wild Strike+1","Twin Strike+1"],"picked":"Inflame","floor":24},{"not_picked":["Clash","Sword Boomerang"],"picked":"Whirlwind","floor":27},{"not_picked":["Bloodletting","True Grit","Dropkick"],"picked":"SKIP","floor":29},{"not_picked":["Power Through","True Grit"],"picked":"Perfected Strike","floor":31}],"player_experience":587732,"relics_obtained":[{"floor":9,"key":"Omamori"},{"floor":11,"key":"Pen Nib"},{"floor":14,"key":"Bag of Marbles"},{"floor":17,"key":"Art of War"},{"floor":17,"key":"Pear"},{"floor":17,"key":"Gambling Chip"},{"floor":24,"key":"Torii"},{"floor":26,"key":"The Courier"},{"floor":26,"key":"Kunai"},{"floor":28,"key":"Bottled Flame"},{"floor":29,"key":"Tiny Chest"}],"event_choices":[{"damage_healed":0,"gold_gain":0,"player_choice":"Bought 2 Potions","damage_taken":0,"max_hp_gain":0,"max_hp_loss":0,"event_name":"The Woman in Blue","floor":5,"gold_loss":0},{"damage_healed":32,"gold_gain":0,"player_choice":"Full Heal","damage_taken":0,"max_hp_gain":0,"max_hp_loss":0,"event_name":"Wheel of Change","floor":10,"gold_loss":0},{"cards_removed":["Defend_R"],"damage_healed":0,"gold_gain":0,"player_choice":"Gave Gold","damage_taken":0,"max_hp_gain":0,"max_hp_loss":0,"event_name":"Beggar","floor":19,"gold_loss":75},{"damage_healed":0,"gold_gain":0,"player_choice":"Read","damage_taken":0,"max_hp_gain":0,"max_hp_loss":0,"event_name":"The Library","floor":21,"gold_loss":0,"cards_obtained":["Entrench"]},{"damage_healed":0,"gold_gain":0,"player_choice":"Obtained Relic","damage_taken":0,"relics_obtained":["PreservedInsect"],"max_hp_gain":0,"max_hp_loss":0,"event_name":"Addict","floor":30,"gold_loss":85}],"is_beta":false,"boss_relics":[{"not_picked":["Busted Crown","Pandora\u0027s Box"],"picked":"Calling Bell"}],"items_purged_floors":[20,22],"is_endless":false,"potions_floor_spawned":[6,11,13,16,18],"killed_by":"Automaton","ascension_level":20}}