{"host":"jx3f6ezc0g3s9edc","time":1613499969,"event":{"mods":["AchievementEnabler","BaseMod","Bestiary","Colored Map","Highlight Path","Minty Spire (QoL Compilation)","StSLib"],"gold_per_floor":[18,37,14,26,36,80,106,131,158,158,158,186,186,186,186,298,298,291,313,332,377,11,30,72,97,97,97,135,156,156,181,181,294,294,316,329,329,349,365,403,403,150,150,150,64,64,101,101,101,101,101],"floor_reached":50,"language":"ENG","playtime":6645,"items_purged":[],"score":594,"play_id":"ab07df4f-28be-4339-8242-0e6bc629c2bc","local_time":"20210216132609","is_ascension_mode":false,"campfire_choices":[{"floor":10.0,"key":"REST"},{"floor":13.0,"key":"REST"},{"data":"TalkToTheHand","floor":15.0,"key":"SMITH"},{"data":"Wallop","floor":27.0,"key":"SMITH"},{"data":"Eruption","floor":30.0,"key":"SMITH"},{"floor":32.0,"key":"REST"},{"data":"Ragnarok","floor":41,"key":"SMITH"},{"floor":49,"key":"RECALL"}],"circlet_count":0,"master_deck":["Defend_P","Defend_P","Defend_P","Eruption+1","Vigilance","FollowUp","TalkToTheHand+1","FlurryOfBlows","FlurryOfBlows","CutThroughFate","Ragnarok+1","Halt","SashWhip","Wallop+1","ConjureBlade","FlyingSleeves+1","Evaluate","ThirdEye","Bite","Bite","Bite","Bite","Bite","WheelKick","Judgement","LikeWater","JustLucky","DeceiveReality","Blasphemy","EmptyBody+1","ThirdEye+1","TalkToTheHand","Adaptation","Enlightenment","Study","ReachHeaven","Crescendo+1"],"relics":["PureWater","Peace Pipe","CeramicFish","Toy Ornithopter","SlaversCollar","Lee\u0027s Waffle","Blood Vial","Bag of Marbles","Ornamental Fan","Pen Nib","Snecko Eye","Centennial Puzzle","Omamori","PreservedInsect"],"acts_visited":["Exordium","TheCity","TheBeyond"],"potions_floor_usage":[40,40,47,50,50],"damage_taken":[{"damage":0.0,"enemies":"Cultist","floor":1.0,"turns":2.0},{"damage":3.0,"enemies":"Jaw Worm","floor":2.0,"turns":5.0},{"damage":2.0,"enemies":"2 Louse","floor":4.0,"turns":3.0},{"damage":7.0,"enemies":"Lots of Slimes","floor":5.0,"turns":2.0},{"damage":34.0,"enemies":"3 Sentries","floor":6.0,"turns":7.0},{"damage":8.0,"enemies":"Exordium Wildlife","floor":7.0,"turns":5.0},{"damage":12.0,"enemies":"Gremlin Gang","floor":8.0,"turns":4.0},{"damage":10.0,"enemies":"3 Louse","floor":12.0,"turns":2.0},{"damage":34.0,"enemies":"Hexaghost","floor":16.0,"turns":15.0},{"damage":4.0,"enemies":"2 Thieves","floor":18.0,"turns":4.0},{"damage":16.0,"enemies":"3 Byrds","floor":19.0,"turns":8.0},{"damage":21.0,"enemies":"Snake Plant","floor":20.0,"turns":7.0},{"damage":57.0,"enemies":"Shelled Parasite and Fungi","floor":23.0,"turns":10.0},{"damage":21.0,"enemies":"Book of Stabbing","floor":24.0,"turns":6.0},{"damage":6.0,"enemies":"Slavers","floor":28.0,"turns":7.0},{"damage":29.0,"enemies":"3 Cultists","floor":29.0,"turns":7.0},{"damage":10.0,"enemies":"Sentry and Sphere","floor":31.0,"turns":4.0},{"damage":12.0,"enemies":"Champ","floor":33.0,"turns":9.0},{"damage":28.0,"enemies":"3 Darklings","floor":35.0,"turns":9.0},{"damage":6.0,"enemies":"Orb Walker","floor":36.0,"turns":3.0},{"damage":11.0,"enemies":"Spire Growth","floor":38.0,"turns":6.0},{"damage":12,"enemies":"Transient","floor":39,"turns":5},{"damage":70,"enemies":"Giant Head","floor":40,"turns":11},{"damage":28,"enemies":"Reptomancer","floor":47,"turns":8},{"damage":34,"enemies":"Awakened One","floor":50,"turns":2}],"seed_played":"-6273988973084241984","potions_obtained":[{"floor":4.0,"key":"FairyPotion"},{"floor":5.0,"key":"SkillPotion"},{"floor":8.0,"key":"DuplicationPotion"},{"floor":19.0,"key":"Swift Potion"},{"floor":28.0,"key":"DistilledChaos"},{"floor":29.0,"key":"LiquidMemories"},{"floor":33.0,"key":"SneckoOil"},{"floor":35.0,"key":"SkillPotion"},{"floor":38.0,"key":"GamblersBrew"},{"floor":47,"key":"Ancient Potion"}],"is_trial":false,"path_per_floor":["M","M","$","M","M","E","M","M","T","R","?","M","R","?","R","B",null,"M","M","M","?","$","M","E","T","T","R","E","M","R","M","R","B",null,"M","M","?","M","M","E","R","$","T","?","$","?","E","?","R","B"],"character_chosen":"WATCHER","items_purchased":["FlurryOfBlows","Lee\u0027s Waffle","WheelKick","Blood Vial","Adaptation","Enlightenment","PowerPotion","PowerPotion","Study","ReachHeaven"],"campfire_rested":3,"item_purchase_floors":[3,22,22,22,42,42,42,42,45,45],"current_hp_per_floor":[72,69,69,67,60,26,18,6,6,27,27,17,38,38,38,4,72,68,52,31,31,57,16,16,16,16,16,24,16,16,14,31,45,57,37,42,42,43,39,24,24,24,24,24,24,24,19,19,19,0,0],"gold":101,"neow_bonus":"ONE_RARE_RELIC","is_daily":false,"chose_seed":false,"campfire_upgraded":4,"win_rate":0.0,"timestamp":1613499969,"path_taken":["M","M","?","?","M","E","M","M","T","R","?","M","R","?","R","BOSS","M","M","?","?","$","M","E","?","T","R","E","M","R","M","R","BOSS","M","M","?","M","?","E","R","$","T","?","$","?","E","?","R","BOSS"],"items_purchased_type":["Card","Relic","Card","Relic","Card","Card","Potion","Potion","Card","Card"],"build_version":"2020-12-22","purchased_purges":0,"victory":false,"max_hp_per_floor":[72,72,72,72,72,72,72,72,72,72,72,72,72,72,72,72,72,72,72,72,50,57,57,57,57,57,57,57,57,57,57,57,57,57,57,57,57,57,57,57,57,57,57,57,57,54,54,54,54,54,54],"card_choices":[{"not_picked":["CrushJoints","ClearTheMind"],"picked":"FollowUp","floor":1.0},{"not_picked":["Collect","WheelKick"],"picked":"TalkToTheHand","floor":2.0},{"not_picked":["ThirdEye","Conclude"],"picked":"FlurryOfBlows","floor":4.0},{"not_picked":["EmptyBody","ThirdEye"],"picked":"CutThroughFate","floor":5.0},{"not_picked":["FlyingSleeves","CrushJoints"],"picked":"Ragnarok","floor":6.0},{"not_picked":["EmptyMind","Prostrate"],"picked":"Halt","floor":7.0},{"not_picked":["Weave","Protect"],"picked":"SashWhip","floor":8.0},{"not_picked":["CrushJoints","FollowUp"],"picked":"Wallop","floor":12.0},{"not_picked":["DeusExMachina","Brilliance"],"picked":"ConjureBlade","floor":16.0},{"not_picked":["WaveOfTheHand","ClearTheMind"],"picked":"FlyingSleeves+1","floor":18.0},{"not_picked":["Halt","Weave"],"picked":"Evaluate","floor":19.0},{"not_picked":["EmptyFist","EmptyBody"],"picked":"ThirdEye","floor":20.0},{"not_picked":["CrushJoints","Swivel","Vengeance+1"],"picked":"SKIP","floor":23.0},{"not_picked":["FollowUp","Prostrate"],"picked":"Judgement","floor":24.0},{"not_picked":["Prostrate+1","ReachHeaven"],"picked":"LikeWater","floor":28.0},{"not_picked":["Consecrate","ReachHeaven"],"picked":"JustLucky","floor":29.0},{"not_picked":["Ragnarok","EmptyBody"],"picked":"DeceiveReality","floor":31.0},{"not_picked":["Devotion","Judgement"],"picked":"Blasphemy","floor":33.0},{"not_picked":["CrushJoints","WreathOfFlame"],"picked":"EmptyBody+1","floor":35.0},{"not_picked":["BowlingBash","Fasting2+1","Protect+1"],"picked":"SKIP","floor":36.0},{"not_picked":["BowlingBash+1","Protect+1"],"picked":"ThirdEye+1","floor":38.0},{"not_picked":["Wish","Prostrate","EmptyBody"],"picked":"SKIP","floor":39},{"not_picked":["Blasphemy","Ragnarok"],"picked":"TalkToTheHand","floor":40},{"not_picked":["Vengeance+1","Halt+1"],"picked":"Crescendo+1","floor":47}],"player_experience":859966,"relics_obtained":[{"floor":6.0,"key":"CeramicFish"},{"floor":9.0,"key":"Toy Ornithopter"},{"floor":24.0,"key":"Bag of Marbles"},{"floor":26.0,"key":"Ornamental Fan"},{"floor":28.0,"key":"Pen Nib"},{"floor":40,"key":"Centennial Puzzle"},{"floor":43,"key":"Omamori"},{"floor":47,"key":"PreservedInsect"}],"event_choices":[{"damage_healed":0.0,"max_hp_gain":0.0,"max_hp_loss":0.0,"gold_gain":0.0,"event_name":"Shining Light","player_choice":"Ignored","floor":11.0,"gold_loss":0.0,"damage_taken":0.0},{"cards_removed":["Strike_P"],"damage_healed":0.0,"max_hp_gain":0.0,"max_hp_loss":0.0,"gold_gain":0.0,"event_name":"Bonfire Elementals","player_choice":"Offered Basic","floor":14.0,"gold_loss":0.0,"damage_taken":0.0},{"damage_healed":0.0,"max_hp_gain":0.0,"max_hp_loss":22.0,"gold_gain":0.0,"event_name":"Vampires","player_choice":"Became a vampire","floor":21.0,"gold_loss":0.0,"damage_taken":0.0,"cards_obtained":["Bite","Bite","Bite","Bite","Bite"]},{"cards_removed":["Defend_P"],"damage_healed":0.0,"max_hp_gain":0.0,"max_hp_loss":0.0,"gold_gain":0.0,"event_name":"Purifier","player_choice":"Purged","floor":37.0,"gold_loss":0.0,"damage_taken":0.0},{"damage_healed":0,"gold_gain":0,"player_choice":"Ignored","damage_taken":0,"max_hp_gain":0,"max_hp_loss":0,"event_name":"Mysterious Sphere","floor":44,"gold_loss":0},{"damage_healed":0,"gold_gain":0,"player_choice":"Max HP","damage_taken":0,"max_hp_gain":0,"max_hp_loss":3,"event_name":"Winding Halls","floor":46,"gold_loss":0},{"damage_healed":0,"gold_gain":0,"player_choice":"Ignored","damage_taken":0,"max_hp_gain":0,"max_hp_loss":0,"event_name":"Tomb of Lord Red Mask","floor":48,"gold_loss":0}],"is_beta":false,"boss_relics":[{"not_picked":["Runic Pyramid","Ectoplasm"],"picked":"SlaversCollar"},{"not_picked":["Fusion Hammer","Runic Dome"],"picked":"Snecko Eye"}],"items_purged_floors":[],"is_endless":false,"potions_floor_spawned":[4,5,8,19,28,29,31,33,35,38,47],"killed_by":"Awakened One","ascension_level":0}}