{"host":"06x7ibqulglyn97c","time":1613481623,"event":{"mods":["AchievementEnabler","BaseMod","Downfall","Minty Spire (QoL Compilation)","Rare Cards Sparkle","Relic Sorter","Relic Stats","StSLib","The Awakened One except there are too many feathers"],"gold_per_floor":[99,109,109,109,119,119,119,131,165,183,195,214,214,228,245,340,340,340,351,362,121,121,121,192,192,192,203,203,203,236,253,266,363,363,363,381,395,25,25,37,91,91,101,101,101,86,86,187,198,198,198,198],"floor_reached":50,"language":"ENG","playtime":3877,"items_purged":["downfall:Icky"],"score":466,"play_id":"4b591644-5245-4b28-a31f-2e0839c1fe68","local_time":"20210216132023","is_ascension_mode":false,"campfire_choices":[{"data":"Slimebound:Split","floor":1,"key":"SMITH"},{"data":"Slimebound:LeadByExample","floor":6,"key":"SMITH"},{"data":"Slimebound:SplitBruiser","floor":13,"key":"SMITH"},{"data":"Slimebound:Teamwork","floor":18,"key":"SMITH"},{"data":"Slimebound:RallyTheTroops","floor":25,"key":"SMITH"},{"data":"Slimebound:SlimeBrawl","floor":29,"key":"SMITH"},{"data":"Slimebound:OneTwoCombo","floor":35,"key":"SMITH"},{"data":"Slimebound:Split","floor":47,"key":"SMITH"}],"circlet_count":0,"master_deck":["Slimebound:Tackle","Slimebound:Defend_Slimebound+1","Slimebound:Defend_Slimebound+1","Slimebound:Defend_Slimebound","Slimebound:Defend_Slimebound+1","Slimebound:Split+1","Slimebound:CorrosiveSpit","Slimebound:SplitBruiser+1","Slimebound:LeadByExample+1","Slimebound:GrowthPunch","Slimebound:Equalize","Slimebound:SlimeSpikes","Slimebound:Teamwork+1","Slimebound:RejuvenatingLick+1","Slimebound:Nibble+1","Slimebound:SplitLeeching+1","Slimebound:RallyTheTroops+1","Slimebound:GoopSpray+1","Slimebound:OneTwoCombo+1","Slimebound:PressTheAttack+1","expansioncontent:Chronoboost","Slimebound:SplitMire+1","Slimebound:PressTheAttack","Slimebound:Split+1","Slimebound:Repurpose+1"],"relics":["Slimebound:AbsorbEndCombat","Gremlin Horn","MealTicket","Astrolabe","downfall:RedIOU","White Beast Statue","Happy Flower","SacredBark","Mummified Hand","Anchor","Kunai"],"acts_visited":["Exordium","TheCity","TheBeyond"],"potions_floor_usage":[11,14,16,21,30,31,50,50,50],"damage_taken":[{"damage":1,"enemies":"Jaw Worm","floor":2,"turns":3},{"damage":3,"enemies":"2 Louse","floor":5,"turns":3},{"damage":2,"enemies":"Small Slimes","floor":8,"turns":3},{"damage":31,"enemies":"Gremlin Nob","floor":9,"turns":5},{"damage":2,"enemies":"downfall:LooterAlt","floor":10,"turns":4},{"damage":0,"enemies":"3 Louse","floor":11,"turns":4},{"damage":3,"enemies":"Blue Slaver","floor":12,"turns":4},{"damage":5,"enemies":"Red Slaver","floor":14,"turns":2},{"damage":8,"enemies":"Large Slime","floor":15,"turns":5},{"damage":12,"enemies":"SI_SHIV_ARCHETYPE","floor":16,"turns":7},{"damage":21,"enemies":"Spheric Guardian","floor":19,"turns":4},{"damage":3,"enemies":"3 Byrds","floor":20,"turns":3},{"damage":0,"enemies":"downfall:FleeingMerchant","floor":21,"turns":4},{"damage":14,"enemies":"3 Cultists","floor":27,"turns":5},{"damage":63,"enemies":"Gremlin Leader","floor":30,"turns":5},{"damage":0,"enemies":"Centurion and Healer","floor":31,"turns":4},{"damage":7,"enemies":"Cultist and Chosen","floor":32,"turns":5},{"damage":14,"enemies":"WA_ARCHETYPE_CALM","floor":33,"turns":16},{"damage":2,"enemies":"3 Darklings","floor":36,"turns":4},{"damage":0,"enemies":"Orb Walker","floor":37,"turns":3},{"damage":0,"enemies":"downfall:FleeingMerchant","floor":38,"turns":4},{"damage":16,"enemies":"Maw","floor":40,"turns":10},{"damage":8,"enemies":"Sphere and 2 Shapes","floor":43,"turns":4},{"damage":26,"enemies":"Sphere and 2 Shapes","floor":45,"turns":5},{"damage":3,"enemies":"downfall:FleeingMerchant","floor":46,"turns":4},{"damage":0,"enemies":"downfall:FleeingMerchant","floor":48,"turns":1},{"damage":11,"enemies":"3 Darklings","floor":49,"turns":4},{"damage":69,"enemies":"DF_ARCHETYPE_ORBS","floor":50,"turns":5}],"seed_played":"6834307126973979016","potions_obtained":[{"floor":5,"key":"Guardian:BlockOnCardUsePotion"},{"floor":8,"key":"Slimebound:SlimyTonguePotion"},{"floor":10,"key":"Fire Potion"},{"floor":12,"key":"SkillPotion"},{"floor":14,"key":"Slimebound:SlimedPotion"},{"floor":16,"key":"PowerPotion"},{"floor":26,"key":"CultistPotion"},{"floor":27,"key":"LiquidBronze"},{"floor":30,"key":"champ:CounterPotion"},{"floor":31,"key":"sneckomod:MuddlingPotion"}],"is_trial":false,"path_per_floor":["R","M","?","?","M","R","T","M","E","M","M","M","R","M","M","B",null,"R","M","M","$","?","?","T","R","?","M","?","R","E","M","M","B",null,"R","M","M","$","?","M","T","?","M","?","?","$","R","$","M","B"],"character_chosen":"SLIMEBOUND","items_purchased":["Slimebound:AggressiveSlimeRelic","Mummified Hand","expansioncontent:Chronoboost","Kunai"],"campfire_rested":0,"item_purchase_floors":[21,38,38,48],"current_hp_per_floor":[71,71,71,71,70,70,70,70,41,45,47,50,50,49,47,47,71,71,58,63,71,71,71,71,71,71,61,61,61,4,20,23,25,71,71,69,71,71,71,61,61,61,61,61,43,68,68,71,60,0,0,0],"gold":198,"neow_bonus":"TEN_PERCENT_HP_BONUS","is_daily":false,"chose_seed":false,"campfire_upgraded":8,"win_rate":0.0,"timestamp":1613481623,"path_taken":["R","M","?","?","M","R","T","M","E","M","?","M","R","M","M","BOSS","R","M","M","$","?","?","T","R","?","M","?","R","E","?","M","BOSS","R","M","M","$","?","?","T","?","?","?","?","$","R","$","M","BOSS"],"items_purchased_type":["Relic","Relic","Card","Relic"],"build_version":"2020-12-22","purchased_purges":1,"victory":false,"max_hp_per_floor":[71,71,71,71,71,71,71,71,71,71,71,71,71,71,71,71,71,71,71,71,71,71,71,71,71,71,71,71,71,71,71,71,71,71,71,71,71,71,71,71,71,71,71,71,71,71,71,71,71,71,71,71],"relic_stats":{"Gremlin Horn":[18,18],"Happy Flower":[23],"counters":[28,123],"Mummified Hand":[9],"Astrolabe":["Slimebound:RejuvenatingLick","Slimebound:Nibble","downfall:Icky"],"MealTicket":26,"Kunai":[3],"obtain_stats":[{"Slimebound:AggressiveSlimeRelic":21,"Anchor":41,"Gremlin Horn":7,"Happy Flower":30,"Mummified Hand":38,"Astrolabe":17,"SacredBark":34,"MealTicket":9,"downfall:RedIOU":23,"Slimebound:AbsorbEndCombat":0,"Kunai":48,"White Beast Statue":24},{"Slimebound:AggressiveSlimeRelic":13,"Anchor":22,"Gremlin Horn":2,"Happy Flower":15,"Mummified Hand":21,"Astrolabe":10,"SacredBark":18,"MealTicket":4,"downfall:RedIOU":13,"Slimebound:AbsorbEndCombat":0,"Kunai":26,"White Beast Statue":13},{"Slimebound:AggressiveSlimeRelic":47,"Anchor":101,"Gremlin Horn":6,"Happy Flower":55,"Mummified Hand":91,"Astrolabe":36,"SacredBark":80,"MealTicket":13,"downfall:RedIOU":47,"Slimebound:AbsorbEndCombat":0,"Kunai":114,"White Beast Statue":47}]},"card_choices":[{"not_picked":["Slimebound:ItLooksTasty","Slimebound:SlimeTap"],"picked":"Slimebound:SplitBruiser","floor":2},{"not_picked":["Slimebound:Repurpose","Slimebound:SplitBruiser"],"picked":"Slimebound:LeadByExample","floor":5},{"not_picked":["Slimebound:LeechEnergy","Slimebound:ProtectTheBoss"],"picked":"Slimebound:GrowthPunch","floor":8},{"not_picked":["Slimebound:DuplicatedForm","Slimebound:BestDefense","Slimebound:Prepare"],"picked":"SKIP","floor":9},{"not_picked":["Slimebound:ItLooksTasty","Slimebound:LeechEnergy","Slimebound:FinishingTackle"],"picked":"SKIP","floor":10},{"not_picked":["Slimebound:ComboTackle","Slimebound:BestDefense"],"picked":"Slimebound:Equalize","floor":11},{"not_picked":["Slimebound:FlameTackle","Slimebound:RainOfGoop","Slimebound:LeechingTouch"],"picked":"SKIP","floor":12},{"not_picked":["Slimebound:LeadByExample","Slimebound:TongueLash"],"picked":"Slimebound:SlimeSpikes","floor":14},{"not_picked":["Slimebound:DisruptingSlam","Slimebound:RejuvenatingLick","Slimebound:GoopTackle"],"picked":"SKIP","floor":15},{"not_picked":["Slimebound:WasteNot","Slimebound:FirmFortitude"],"picked":"Slimebound:Teamwork","floor":16},{"not_picked":["Slimebound:ItLooksTasty+1","Slimebound:LeechingTouch"],"picked":"Slimebound:SlimeBrawl","floor":19},{"not_picked":["Slimebound:GoopTackle","Slimebound:SlimeSpikes","Slimebound:SamplingLick+1"],"picked":"SKIP","floor":20},{"not_picked":["Slimebound:HauntingLick","Slimebound:SamplingLick"],"picked":"Slimebound:SplitLeeching+1","floor":21},{"not_picked":["Slimebound:ComboTackle","Slimebound:SplitMire+1","Slimebound:RollThrough"],"picked":"SKIP","floor":27},{"not_picked":["Slimebound:SamplingLick","Slimebound:FinishingTackle"],"picked":"Slimebound:GoopSpray+1","floor":30},{"not_picked":["Slimebound:SlimeSlap","Slimebound:MegaLick","Slimebound:Gluttony"],"picked":"SKIP","floor":31},{"not_picked":["Slimebound:LeechingTouch+1","Slimebound:DisruptingSlam","Slimebound:GoopTackle"],"picked":"SKIP","floor":32},{"not_picked":["Slimebound:Overexert","Slimebound:SlimeSlap"],"picked":"Slimebound:OneTwoCombo","floor":33},{"not_picked":["Slimebound:LeechEnergy+1","Slimebound:Schlurp"],"picked":"Slimebound:PressTheAttack+1","floor":36},{"not_picked":["Slimebound:SlimeTap","Slimebound:SamplingLick+1","Slimebound:ViciousTackle"],"picked":"SKIP","floor":37},{"not_picked":["Slimebound:RollThrough+1","Slimebound:FormOfPuddle","Slimebound:LivingWall+1"],"picked":"SKIP","floor":38},{"not_picked":["Slimebound:SplitLeeching+1","Slimebound:Chomp"],"picked":"Slimebound:SplitMire+1","floor":40},{"not_picked":["Slimebound:DisruptingSlam","Slimebound:Replication+1"],"picked":"Slimebound:Repurpose+1","floor":43},{"not_picked":["Slimebound:ItLooksTasty+1","Slimebound:SlimeSlap","Slimebound:RollThrough+1"],"picked":"SKIP","floor":46},{"not_picked":["Slimebound:ItLooksTasty","Slimebound:Schlurp","Slimebound:SplitLeeching"],"picked":"SKIP","floor":48},{"not_picked":["Slimebound:ComboTackle+1","Slimebound:LeadByExample","Slimebound:Equalize+1"],"picked":"SKIP","floor":49}],"player_experience":699140,"relics_obtained":[{"floor":7,"key":"Gremlin Horn"},{"floor":9,"key":"MealTicket"},{"floor":24,"key":"White Beast Statue"},{"floor":30,"key":"Happy Flower"},{"floor":41,"key":"Anchor"}],"event_choices":[{"damage_healed":0,"gold_gain":0,"player_choice":"Read","damage_taken":0,"max_hp_gain":0,"max_hp_loss":0,"event_name":"The Library","floor":22,"gold_loss":0,"cards_obtained":["Slimebound:RallyTheTroops"]},{"cards_removed":["Slimebound:SlimeBrawl"],"damage_healed":0,"gold_gain":0,"player_choice":"Offered Uncommon","damage_taken":0,"max_hp_gain":0,"max_hp_loss":0,"event_name":"Bonfire Elementals","floor":39,"gold_loss":0},{"damage_healed":0,"gold_gain":0,"player_choice":"Ignored","damage_taken":0,"max_hp_gain":0,"max_hp_loss":0,"event_name":"Mysterious Sphere","floor":44,"gold_loss":0}],"is_beta":false,"boss_relics":[{"not_picked":["Busted Crown","Snecko Eye"],"picked":"Astrolabe"},{"not_picked":["Tiny House","Pandora\u0027s Box"],"picked":"SacredBark"}],"items_purged_floors":[21],"is_endless":false,"potions_floor_spawned":[5,8,10,12,14,16,19,27,30,31,32,33,36,37,38,40,43,45,46,48,49],"killed_by":"DF_ARCHETYPE_ORBS","ascension_level":0}}