{"host":"r081svdj6e9i7zze","time":1613450454,"event":{"mods":["AchievementEnabler","BaseMod","Colored Map","Minty Spire (QoL Compilation)","SuperFastMode"],"gold_per_floor":[109,124,142,142,417,417,436,436,436,4,20,20,52,13,13,109,109,128,128,162,178,28,28,28,48,48,60,60,60,70,90,90,90,90],"floor_reached":33,"language":"KOR","playtime":1533,"items_purged":["Regret"],"score":297,"play_id":"335d1dd0-fbfb-44fe-8e3d-03cfac72e8c7","local_time":"20210216134054","is_ascension_mode":false,"campfire_choices":[{"data":"Blade Dance","floor":6,"key":"SMITH"},{"data":"Neutralize","floor":8,"key":"SMITH"},{"data":"Blade Dance","floor":15,"key":"SMITH"},{"data":"Flechettes","floor":23,"key":"SMITH"},{"data":"Dagger Spray","floor":24,"key":"SMITH"},{"floor":29,"key":"REST"},{"floor":32,"key":"REST"}],"circlet_count":0,"master_deck":["Strike_G","Strike_G","Strike_G","Strike_G","Defend_G","Defend_G","Defend_G","Defend_G","Survivor","Neutralize+1","Poisoned Stab","Blade Dance+1","Bane","Backflip","Slice","Blade Dance+1","All Out Attack","Leg Sweep","Corpse Explosion","Reflex","Flechettes+1","Dagger Spray+1","Dagger Throw+1","Slice","Defend_G","Infinite Blades+1","Blur"],"relics":["Ring of the Snake","NeowsBlessing","Unceasing Top","Lizard Tail","WingedGreaves","Velvet Choker","Red Mask","Oddly Smooth Stone","Matryoshka"],"acts_visited":["Exordium","TheCity"],"potions_floor_usage":[16,20,27,33,33,33],"damage_taken":[{"damage":0,"enemies":"2 Louse","floor":1,"turns":1},{"damage":0,"enemies":"Cultist","floor":2,"turns":1},{"damage":0,"enemies":"Jaw Worm","floor":3,"turns":1},{"damage":4,"enemies":"Blue Slaver","floor":7,"turns":2},{"damage":6,"enemies":"Exordium Wildlife","floor":11,"turns":2},{"damage":25,"enemies":"3 Sentries","floor":13,"turns":7},{"damage":0,"enemies":"Slime Boss","floor":16,"turns":5},{"damage":18,"enemies":"Spheric Guardian","floor":18,"turns":7},{"damage":7,"enemies":"Masked Bandits","floor":20,"turns":3},{"damage":5,"enemies":"Chosen","floor":21,"turns":5},{"damage":24,"enemies":"Shelled Parasite and Fungi","floor":25,"turns":7},{"damage":12,"enemies":"Sentry and Sphere","floor":27,"turns":4},{"damage":27,"enemies":"Cultist and Chosen","floor":30,"turns":7},{"damage":24,"enemies":"Centurion and Healer","floor":31,"turns":8},{"damage":54,"enemies":"Automaton","floor":33,"turns":6}],"seed_played":"-8374612192441173964","potions_obtained":[{"floor":11,"key":"Explosive Potion"},{"floor":13,"key":"ColorlessPotion"},{"floor":16,"key":"GamblersBrew"},{"floor":21,"key":"Block Potion"},{"floor":27,"key":"DuplicationPotion"},{"floor":30,"key":"SneckoOil"}],"is_trial":false,"path_per_floor":["M","M","M","?","?","R","M","R","T","$","M","$","E","$","R","B",null,"M","?","?","M","$","R","R","M","T","M","?","R","M","M","R","B"],"character_chosen":"THE_SILENT","items_purchased":["Lizard Tail","Slice","Leg Sweep","Oddly Smooth Stone"],"campfire_rested":2,"item_purchase_floors":[10,10,14,22],"current_hp_per_floor":[70,70,70,63,63,63,59,59,59,59,53,53,28,28,28,28,70,52,52,45,40,40,40,40,16,16,4,4,25,35,11,32,0,0],"gold":90,"neow_bonus":"THREE_ENEMY_KILL","is_daily":false,"chose_seed":false,"campfire_upgraded":5,"win_rate":0.0,"timestamp":1613450454,"path_taken":["M","M","M","?","?","R","?","R","T","$","M","$","E","?","R","BOSS","M","?","?","M","$","R","R","M","T","?","?","R","M","M","R","BOSS"],"items_purchased_type":["Relic","Card","Card","Relic"],"build_version":"2020-12-22","purchased_purges":1,"victory":false,"max_hp_per_floor":[70,70,70,70,70,70,70,70,70,70,70,70,70,70,70,70,70,70,70,70,70,70,70,70,70,70,70,70,70,70,70,70,70,70],"card_choices":[{"not_picked":["Outmaneuver","Flying Knee"],"picked":"Poisoned Stab","floor":1},{"not_picked":["Choke","Acrobatics"],"picked":"Blade Dance","floor":2},{"not_picked":["Sucker Punch","Expertise"],"picked":"Bane","floor":3},{"not_picked":["Expertise","Dagger Throw"],"picked":"Backflip","floor":7},{"not_picked":["Dodge and Roll","Glass Knife"],"picked":"Blade Dance","floor":11},{"not_picked":["Well Laid Plans","Bane"],"picked":"All Out Attack","floor":13},{"not_picked":["Die Die Die","Bullet Time"],"picked":"Corpse Explosion","floor":16},{"not_picked":["Deadly Poison","Distraction"],"picked":"Reflex","floor":18},{"not_picked":["Deadly Poison+1","Flying Knee+1"],"picked":"Flechettes","floor":20},{"not_picked":["Backflip","Masterful Stab"],"picked":"Dagger Spray","floor":21},{"not_picked":["Outmaneuver","Dodge and Roll"],"picked":"Dagger Throw+1","floor":25},{"not_picked":["Acrobatics","Flying Knee"],"picked":"Slice","floor":27},{"not_picked":["Calculated Gamble","Die Die Die"],"picked":"Infinite Blades+1","floor":30},{"not_picked":["PiercingWail","Slice"],"picked":"Blur","floor":31}],"player_experience":63431,"relics_obtained":[{"floor":9,"key":"Unceasing Top"},{"floor":13,"key":"WingedGreaves"},{"floor":20,"key":"Red Mask"},{"floor":26,"key":"Matryoshka"}],"event_choices":[{"cards_removed":["Strike_G"],"damage_healed":0,"gold_gain":0,"player_choice":"Card Removal","damage_taken":7,"max_hp_gain":0,"max_hp_loss":0,"event_name":"Golden Wing","floor":4,"gold_loss":0},{"damage_healed":0,"gold_gain":275,"player_choice":"Desecrate","damage_taken":0,"max_hp_gain":0,"max_hp_loss":0,"event_name":"Golden Shrine","floor":5,"gold_loss":0,"cards_obtained":["Regret"]},{"damage_healed":0,"gold_gain":0,"player_choice":"Ignored","damage_taken":0,"max_hp_gain":0,"max_hp_loss":0,"event_name":"Vampires","floor":19,"gold_loss":0},{"damage_healed":0,"gold_gain":0,"player_choice":"Fought Bandits","damage_taken":0,"max_hp_gain":0,"max_hp_loss":0,"event_name":"Masked Bandits","floor":20,"gold_loss":0},{"cards_removed":["Defend_G"],"damage_healed":0,"gold_gain":0,"player_choice":"Took Card","damage_taken":0,"max_hp_gain":0,"max_hp_loss":0,"event_name":"NoteForYourself","floor":28,"gold_loss":0,"cards_obtained":["Defend_G"]}],"is_beta":false,"boss_relics":[{"not_picked":["Tiny House","Cursed Key"],"picked":"Velvet Choker"}],"items_purged_floors":[10],"is_endless":false,"potions_floor_spawned":[11,13,16,21,27,30],"killed_by":"Automaton","ascension_level":0}}