{"host":"7jl4uf745pjtflnx","time":1613470727,"event":{"mods":["BaseMod","BetterRewards","Hubris","Minty Spire (QoL Compilation)","Reliquary","Replay The Spire","StSLib","SuperFastMode","The Construct"],"gold_per_floor":[118,129,141,153,172,172,172],"floor_reached":6,"language":"ENG","playtime":273,"items_purged":["Clumsy"],"score":60,"play_id":"f8211131-3935-4c0d-9419-707b7d2e1b4e","local_time":"20210216051847","is_ascension_mode":true,"campfire_choices":[],"circlet_count":0,"master_deck":["AscendersBane","Strike_G","Strike_G","Strike_G","Strike_G","Strike_G","Defend_G","Defend_G","Defend_G","Defend_G","Defend_G","Survivor","Neutralize","Panacea+1","Blur+1","Escape Plan+1","Hidden Blade+1","Dagger Spray","Dodge and Roll+1","Prepared+1","Burst+1","Cloak And Dagger+1"],"relics":["Ring of the Snake","ReplayTheSpireMod:CursedCoin","Toxic Egg 2"],"acts_visited":["Exordium"],"potions_floor_usage":[6],"damage_taken":[{"damage":3,"enemies":"Small Slimes","floor":1,"turns":6},{"damage":0,"enemies":"2 Louse","floor":2,"turns":3},{"damage":0,"enemies":"Cultist","floor":3,"turns":5},{"damage":0,"enemies":"Red Slaver","floor":4,"turns":5},{"damage":5,"enemies":"3 Louse","floor":5,"turns":4},{"damage":39,"enemies":"Gremlin Nob","floor":6,"turns":5}],"seed_played":"8155967276933480489","potions_obtained":[{"floor":1,"key":"FearPotion"}],"is_trial":false,"path_per_floor":["M","M","M","M","M","E"],"character_chosen":"THE_SILENT","items_purchased":["ReplayTheSpireMod:CursedCoin","Toxic Egg 2","Panacea+1","Blur+1","Escape Plan+1","Hidden Blade+1"],"campfire_rested":0,"item_purchase_floors":[0,0,0,0,0,0],"current_hp_per_floor":[41,41,41,41,36,0,0],"gold":172,"neow_bonus":"","is_daily":false,"chose_seed":false,"campfire_upgraded":0,"win_rate":0.0,"timestamp":1613470727,"path_taken":["M","M","M","M","M","E"],"items_purchased_type":["Relic","Relic","Card","Card","Card","Card"],"build_version":"2020-12-22","purchased_purges":1,"victory":false,"max_hp_per_floor":[70,70,70,70,70,70,70],"card_choices":[{"not_picked":["Finisher","hubris:Sniper+1"],"picked":"Dagger Spray","floor":1},{"not_picked":["Bane","Draining Mist+1"],"picked":"Dodge and Roll+1","floor":2},{"not_picked":["Bane","Quick Slash"],"picked":"Prepared+1","floor":3},{"not_picked":["Endless Agony","Reflex+1"],"picked":"Burst+1","floor":4},{"not_picked":["Flying Knee","Backflip+1"],"picked":"Cloak And Dagger+1","floor":5}],"player_experience":837811,"relics_obtained":[],"event_choices":[],"is_beta":false,"boss_relics":[],"items_purged_floors":[0],"is_endless":false,"potions_floor_spawned":[1],"killed_by":"Gremlin Nob","ascension_level":10}}