{"host":"4gkev1dtxxhiue3x","time":1613492426,"event":{"mods":["AchievementEnabler","BaseMod","Better Altar","Better Match","Better Note","Better Sensory Stone","Better Skull","Better Third Choice","Colored Powertips","Downfall","Friendly Minions","Hermit","Minty Spire (QoL Compilation)","Relic Stats","Robot Space Explorer","Shop Mod","StSLib","The Construct","The Disciple","The Hierophant"],"gold_per_floor":[349,360,372,79,95,112,112,112,127,144,144,175,75,92,110,205,205,205,222,235,86,86,86,86,32,32,32,43,43,143,169,183,183,183,183],"floor_reached":33,"language":"ENG","playtime":3223,"items_purged":["Doubt","Slimebound:Strike_Slimebound"],"score":294,"play_id":"70cc6a99-d0ac-47b5-bd3a-e697e9e22a97","local_time":"20210216172026","is_ascension_mode":false,"campfire_choices":[{"floor":1.0,"key":"RECALL"},{"floor":13.0,"key":"REST"},{"data":"Slimebound:Strike_Slimebound","floor":18,"key":"PURGE"},{"floor":23,"key":"REST"},{"floor":26,"key":"REST"}],"circlet_count":0,"master_deck":["Slimebound:Tackle","Slimebound:Defend_Slimebound","Slimebound:Defend_Slimebound","Slimebound:Defend_Slimebound","Slimebound:Defend_Slimebound","Slimebound:Split","Slimebound:CorrosiveSpit","Slimebound:SplitBruiser","Slimebound:Grow","Slimebound:SlimeTap","Slimebound:GoopTackle","Slimebound:MassFeed","Slimebound:Chomp","Slimebound:SplitAcid","Slimebound:PrepareCrush","Slimebound:RollThrough+1","Slimebound:ComboTackle+1","Slimebound:DuplicatedForm","Slimebound:DisruptingSlam+1","Slimebound:LivingWall","Slimebound:LeadByExample","Slimebound:SplitLeeching+1","Slimebound:ProtectTheBoss","Slimebound:Schlurp","Ghostly","Ghostly","Ghostly","Ghostly","Ghostly","Slimebound:MegaLick","Slimebound:ForwardTackle+1"],"relics":["Slimebound:AbsorbEndCombat","Sling","Slimebound:ScrapOozeRelic","Molten Egg 2","downfall:HeartBlessingRed","construct:ClawGrip","The Courier"],"acts_visited":["Exordium","TheCity"],"potions_floor_usage":[33,33],"damage_taken":[{"damage":3.0,"enemies":"2 Louse","floor":2.0,"turns":3.0},{"damage":4.0,"enemies":"Cultist","floor":3.0,"turns":3.0},{"damage":0.0,"enemies":"downfall:FleeingMerchant","floor":4.0,"turns":4.0},{"damage":10.0,"enemies":"Jaw Worm","floor":5.0,"turns":3.0},{"damage":16.0,"enemies":"Exordium Thugs","floor":6.0,"turns":2.0},{"damage":25.0,"enemies":"Exordium Wildlife","floor":9.0,"turns":5.0},{"damage":4.0,"enemies":"2 Fungi Beasts","floor":10.0,"turns":3.0},{"damage":17.0,"enemies":"3 Sentries","floor":12.0,"turns":6.0},{"damage":0.0,"enemies":"Large Slime","floor":14.0,"turns":3.0},{"damage":4.0,"enemies":"3 Louse","floor":15.0,"turns":3.0},{"damage":18.0,"enemies":"IC_STATUS_ARCHETYPE","floor":16.0,"turns":5.0},{"damage":35,"enemies":"3 Byrds","floor":19,"turns":3},{"damage":21,"enemies":"Shell Parasite","floor":20,"turns":3},{"damage":28,"enemies":"downfall:FleeingMerchant","floor":21,"turns":4},{"damage":23,"enemies":"downfall:FleeingMerchant","floor":25,"turns":4},{"damage":19,"enemies":"Snecko","floor":28,"turns":4},{"damage":7,"enemies":"Book of Stabbing","floor":31,"turns":6},{"damage":10,"enemies":"3 Cultists","floor":32,"turns":5},{"damage":40,"enemies":"DF_ARCHETYPE_CLAW","floor":33,"turns":6}],"seed_played":"945244686539113991","potions_obtained":[{"floor":2.0,"key":"bronze:BurnAndBuffPotion"},{"floor":12.0,"key":"Dexterity Potion"},{"floor":14.0,"key":"hexamod:SoulburnPotion"},{"floor":15.0,"key":"construct:ShiftPotion"},{"floor":16.0,"key":"GamblersBrew"},{"floor":19,"key":"SteroidPotion"},{"floor":20,"key":"PowerPotion"}],"is_trial":false,"path_per_floor":["R","M","M","$","M","M","T","?","M","M","?","E","R","M","M","B",null,"R","M","M","$","?","R","T","$","R","?","M","?","?","E","M","B"],"character_chosen":"SLIMEBOUND","items_purchased":["Sling","Block Potion","Slimebound:LeadByExample","Slimebound:ProtectTheBoss"],"campfire_rested":3,"item_purchase_floors":[4,4,21,25],"current_hp_per_floor":[65,64,61,63,55,39,39,39,19,20,20,6,28,30,31,18,80,80,50,31,22,22,46,46,25,49,49,49,41,41,40,34,0,0,0],"gold":183,"neow_bonus":"TWO_FIFTY_GOLD","is_daily":false,"chose_seed":false,"campfire_upgraded":0,"win_rate":0.0,"timestamp":1613492426,"path_taken":["R","M","M","$","M","M","T","?","M","?","?","E","R","M","M","BOSS","R","M","M","$","?","R","T","$","R","?","?","?","?","E","M","BOSS"],"items_purchased_type":["Relic","Potion","Card","Card"],"build_version":"2020-12-22","purchased_purges":2,"victory":false,"max_hp_per_floor":[65,65,65,65,65,65,65,65,68,71,71,74,74,74,77,80,80,80,83,83,83,83,83,83,83,83,83,83,41,41,41,41,41,41,41],"relic_stats":{"counters":[19,74],"obtain_stats":[{"Nunchaku":7,"construct:ClawGrip":17,"Slimebound:ScrapOozeRelic":11,"downfall:HeartBlessingRed":13,"Molten Egg 2":12,"The Courier":31,"Slimebound:AbsorbEndCombat":0,"Sling":4},{"Nunchaku":5,"construct:ClawGrip":11,"Slimebound:ScrapOozeRelic":7,"downfall:HeartBlessingRed":8,"Molten Egg 2":8,"The Courier":17,"Slimebound:AbsorbEndCombat":0,"Sling":3},{"Nunchaku":14,"construct:ClawGrip":39,"Slimebound:ScrapOozeRelic":22,"downfall:HeartBlessingRed":28,"Molten Egg 2":28,"The Courier":63,"Slimebound:AbsorbEndCombat":0,"Sling":9}]},"card_choices":[{"not_picked":["Slimebound:LeechEnergy","Slimebound:SplitAcid"],"picked":"Slimebound:SplitBruiser","floor":2.0},{"not_picked":["Slimebound:PressTheAttack","Slimebound:ComboTackle"],"picked":"Slimebound:Grow","floor":3.0},{"not_picked":["Slimebound:Dissolve","Slimebound:MassFeed"],"picked":"Slimebound:SlimeTap","floor":4.0},{"not_picked":["Slimebound:SamplingLick","Slimebound:LeechEnergy"],"picked":"Slimebound:GoopTackle","floor":5.0},{"not_picked":["Slimebound:Replication","Slimebound:ComboTackle"],"picked":"Slimebound:MassFeed","floor":6.0},{"not_picked":["Slimebound:Dissolve","Slimebound:LeechingTouch"],"picked":"Slimebound:Chomp","floor":9.0},{"not_picked":["Slimebound:FormOfPuddle","Slimebound:LeechingTouch"],"picked":"Slimebound:SplitAcid","floor":10.0},{"not_picked":["Slimebound:RainOfGoop","Slimebound:FinishingTackle+1"],"picked":"Slimebound:PrepareCrush","floor":12.0},{"not_picked":["Slimebound:SplitBruiser","Slimebound:GoopSpray"],"picked":"Slimebound:RollThrough+1","floor":14.0},{"not_picked":["Slimebound:GoopTackle+1","Slimebound:FinishingTackle+1"],"picked":"Slimebound:ComboTackle+1","floor":15.0},{"not_picked":["Slimebound:SelfFormingGoo","Slimebound:LeechLife+1"],"picked":"Slimebound:DuplicatedForm","floor":16.0},{"not_picked":["Slimebound:SplitAcid+1","Slimebound:FormOfPuddle"],"picked":"Slimebound:DisruptingSlam+1","floor":19},{"not_picked":["Slimebound:ForwardTackle+1","Slimebound:Chomp+1","Slimebound:DisruptingSlam+1"],"picked":"SKIP","floor":20},{"not_picked":["Slimebound:LeechEnergy+1","Slimebound:Chomp+1"],"picked":"Slimebound:LivingWall","floor":21},{"not_picked":["Slimebound:LeadByExample+1","Slimebound:ItLooksTasty+1"],"picked":"Slimebound:SplitLeeching+1","floor":25},{"not_picked":["Slimebound:LevelUp","Slimebound:DisruptingSlam+1"],"picked":"Slimebound:Schlurp","floor":28},{"not_picked":["Slimebound:ItLooksTasty+1","Slimebound:Schlurp"],"picked":"Slimebound:MegaLick","floor":31},{"not_picked":["Slimebound:ViciousTackle+1","Slimebound:SplitLeeching"],"picked":"Slimebound:ForwardTackle+1","floor":32}],"player_experience":180409,"relics_obtained":[{"floor":7.0,"key":"Nunchaku"},{"floor":12.0,"key":"Molten Egg 2"},{"floor":31,"key":"The Courier"}],"event_choices":[{"cards_removed":["Slimebound:DuplicatedForm"],"damage_healed":0,"gold_gain":0,"player_choice":"Give","damage_taken":0,"max_hp_gain":0,"max_hp_loss":0,"event_name":"betterNote:BetterNote","floor":22,"gold_loss":0,"cards_obtained":["Bash"]},{"cards_removed":["Slimebound:Strike_Slimebound"],"damage_healed":0,"gold_gain":0,"player_choice":"Offered Basic","damage_taken":0,"max_hp_gain":0,"max_hp_loss":0,"event_name":"Bonfire Elementals","floor":27,"gold_loss":0},{"damage_healed":0,"gold_gain":0,"player_choice":"Became a Ghost","damage_taken":0,"max_hp_gain":0,"max_hp_loss":42,"event_name":"Ghosts","floor":29,"gold_loss":0,"cards_obtained":["Ghostly","Ghostly","Ghostly","Ghostly","Ghostly"]}],"is_beta":false,"boss_relics":[{"not_picked":["SacredBark","Cursed Key"],"picked":"construct:ClawGrip"}],"items_purged_floors":[4,21],"is_endless":false,"potions_floor_spawned":[2,12,14,15,16,19,20,32],"killed_by":"DF_ARCHETYPE_CLAW","ascension_level":0}}