{"host":"dn6kke80v5f7isus","time":1613517113,"event":{"mods":["AchievementEnabler","Act Like it!","Astrologer","BaseMod","Colored Powertips","Custom Start","Defuse TimeMaze Blight","Energized Spire","Gremlin Skip","Highlight Path","Hubris","Infinite Spire","Marisa????????","Marked Mod","Minty Spire (QoL Compilation)","Quick Restart","Rare Cards Sparkle","Reliquary","Replay The Spire","StSLib","The Servant 0.9.4","Uncapped","Unceasing Turn Reminder"],"gold_per_floor":[114,127,127,143,169,195,0,13,13,13,33,33,33,33],"floor_reached":13,"language":"ENG","playtime":725,"items_purged":["Strike_P"],"score":85,"play_id":"144e5d70-89dc-43f2-b5bf-975e64d352c6","local_time":"20210216181153","is_ascension_mode":false,"campfire_choices":[{"floor":10.0,"key":"REST"}],"circlet_count":0,"master_deck":["Strike_P","Strike_P","Strike_P","Defend_P","Defend_P","Defend_P","Defend_P","Eruption","Vigilance","Replay:ManipulateFuture","FlurryOfBlows","MarkedMod:NorthStar","infinitespire:Fortify"],"relics":["PureWater","NeowsBlessing","MealTicket","reliquary:Knoch","hubris:TenFootPole","Membership Card","ReplayTheSpireMod:TigerMarble"],"acts_visited":["Exordium"],"potions_floor_usage":[],"damage_taken":[{"damage":0.0,"enemies":"Cultist","floor":1.0,"turns":1.0},{"damage":0.0,"enemies":"Small Slimes","floor":2.0,"turns":1.0},{"damage":0.0,"enemies":"Jaw Worm","floor":4.0,"turns":1.0},{"damage":31.0,"enemies":"Lagavulin","floor":6.0,"turns":5.0},{"damage":8.0,"enemies":"Blue Slaver","floor":8.0,"turns":4.0},{"damage":2,"enemies":"Large Slime","floor":11,"turns":6},{"damage":0,"enemies":"3 Sentries","floor":13,"turns":1}],"seed_played":"6368178578275047195","potions_obtained":[{"floor":4.0,"key":"FearPotion"},{"floor":6.0,"key":"Reflective Coating"}],"is_trial":false,"path_per_floor":["M","M","?","M","T","E","$","M","T","R","M","?","E"],"character_chosen":"WATCHER","items_purchased":["Membership Card"],"campfire_rested":1,"item_purchase_floors":[7],"current_hp_per_floor":[72,72,60,60,60,29,44,36,36,57,55,47,47,47],"gold":33,"neow_bonus":"THREE_ENEMY_KILL","is_daily":false,"chose_seed":false,"campfire_upgraded":0,"win_rate":0.0,"timestamp":1613517113,"path_taken":["M","?","?","M","?","E","?","M","T","R","M","?","E"],"items_purchased_type":["Relic"],"build_version":"2020-12-22","purchased_purges":1,"victory":false,"max_hp_per_floor":[72,72,72,72,72,72,72,72,72,72,72,72,72,72],"card_choices":[{"not_picked":["Replay:AtTheReady","Replay:Battleflow"],"picked":"Replay:ManipulateFuture","floor":1.0},{"not_picked":["WindmillStrike","Prostrate"],"picked":"FlurryOfBlows","floor":2.0},{"not_picked":["FlyingSleeves","Conclude","Indignation"],"picked":"SKIP","floor":4.0},{"not_picked":["Evaluate","MarkedMod:FirstStrike"],"picked":"MarkedMod:NorthStar","floor":6.0},{"not_picked":["BowlingBash","EmptyFist","Consecrate"],"picked":"SKIP","floor":8.0},{"not_picked":["Replay:BluntJabs","Conclude","JustLucky"],"picked":"SKIP","floor":11},{"not_picked":["infinitespire:Starlight","hubris:Fate"],"picked":"infinitespire:Fortify","floor":12}],"player_experience":454127,"relics_obtained":[{"floor":5.0,"key":"reliquary:Knoch"},{"floor":6.0,"key":"hubris:TenFootPole"},{"floor":9.0,"key":"ReplayTheSpireMod:TigerMarble"}],"event_choices":[{"damage_healed":0.0,"max_hp_gain":0.0,"max_hp_loss":0.0,"gold_gain":0.0,"event_name":"Scrap Ooze","player_choice":"Success","floor":3.0,"gold_loss":0.0,"damage_taken":12.0,"relics_obtained":["MealTicket"]}],"is_beta":false,"boss_relics":[],"items_purged_floors":[7],"is_endless":false,"potions_floor_spawned":[4,6],"killed_by":"3 Sentries","ascension_level":0}}