{"host":"n6wy3zv6av0qxahu","time":1613464728,"event":{"mods":["BaseMod","BetterRewards","Minty Spire (QoL Compilation)","Relic Filter","Shop Mod","StSLib","The Hierophant","noobMod"],"gold_per_floor":[119,136,148,148,160,192,192,222,222,222,222,238,238,257,257,362,362,382,401,64,64,82,99,127,127,180,180,214,214,228,244,244,339,339,350,350,370,382,63,63,98,48,48,48,62,75,94,112,112,112,112,112,112,141,141],"floor_reached":56,"language":"ZHS","playtime":2462,"items_purged":["Decay","Regret"],"score":1308,"play_id":"f8e7e04c-a0b0-4d5d-967c-3e3fbcc2bccf","local_time":"20210216163848","is_ascension_mode":false,"campfire_choices":[{"data":"Whirlwind","floor":7,"key":"SMITH"},{"floor":11,"key":"RECALL"},{"data":"Dual Wield","floor":13,"key":"SMITH"},{"data":"Heavy Blade","floor":15,"key":"SMITH"},{"data":"Limit Break","floor":25,"key":"SMITH"},{"data":"Dropkick","floor":27,"key":"SMITH"},{"data":"Flex","floor":29,"key":"SMITH"},{"data":"Inflame","floor":32,"key":"SMITH"},{"data":"Double Tap","floor":40,"key":"SMITH"},{"data":"Body Slam","floor":44,"key":"SMITH"},{"data":"Flex","floor":49,"key":"SMITH"},{"data":"Flex","floor":52,"key":"SMITH"}],"circlet_count":0,"master_deck":["Strike_R","Strike_R","Defend_R","Defend_R","Defend_R","Defend_R","Bash","Flex+1","Sword Boomerang","Rage","Whirlwind+1","Shrug It Off","Dual Wield+1","Pommel Strike","Heavy Blade+1","Limit Break+1","Twin Strike","Sword Boomerang","Dropkick+1","Entrench+1","Fire Breathing","Inflame+1","Double Tap+1","Reaper+1","Juggernaut+1","Flame Barrier","Body Slam+1","Flex","Flex+1","Parasite","Flex+1"],"relics":["Burning Blood","ice","Brimstone","Blood Vial","Lee\u0027s Waffle","Mummified Hand","Magic Flower","Ice Cream","Busted Crown","Mercury Hourglass","WarpedTongs","Anchor","Lantern","Kunai","Astrolabe","Vajra","Bag of Preparation","Potion Belt","Sundial"],"acts_visited":["Exordium","TheCity","TheBeyond","TheEnding"],"potions_floor_usage":[2,28,28,28,50,50,50,55,55],"damage_taken":[{"damage":6,"enemies":"2 Louse","floor":1,"turns":2},{"damage":18,"enemies":"Jaw Worm","floor":2,"turns":2},{"damage":0,"enemies":"Cultist","floor":3,"turns":2},{"damage":16,"enemies":"Lots of Slimes","floor":5,"turns":3},{"damage":31,"enemies":"3 Sentries","floor":6,"turns":4},{"damage":6,"enemies":"Gremlin Nob","floor":8,"turns":3},{"damage":0,"enemies":"2 Fungi Beasts","floor":12,"turns":1},{"damage":5,"enemies":"Blue Slaver","floor":14,"turns":2},{"damage":2,"enemies":"Slime Boss","floor":16,"turns":6},{"damage":20,"enemies":"2 Thieves","floor":18,"turns":3},{"damage":0,"enemies":"Spheric Guardian","floor":19,"turns":2},{"damage":17,"enemies":"Centurion and Healer","floor":22,"turns":3},{"damage":0,"enemies":"Snecko","floor":23,"turns":2},{"damage":34,"enemies":"Slavers","floor":24,"turns":2},{"damage":12,"enemies":"Book of Stabbing","floor":28,"turns":3},{"damage":0,"enemies":"3 Cultists","floor":30,"turns":2},{"damage":0,"enemies":"Snake Plant","floor":31,"turns":2},{"damage":26,"enemies":"Automaton","floor":33,"turns":5},{"damage":19,"enemies":"Orb Walker","floor":35,"turns":3},{"damage":34,"enemies":"3 Shapes","floor":37,"turns":4},{"damage":0,"enemies":"Jaw Worm Horde","floor":38,"turns":3},{"damage":42,"enemies":"Nemesis","floor":41,"turns":5},{"damage":0,"enemies":"Sphere and 2 Shapes","floor":45,"turns":1},{"damage":6,"enemies":"Writhing Mass","floor":46,"turns":3},{"damage":28,"enemies":"Maw","floor":47,"turns":5},{"damage":7,"enemies":"Spire Growth","floor":48,"turns":3},{"damage":60,"enemies":"Awakened One","floor":50,"turns":6},{"damage":36,"enemies":"Shield and Spear","floor":54,"turns":3},{"damage":151,"enemies":"The Heart","floor":55,"turns":6}],"seed_played":"7681005992295092307","potions_obtained":[{"floor":1,"key":"PowerPotion"},{"floor":6,"key":"EssenceOfSteel"},{"floor":12,"key":"LiquidBronze"},{"floor":16,"key":"LiquidMemories"},{"floor":28,"key":"ElixirPotion"},{"floor":33,"key":"SteroidPotion"},{"floor":37,"key":"FearPotion"},{"floor":45,"key":"Block Potion"},{"floor":48,"key":"LiquidMemories"},{"floor":54,"key":"SkillPotion"}],"is_trial":false,"path_per_floor":["M","M","M","?","M","E","R","E","T","?","R","M","R","M","R","B",null,"M","M","$","?","M","M","E","R","T","R","E","R","M","M","R","B",null,"M","?","M","M","$","R","E","$","T","R","M","M","M","M","R","B",null,"R","$","E","B",null],"character_chosen":"IRONCLAD","items_purchased":["Brimstone","Blood Vial","Lee\u0027s Waffle","Mummified Hand","Flex","Mercury Hourglass","Vajra","Body Slam","Flex","Flex"],"campfire_rested":0,"item_purchase_floors":[0,0,0,0,0,20,39,39,39,42],"current_hp_per_floor":[87,75,83,76,68,45,45,51,51,51,51,63,63,70,70,80,87,76,87,87,87,79,87,62,62,62,62,62,62,74,86,86,70,87,77,77,78,87,87,87,54,54,54,54,66,83,67,87,87,81,87,87,87,60,123],"gold":141,"neow_bonus":"","is_daily":false,"chose_seed":false,"campfire_upgraded":11,"win_rate":0.0,"timestamp":1613464728,"path_taken":["M","M","M","?","M","E","R","E","T","?","R","M","R","M","R","BOSS","M","M","$","?","M","M","E","R","T","R","E","R","?","M","R","BOSS","M","?","M","M","$","R","E","$","T","R","M","M","M","M","R","BOSS","R","$","E","BOSS"],"items_purchased_type":["Relic","Relic","Relic","Relic","Card","Relic","Relic","Card","Card","Card"],"build_version":"2020-12-22","purchased_purges":2,"victory":true,"max_hp_per_floor":[87,87,87,87,87,87,87,87,87,87,87,87,87,87,87,87,87,87,87,87,87,87,87,87,87,87,87,87,87,87,87,87,87,87,87,87,87,87,87,87,87,87,87,87,87,87,87,87,87,87,87,87,87,87,123],"card_choices":[{"not_picked":["Warcry","Wild Strike"],"picked":"Sword Boomerang","floor":1},{"not_picked":["Wild Strike","Rampage"],"picked":"Rage","floor":2},{"not_picked":["Thunderclap","Clash","Headbutt"],"picked":"SKIP","floor":3},{"not_picked":["Uppercut","Shockwave"],"picked":"Whirlwind","floor":5},{"not_picked":["Warcry","Reckless Charge"],"picked":"Shrug It Off","floor":6},{"not_picked":["Sword Boomerang","Clash"],"picked":"Dual Wield","floor":8},{"not_picked":["Rampage","Disarm"],"picked":"Pommel Strike","floor":12},{"not_picked":["Power Through","Pommel Strike"],"picked":"Heavy Blade","floor":14},{"not_picked":["Bludgeon","Corruption"],"picked":"Limit Break","floor":16},{"not_picked":[],"picked":"Twin Strike","floor":18},{"not_picked":[],"picked":"Sword Boomerang","floor":19},{"not_picked":[],"picked":"Dropkick","floor":22},{"not_picked":["Headbutt"],"picked":"SKIP","floor":23},{"not_picked":[],"picked":"Entrench+1","floor":24},{"not_picked":[],"picked":"Fire Breathing","floor":28},{"not_picked":["Rage"],"picked":"SKIP","floor":30},{"not_picked":[],"picked":"Inflame","floor":31},{"not_picked":[],"picked":"Double Tap","floor":33},{"not_picked":[],"picked":"Flame Barrier","floor":35},{"not_picked":["Shrug It Off+1"],"picked":"SKIP","floor":37},{"not_picked":["Heavy Blade"],"picked":"SKIP","floor":38},{"not_picked":["Fiend Fire"],"picked":"SKIP","floor":41},{"not_picked":["Warcry"],"picked":"SKIP","floor":45},{"not_picked":["Iron Wave"],"picked":"SKIP","floor":46},{"not_picked":["Dropkick"],"picked":"SKIP","floor":47},{"not_picked":[],"picked":"Flex","floor":48},{"not_picked":["Cleave"],"picked":"SKIP","floor":54}],"player_experience":120026,"relics_obtained":[{"floor":6,"key":"Magic Flower"},{"floor":8,"key":"Ice Cream"},{"floor":24,"key":"Anchor"},{"floor":26,"key":"Lantern"},{"floor":28,"key":"Kunai"},{"floor":41,"key":"Bag of Preparation"},{"floor":43,"key":"Potion Belt"},{"floor":54,"key":"Sundial"}],"event_choices":[{"cards_removed":["Strike_R"],"damage_healed":0,"gold_gain":0,"player_choice":"Card Removal","damage_taken":7,"max_hp_gain":0,"max_hp_loss":0,"event_name":"Golden Wing","floor":4,"gold_loss":0},{"damage_healed":0,"gold_gain":0,"player_choice":"Cursed","damage_taken":0,"max_hp_gain":0,"max_hp_loss":0,"event_name":"Wheel of Change","floor":10,"gold_loss":0,"cards_obtained":["Decay"]},{"damage_healed":0,"gold_gain":0,"player_choice":"Rummage","damage_taken":0,"relics_obtained":["WarpedTongs"],"max_hp_gain":0,"max_hp_loss":0,"event_name":"Accursed Blacksmith","floor":21,"gold_loss":0,"cards_obtained":["Pain"]},{"damage_healed":0,"gold_gain":0,"player_choice":"Bought 0 Potions","damage_taken":0,"max_hp_gain":0,"max_hp_loss":0,"event_name":"The Woman in Blue","floor":36,"gold_loss":0}],"is_beta":false,"boss_relics":[{"not_picked":["Cursed Key","Fusion Hammer"],"picked":"Busted Crown"},{"not_picked":["Runic Pyramid","SacredBark"],"picked":"Astrolabe"}],"items_purged_floors":[20,39],"is_endless":false,"potions_floor_spawned":[1,6,12,16,22,24,28,33,37,41,45,48,54],"ascension_level":0}}