{"host":"wmojtwekh6s3tor5","time":1613492042,"event":{"mods":["BaseMod","Colored Map","Colored Powertips","DeckTracker","Highlight Path","Minty Spire (QoL Compilation)","StSLib"],"gold_per_floor":[111,61,72,72,98,124,124,49,131,54,77,77,95,113,113,208,208,220,220,235,252,269,269,281,281,281],"floor_reached":25,"language":"ZHS","playtime":1106,"items_purged":["Strike_G"],"score":296,"play_id":"2ecb71e5-49c6-409c-b9d1-57a366b1660f","local_time":"20210217001402","is_ascension_mode":true,"campfire_choices":[{"data":"Poisoned Stab","floor":7.0,"key":"SMITH"},{"data":"Noxious Fumes","floor":15.0,"key":"SMITH"},{"floor":23.0,"key":"REST"}],"circlet_count":0,"master_deck":["Strike_G","Strike_G+1","Strike_G","Defend_G","Defend_G","Defend_G","Defend_G","Defend_G","Survivor","Neutralize+1","Poisoned Stab+1","Noxious Fumes+1","Poisoned Stab+1","Expertise","Slice+1"],"relics":["Ring of the Snake","NeowsBlessing","Whetstone","Letter Opener","Molten Egg 2","Odd Mushroom","Sozu"],"acts_visited":["Exordium","TheCity"],"potions_floor_usage":[24],"damage_taken":[{"damage":0.0,"enemies":"Small Slimes","floor":1.0,"turns":1.0},{"damage":0.0,"enemies":"2 Louse","floor":3.0,"turns":1.0},{"damage":0.0,"enemies":"Gremlin Nob","floor":6.0,"turns":1.0},{"damage":6.0,"enemies":"The Mushroom Lair","floor":11.0,"turns":4.0},{"damage":2.0,"enemies":"Jaw Worm","floor":13.0,"turns":4.0},{"damage":1.0,"enemies":"Large Slime","floor":14.0,"turns":5.0},{"damage":15.0,"enemies":"The Guardian","floor":16.0,"turns":8.0},{"damage":17.0,"enemies":"2 Thieves","floor":18.0,"turns":4.0},{"damage":12.0,"enemies":"3 Byrds","floor":20.0,"turns":5.0},{"damage":8.0,"enemies":"Shelled Parasite and Fungi","floor":21.0,"turns":6.0},{"damage":3.0,"enemies":"Centurion and Healer","floor":22.0,"turns":6.0},{"damage":30,"enemies":"Snake Plant","floor":24,"turns":5},{"damage":14,"enemies":"Snecko","floor":25,"turns":4}],"seed_played":"4466300951494902762","potions_obtained":[{"floor":6.0,"key":"AttackPotion"},{"floor":11.0,"key":"Ancient Potion"},{"floor":14.0,"key":"AttackPotion"},{"floor":16.0,"key":"Strength Potion"}],"is_trial":false,"path_per_floor":["M","?","M","?","T","E","R","$","T","$","?","$","M","M","R","B",null,"M","?","M","M","M","R","M","M"],"character_chosen":"THE_SILENT","items_purchased":["Noxious Fumes"],"campfire_rested":1,"item_purchase_floors":[10],"current_hp_per_floor":[63,63,63,63,63,63,63,63,63,63,57,57,55,54,54,39,62,45,45,33,25,22,43,13,0,0],"gold":281,"neow_bonus":"THREE_ENEMY_KILL","is_daily":false,"chose_seed":false,"campfire_upgraded":2,"win_rate":0.0,"timestamp":1613492042,"path_taken":["M","?","M","?","?","E","R","$","T","$","?","?","M","M","R","BOSS","M","?","M","M","?","R","M","M"],"items_purchased_type":["Card"],"build_version":"2020-12-22","purchased_purges":1,"victory":false,"max_hp_per_floor":[70,70,70,70,70,70,70,70,70,70,70,70,70,70,70,70,70,70,70,70,70,70,70,70,70,70],"card_choices":[{"not_picked":["Deflect","Sucker Punch","Bane"],"picked":"SKIP","floor":1.0},{"not_picked":["Bane","Deadly Poison","Prepared"],"picked":"SKIP","floor":3.0},{"not_picked":["Tools of the Trade","Accuracy"],"picked":"Poisoned Stab","floor":6.0},{"not_picked":["Dagger Spray+1","Eviscerate+1"],"picked":"Poisoned Stab+1","floor":11.0},{"not_picked":["Dodge and Roll","Deflect"],"picked":"Expertise","floor":13.0},{"not_picked":["Finisher+1","Escape Plan","Flechettes+1"],"picked":"SKIP","floor":14.0},{"not_picked":["Deflect","Sucker Punch+1","All Out Attack+1"],"picked":"SKIP","floor":18.0},{"not_picked":["Sucker Punch+1","Dagger Spray+1","Deadly Poison"],"picked":"SKIP","floor":20.0},{"not_picked":["Dodge and Roll","Flying Knee+1"],"picked":"Slice+1","floor":21.0},{"not_picked":["Acrobatics","Dagger Throw+1","Blade Dance"],"picked":"SKIP","floor":22.0},{"not_picked":["Outmaneuver","Blade Dance+1","Eviscerate+1"],"picked":"SKIP","floor":24}],"player_experience":652014,"relics_obtained":[{"floor":5.0,"key":"Whetstone"},{"floor":6.0,"key":"Letter Opener"},{"floor":9.0,"key":"Molten Egg 2"},{"floor":11.0,"key":"Odd Mushroom"}],"event_choices":[{"cards_removed":["Strike_G"],"damage_healed":0.0,"max_hp_gain":0.0,"max_hp_loss":0.0,"gold_gain":0.0,"event_name":"The Cleric","player_choice":"Card Removal","floor":2.0,"gold_loss":50.0,"damage_taken":0.0},{"damage_healed":0.0,"max_hp_gain":0.0,"max_hp_loss":0.0,"gold_gain":0.0,"event_name":"Liars Game","player_choice":"Ignored","floor":4.0,"gold_loss":0.0,"damage_taken":0.0},{"damage_healed":0.0,"max_hp_gain":0.0,"max_hp_loss":0.0,"gold_gain":0.0,"event_name":"Mushrooms","player_choice":"Fought Mushrooms","floor":11.0,"gold_loss":0.0,"damage_taken":0.0},{"damage_healed":0.0,"max_hp_gain":0.0,"max_hp_loss":0.0,"gold_gain":0.0,"event_name":"FaceTrader","player_choice":"Leave","floor":19.0,"gold_loss":0.0,"damage_taken":0.0}],"is_beta":false,"boss_relics":[{"not_picked":["SlaversCollar","Black Star"],"picked":"Sozu"}],"items_purged_floors":[8],"is_endless":false,"potions_floor_spawned":[6,11,14,16,18,20,22,24],"killed_by":"Snecko","ascension_level":6}}