{"host":"pj7egx7jkoz18hom","time":1613434338,"event":{"mods":["AchievementEnabler","BaseMod","Keyboard Shortcuts","Minty Spire (QoL Compilation)","SuperFastMode"],"gold_per_floor":[111,125,125,50,23,57,57,70,124,149,166,166,184,202,202,307,307,320,150,150,150,168,202,202,214,281,322,348,390,402,433,445,457,457],"floor_reached":33,"language":"KOR","playtime":1660,"items_purged":["Strike_P","Strike_P"],"score":320,"play_id":"1d824d63-178c-480e-9c36-cd4f06ceaa60","local_time":"20210216091218","is_ascension_mode":false,"campfire_choices":[{"data":"Judgement","floor":7,"key":"SMITH"},{"data":"Evaluate","floor":12,"key":"SMITH"},{"data":"Eruption","floor":15,"key":"SMITH"},{"data":"EmptyBody","floor":25,"key":"SMITH"},{"floor":32,"key":"REST"}],"circlet_count":0,"master_deck":["Strike_P","Defend_P","Defend_P","Defend_P","Eruption+1","Vigilance","PathToVictory","Judgement+1","PathToVictory","EmptyFist","BowlingBash","Evaluate+1","CutThroughFate","Halt","DevaForm","LikeWater","InnerPeace","EmptyBody+1","DeceiveReality+1"],"relics":["PureWater","NeowsBlessing","Bronze Scales","Orichalcum","Incense Burner","Empty Cage","Mercury Hourglass","Eternal Feather","MawBank","Centennial Puzzle","Red Mask"],"acts_visited":["Exordium","TheCity"],"potions_floor_usage":[16,16,27,27,29,29,33],"damage_taken":[{"damage":0,"enemies":"Small Slimes","floor":1,"turns":1},{"damage":0,"enemies":"Cultist","floor":2,"turns":1},{"damage":0,"enemies":"3 Sentries","floor":6,"turns":2},{"damage":11,"enemies":"Jaw Worm","floor":8,"turns":2},{"damage":13,"enemies":"Lagavulin","floor":10,"turns":5},{"damage":0,"enemies":"3 Louse","floor":11,"turns":2},{"damage":0,"enemies":"Blue Slaver","floor":13,"turns":1},{"damage":0,"enemies":"Exordium Thugs","floor":14,"turns":2},{"damage":22,"enemies":"The Guardian","floor":16,"turns":8},{"damage":0,"enemies":"Spheric Guardian","floor":18,"turns":1},{"damage":0,"enemies":"Shell Parasite","floor":22,"turns":3},{"damage":7,"enemies":"Slavers","floor":23,"turns":5},{"damage":18,"enemies":"Book of Stabbing","floor":27,"turns":5},{"damage":16,"enemies":"Cultist and Chosen","floor":28,"turns":6},{"damage":0,"enemies":"Masked Bandits","floor":29,"turns":3},{"damage":18,"enemies":"Centurion and Healer","floor":31,"turns":4},{"damage":52,"enemies":"Collector","floor":33,"turns":11}],"seed_played":"7015549874806446266","potions_obtained":[{"floor":3,"key":"Ancient Potion"},{"floor":3,"key":"Block Potion"},{"floor":3,"key":"StancePotion"},{"floor":22,"key":"Swift Potion"},{"floor":23,"key":"FearPotion"},{"floor":28,"key":"Energy Potion"},{"floor":31,"key":"AttackPotion"}],"is_trial":false,"path_per_floor":["M","M","?","$","$","E","R","M","T","E","M","R","M","M","R","B",null,"M","$","?","?","M","E","T","R","T","E","M","?","?","M","R","B"],"character_chosen":"WATCHER","items_purchased":["PathToVictory","InnerPeace"],"campfire_rested":1,"item_purchase_floors":[5,19],"current_hp_per_floor":[72,72,72,72,72,72,72,61,61,48,48,48,48,48,48,26,72,72,72,72,72,72,65,65,72,72,54,38,38,38,20,50,0,0],"gold":457,"neow_bonus":"THREE_ENEMY_KILL","is_daily":false,"chose_seed":false,"campfire_upgraded":4,"win_rate":0.0,"timestamp":1613434338,"path_taken":["M","M","?","?","$","E","R","M","T","E","M","R","M","M","R","BOSS","M","$","?","?","M","E","?","R","T","E","?","?","?","?","R","BOSS"],"items_purchased_type":["Card","Card"],"build_version":"2020-12-22","purchased_purges":2,"victory":false,"max_hp_per_floor":[72,72,72,72,72,72,72,72,72,72,72,72,72,72,72,72,72,72,72,72,72,72,72,72,72,72,72,72,72,72,72,72,72,72],"card_choices":[{"not_picked":["BowlingBash","Consecrate"],"picked":"PathToVictory","floor":1},{"not_picked":["JustLucky","EmptyBody"],"picked":"Judgement","floor":2},{"not_picked":["Crescendo","FollowUp"],"picked":"EmptyFist","floor":6},{"not_picked":["Swivel","Nirvana"],"picked":"BowlingBash","floor":8},{"not_picked":["FollowUp","EmptyFist"],"picked":"Evaluate","floor":10},{"not_picked":["Indignation","Study"],"picked":"CutThroughFate","floor":11},{"not_picked":["CutThroughFate","CrushJoints","Sanctity"],"picked":"SKIP","floor":13},{"not_picked":["Sanctity","WheelKick"],"picked":"Halt","floor":14},{"not_picked":["LessonLearned","Ragnarok"],"picked":"DevaForm","floor":16},{"not_picked":["ClearTheMind","FlyingSleeves+1"],"picked":"LikeWater","floor":18},{"not_picked":["Fasting2+1","FollowUp+1"],"picked":"EmptyBody","floor":22},{"not_picked":["MasterReality","LessonLearned","Nirvana"],"picked":"SKIP","floor":23},{"not_picked":["CrushJoints","SandsOfTime+1","SashWhip"],"picked":"SKIP","floor":27},{"not_picked":["Consecrate","WaveOfTheHand","Halt"],"picked":"SKIP","floor":28},{"not_picked":["Evaluate","FlyingSleeves"],"picked":"DeceiveReality+1","floor":31}],"player_experience":82331,"relics_obtained":[{"floor":6,"key":"Bronze Scales"},{"floor":9,"key":"Orichalcum"},{"floor":10,"key":"Incense Burner"},{"floor":23,"key":"Eternal Feather"},{"floor":24,"key":"MawBank"},{"floor":27,"key":"Centennial Puzzle"},{"floor":29,"key":"Red Mask"}],"event_choices":[{"damage_healed":0,"gold_gain":0,"player_choice":"Got Potions","damage_taken":0,"max_hp_gain":0,"max_hp_loss":0,"event_name":"Lab","floor":3,"gold_loss":0},{"damage_healed":0,"gold_gain":0,"player_choice":"Opened","damage_taken":0,"relics_obtained":["Mercury Hourglass"],"max_hp_gain":0,"max_hp_loss":0,"event_name":"The Mausoleum","floor":20,"gold_loss":0,"cards_obtained":["Writhe"]},{"cards_removed":["Writhe"],"damage_healed":0,"gold_gain":0,"player_choice":"Elegance","damage_taken":0,"max_hp_gain":0,"max_hp_loss":0,"event_name":"Back to Basics","floor":21,"gold_loss":0},{"damage_healed":0,"gold_gain":0,"player_choice":"Fought Bandits","damage_taken":0,"max_hp_gain":0,"max_hp_loss":0,"event_name":"Masked Bandits","floor":29,"gold_loss":0},{"damage_healed":0,"gold_gain":0,"player_choice":"0 cards matched","damage_taken":0,"max_hp_gain":0,"max_hp_loss":0,"event_name":"Match and Keep!","floor":30,"gold_loss":0,"cards_obtained":[]}],"is_beta":false,"boss_relics":[{"not_picked":["Runic Dome","Snecko Eye"],"picked":"Empty Cage"}],"items_purged_floors":[4,19],"is_endless":false,"potions_floor_spawned":[6,8,13,14,22,23,28,31],"killed_by":"Collector","ascension_level":0}}