{"host":"y4fuci1jk2rsxnep","time":1613518782,"event":{"mods":["AchievementEnabler","BaseMod","Colored Powertips","Custom Start","Defuse TimeMaze Blight","Dio Mod","Downfall","Hermit","Hero for Fun","Hubris","Hunter ??","Infinite Spire","Minty Spire (QoL Compilation)","Quick Restart","Reliquary","Remove Card Discount Mod","Replay The Spire","StSLib","The Blackbeard","The Bug Knight","The Mystic","The Runesmith"],"gold_per_floor":[361,461,481,216,234,234,234,247,294,305,305,370,387,52,52,150,150,162,174,174,174,185,185,185,185,266,316,331,331,348,401,401,401,401],"floor_reached":33,"language":"ENG","playtime":2860,"items_purged":["downfall:Haunted","hermit:Strike_Hermit","Delirium"],"score":361,"play_id":"0b96ef04-fd57-45e9-badb-e7170116d6a5","local_time":"20210217003942","is_ascension_mode":true,"campfire_choices":[{"data":"Apotheosis","floor":7,"key":"SMITH"},{"floor":11,"key":"REST"},{"floor":15,"key":"REST"},{"floor":23,"key":"REST"},{"floor":32,"key":"REST"}],"circlet_count":0,"master_deck":["hermit:Strike_Hermit","hermit:Strike_Hermit","hermit:Strike_Hermit","hermit:Defend_Hermit","hermit:Defend_Hermit","hermit:Defend_Hermit","hermit:Defend_Hermit","hermit:Snapshot","hermit:Covet","Replay:Hysterical Blindness","hermit:HighNoon","infinitespire:Pacifist","hermit:PistolWhip","hermit:FlashPowder","Apotheosis+1","Decay","hermit:ShadowCloak","hermit:CalledShot","hermit:TakeAim","hermit:Brawl","hermit:Brawl","hermit:FromBeyond","hermit:Enervate","hermit:CursedWeapon","hermit:GhostlyPresence+1","hubris:Compulsion","Overencumbered","hubris:Compulsion","Writhe"],"relics":["hermit:Momento","downfall:ExtraCursedKey","Dream Catcher","Garlic","infinitespire:Bottled Soul","Ring of Chaos","Mirror","reliquary:Spinner"],"acts_visited":["Exordium","TheCity"],"potions_floor_usage":[10,30,33],"damage_taken":[{"damage":1,"enemies":"Cultist","floor":1,"turns":3},{"damage":13,"enemies":"Jaw Worm","floor":3,"turns":4},{"damage":0,"enemies":"2 Louse","floor":5,"turns":2},{"damage":0,"enemies":"2 Fungi Beasts","floor":8,"turns":4},{"damage":13,"enemies":"3 Louse","floor":10,"turns":3},{"damage":20,"enemies":"Gremlin Nob","floor":12,"turns":6},{"damage":0,"enemies":"Red Slaver","floor":13,"turns":6},{"damage":22,"enemies":"The Guardian","floor":16,"turns":8},{"damage":18,"enemies":"Shell Parasite","floor":18,"turns":6},{"damage":7,"enemies":"Spheric Guardian","floor":19,"turns":5},{"damage":22,"enemies":"Snake Plant","floor":22,"turns":5},{"damage":30,"enemies":"Sentry and Sphere","floor":28,"turns":9},{"damage":25,"enemies":"Centurion and Healer","floor":30,"turns":7},{"damage":48,"enemies":"hubris:MusketHawk","floor":33,"turns":6}],"seed_played":"4728591633907487540","potions_obtained":[{"floor":10,"key":"Fruit Juice"},{"floor":12,"key":"Adrenaline Potion"},{"floor":13,"key":"LiquidMemories"},{"floor":16,"key":"Fire Potion"},{"floor":19,"key":"PowerPotion"},{"floor":28,"key":"Ancient Potion"}],"is_trial":false,"path_per_floor":["M","?","M","$","M","?","R","M","T","M","R","?","M","$","R","B",null,"M","M","$","?","M","R","?","AVR","T","?","M","?","M","T","R","B"],"character_chosen":"HERMIT","items_purchased":["hermit:FlashPowder","Apotheosis","infinitespire:Bottled Soul","hermit:Brawl"],"campfire_rested":4,"item_purchase_floors":[4,4,14,14],"current_hp_per_floor":[53,58,45,45,45,45,45,45,45,37,62,42,42,42,67,45,85,67,60,60,60,38,63,63,63,63,63,33,33,8,8,33,0,0],"gold":401,"neow_bonus":"TWO_FIFTY_GOLD","is_daily":false,"chose_seed":false,"campfire_upgraded":1,"win_rate":0.0,"timestamp":1613518782,"path_taken":["M","?","M","$","M","?","R","M","T","M","R","?","M","$","R","BOSS","M","M","$","?","M","R","?","AVR","T","?","?","?","?","?","R","BOSS"],"items_purchased_type":["Card","Card","Relic","Card"],"build_version":"2020-12-22","purchased_purges":3,"victory":false,"max_hp_per_floor":[75,80,80,80,80,80,80,80,80,85,85,85,85,85,85,85,85,85,85,85,85,85,85,85,85,85,85,85,85,85,85,85,85,85],"card_choices":[{"not_picked":["hermit:Headshot","hermit:TrackingShot","hermit:GoldenBullet"],"picked":"SKIP","floor":1},{"not_picked":["hermit:Gestalt","hermit:Ricochet"],"picked":"hermit:PistolWhip","floor":3},{"not_picked":["hermit:SprayPray","hermit:CalledShot","hermit:Desperado"],"picked":"SKIP","floor":5},{"not_picked":["hermit:ItchyTrigger","hermit:Feint","hermit:Gestalt"],"picked":"SKIP","floor":8},{"not_picked":["hermit:Horror","hermit:TakeAim"],"picked":"hermit:ShadowCloak","floor":10},{"not_picked":["hermit:HoleUp","hermit:EternalForm"],"picked":"hermit:CalledShot","floor":11},{"not_picked":["hermit:TakeCover","hermit:Enervate"],"picked":"hermit:TakeAim","floor":12},{"not_picked":["hermit:Shortfuse","hermit:TakeAim"],"picked":"hermit:Brawl","floor":13},{"not_picked":["hermit:Reprieve","hermit:HeroicBravado"],"picked":"hermit:FromBeyond","floor":16},{"not_picked":["hermit:Horror+1","hermit:ItchyTrigger"],"picked":"hermit:Enervate","floor":18},{"not_picked":["hermit:Ricochet","hermit:Cheat","hermit:BodyArmor"],"picked":"SKIP","floor":19},{"not_picked":["hermit:Coalescence","hermit:Headshot"],"picked":"hermit:CursedWeapon","floor":22},{"not_picked":["hermit:Glare","hermit:GoldenBullet"],"picked":"hermit:GhostlyPresence+1","floor":23},{"not_picked":["hermit:Spite","hermit:Glare","hermit:Desperado"],"picked":"SKIP","floor":28},{"not_picked":["hermit:OverwhelmingPower","hermit:Scavenge","hermit:WideOpen"],"picked":"SKIP","floor":30}],"player_experience":620046,"relics_obtained":[{"floor":9,"key":"Dream Catcher"},{"floor":12,"key":"Garlic"},{"floor":26,"key":"Mirror"},{"floor":31,"key":"reliquary:Spinner"}],"event_choices":[{"damage_healed":0,"gold_gain":0,"player_choice":"Fled","damage_taken":0,"max_hp_gain":0,"max_hp_loss":0,"event_name":"Scrap Ooze","floor":6,"gold_loss":0},{"damage_healed":0,"gold_gain":0,"player_choice":"Searched \u00271\u0027 times","damage_taken":0,"max_hp_gain":0,"max_hp_loss":0,"event_name":"Dead Adventurer","floor":12,"gold_loss":0},{"damage_healed":0,"gold_gain":0,"player_choice":"Ignored","damage_taken":0,"max_hp_gain":0,"max_hp_loss":0,"event_name":"Ghosts","floor":21,"gold_loss":0},{"damage_healed":0,"gold_gain":0,"player_choice":"Ignored","damage_taken":0,"max_hp_gain":0,"max_hp_loss":0,"event_name":"Beggar","floor":24,"gold_loss":0},{"damage_healed":0,"gold_gain":100,"player_choice":"Bet on Murderer","damage_taken":0,"max_hp_gain":0,"max_hp_loss":0,"event_name":"The Joust","floor":27,"gold_loss":50},{"damage_healed":0,"gold_gain":0,"cards_transformed":["downfall:Malfunctioning"],"player_choice":"Transformed","damage_taken":0,"max_hp_gain":0,"max_hp_loss":0,"event_name":"Transmorgrifier","floor":29,"gold_loss":0,"cards_obtained":["Overencumbered"]}],"is_beta":false,"boss_relics":[{"not_picked":["hubris:BlackHole","Replay:Grab Bag"],"picked":"Ring of Chaos"}],"items_purged_floors":[4,4,14],"is_endless":false,"potions_floor_spawned":[10,12,13,16,19,28],"killed_by":"hubris:MusketHawk","ascension_level":2}}