{"host":"jwpp8hxpigr0nknu","time":1613445567,"event":{"mods":["BaseMod","BetterRewards","Colored Map","Colored Powertips","Minty Spire (QoL Compilation)","Rare Cards Sparkle","Shop Mod","StSLib"],"gold_per_floor":[414,414,474,424,205,241,241,275,301,344,388,421,455,55,55,176,176,191,215,65,65,65],"floor_reached":21,"language":"ENG","playtime":1059,"items_purged":["Body Slam"],"score":320,"play_id":"96dd28db-6ea4-4434-87c8-1e21f25bf99b","local_time":"20210215211927","daily_mods":["Draft","Red Cards","Green Cards","Heirloom","Flight","DeadlyEvents","Elite Swarm"],"is_ascension_mode":true,"campfire_choices":[{"data":"Burst","floor":7,"key":"SMITH"},{"data":"Armaments","floor":15,"key":"SMITH"}],"circlet_count":0,"master_deck":["Flying Knee","Dagger Spray","Armaments+1","Body Slam","Dagger Spray","Dodge and Roll","Flame Barrier","Backflip","Flex","Dodge and Roll+1","Poisoned Stab","Setup+1","Dash","Metallicize","Burst+1","Juggernaut","Phantasmal Killer","Double Tap","Corpse Explosion","Venomology","Uppercut+1","Prepared+1","Poisoned Stab+1","Reaper+1","Bane+1","Tactician+1","Sentinel+1"],"relics":["Burning Blood","Old Coin","Golden Idol","War Paint","Pantograph","Bottled Tornado","Boot","Letter Opener","Molten Egg 2","Prayer Wheel","Calipers","Toxic Egg 2","Black Star","Strange Spoon"],"acts_visited":["Exordium","TheCity"],"potions_floor_usage":[8,16,19],"damage_taken":[{"damage":3,"enemies":"Small Slimes","floor":1,"turns":2},{"damage":7,"enemies":"Lagavulin","floor":6,"turns":9},{"damage":10,"enemies":"Gremlin Nob","floor":8,"turns":5},{"damage":12,"enemies":"3 Sentries","floor":10,"turns":6},{"damage":11,"enemies":"Lagavulin","floor":11,"turns":6},{"damage":15,"enemies":"Gremlin Nob","floor":12,"turns":4},{"damage":14,"enemies":"3 Sentries","floor":13,"turns":4},{"damage":39,"enemies":"The Guardian","floor":16,"turns":8},{"damage":15,"enemies":"Shell Parasite","floor":18,"turns":6},{"damage":23,"enemies":"Spheric Guardian","floor":19,"turns":5}],"seed_played":"1875291703628226296","potions_obtained":[{"floor":6,"key":"SkillPotion"},{"floor":11,"key":"SmokeBomb"},{"floor":12,"key":"SmokeBomb"},{"floor":19,"key":"ElixirPotion"}],"is_trial":true,"path_per_floor":["M","?","?","?","$","E","R","E","T","E","E","E","E","$","R","B",null,"M","M","$","?"],"character_chosen":"IRONCLAD","items_purchased":["War Paint","Uppercut+1","Toxic Egg 2","Prepared+1","Poisoned Stab+1","Strange Spoon"],"campfire_rested":0,"item_purchase_floors":[5,14,14,14,14,20],"current_hp_per_floor":[75,55,55,55,55,54,54,50,50,44,39,30,22,22,22,14,64,55,52,52,52,52],"gold":65,"neow_bonus":"","is_daily":false,"chose_seed":false,"campfire_upgraded":2,"win_rate":0.0,"timestamp":1613445567,"path_taken":["M","?","?","?","$","E","R","E","T","E","E","E","E","$","R","BOSS","M","M","$","?"],"items_purchased_type":["Relic","Card","Relic","Card","Card","Relic"],"build_version":"2020-12-22","purchased_purges":1,"victory":false,"max_hp_per_floor":[80,80,80,80,80,80,80,80,80,80,80,80,80,80,80,80,80,80,80,80,80,80],"card_choices":[{"not_picked":["Perfected Strike","Headbutt"],"picked":"Body Slam","floor":0},{"not_picked":["Rampage","Infinite Blades"],"picked":"Flying Knee","floor":0},{"not_picked":["Clothesline","Twin Strike"],"picked":"Dagger Spray","floor":0},{"not_picked":["True Grit","Deadly Poison"],"picked":"Armaments","floor":0},{"not_picked":["Riddle With Holes","Reckless Charge"],"picked":"Body Slam","floor":0},{"not_picked":["Deadly Poison","PiercingWail"],"picked":"Dagger Spray","floor":0},{"not_picked":["Sever Soul","Havoc"],"picked":"Dodge and Roll","floor":0},{"not_picked":["Wild Strike","Blade Dance"],"picked":"Flame Barrier","floor":0},{"not_picked":["Clothesline","Anger"],"picked":"Backflip","floor":0},{"not_picked":["Poisoned Stab","Cleave"],"picked":"Flex","floor":0},{"not_picked":["Cloak And Dagger","Havoc"],"picked":"Dodge and Roll","floor":0},{"not_picked":["Anger","True Grit"],"picked":"Havoc","floor":0},{"not_picked":["Wild Strike","Slice"],"picked":"Poisoned Stab","floor":0},{"not_picked":["Armaments","Cleave"],"picked":"Setup","floor":0},{"not_picked":["Warcry","Power Through"],"picked":"Dash","floor":0},{"not_picked":["Armaments","Dagger Throw"],"picked":"Metallicize","floor":1},{"not_picked":["Brutality","Bullet Time"],"picked":"Burst","floor":6},{"not_picked":["Unload","Storm of Steel"],"picked":"Juggernaut","floor":8},{"not_picked":["Bullet Time","Doppelganger"],"picked":"Phantasmal Killer","floor":10},{"not_picked":["After Image","Glass Knife+1"],"picked":"Double Tap","floor":11},{"not_picked":["Venomology","Reaper+1"],"picked":"Corpse Explosion","floor":12},{"not_picked":["Fiend Fire+1","Berserk"],"picked":"Venomology","floor":13},{"not_picked":["Tools of the Trade","Double Tap+1"],"picked":"Reaper+1","floor":16},{"not_picked":["Backflip+1","Heel Hook+1"],"picked":"Bane+1","floor":18},{"not_picked":["Intimidate+1","Underhanded Strike+1","Burning Pact+1"],"picked":"SKIP","floor":18},{"not_picked":["True Grit+1","Corruption"],"picked":"Tactician+1","floor":19},{"not_picked":["Catalyst+1","Wild Strike+1"],"picked":"Sentinel+1","floor":19}],"player_experience":383118,"relics_obtained":[{"floor":6,"key":"Pantograph"},{"floor":8,"key":"Bottled Tornado"},{"floor":9,"key":"Boot"},{"floor":10,"key":"Letter Opener"},{"floor":11,"key":"Molten Egg 2"},{"floor":12,"key":"Prayer Wheel"},{"floor":13,"key":"Calipers"}],"event_choices":[{"damage_healed":0,"gold_gain":0,"player_choice":"Take Damage","damage_taken":20,"relics_obtained":["Golden Idol"],"max_hp_gain":0,"max_hp_loss":0,"event_name":"Golden Idol","floor":2,"gold_loss":0},{"damage_healed":0,"gold_gain":60,"player_choice":"Gained Gold","damage_taken":0,"max_hp_gain":0,"max_hp_loss":0,"event_name":"Golden Wing","floor":3,"gold_loss":0},{"cards_removed":["Havoc"],"damage_healed":0,"gold_gain":0,"player_choice":"Card Removal","damage_taken":0,"max_hp_gain":0,"max_hp_loss":0,"event_name":"The Cleric","floor":4,"gold_loss":50}],"is_beta":false,"boss_relics":[{"not_picked":["Velvet Choker","Mark of Pain"],"picked":"Black Star"}],"items_purged_floors":[5],"is_endless":true,"potions_floor_spawned":[6,11,12,19],"ascension_level":9}}