{"host":"xp27heuvanyklt0b","time":1613477426,"event":{"mods":["100% Spire Juice","BaseMod","CapriCore","Koishi","Lobotomy","Minty Spire (QoL Compilation)","StSLib","The Immortal"],"gold_per_floor":[109,127,146,161,161,161,161,175,175,208,221,254,50,86,86,197,197,218,243,252,177,177,211,211,211,259,295,330,330,352,378,378,378,378],"floor_reached":33,"language":"KOR","playtime":1268,"items_purged":[],"score":322,"play_id":"9c074b98-6a8d-4201-8284-d931072bb0ea","local_time":"20210216211026","is_ascension_mode":true,"campfire_choices":[{"data":"Shrug It Off","floor":6,"key":"SMITH"},{"data":"True Grit","floor":15,"key":"SMITH"},{"floor":24,"key":"REST"},{"floor":25,"key":"REST"},{"floor":29,"key":"REST"},{"data":"Disarm","floor":32,"key":"SMITH"}],"circlet_count":0,"master_deck":["Strike_R","Strike_R","Strike_R","Defend_R","Defend_R","Defend_R","Defend_R","Bash","Cleave","Shrug It Off+1","Rampage","Wild Strike","Disarm+1","Whirlwind","Heavy Blade","Clash","Spot Weakness","Flex","True Grit+1","Immolate","Bloodletting","Flex","J.A.X.","Seeing Red","True Grit+1","Rupture+1","Heavy Blade","Infernal Blade","Intimidate+1"],"relics":["Burning Blood","Bag of Preparation","Kunai","Oddly Smooth Stone","WingedGreaves","Vajra","CeramicFish","Runic Pyramid","Potion Belt","Prayer Wheel"],"acts_visited":["Exordium","TheCity"],"potions_floor_usage":[12,14,14,27,28,28,33,33],"damage_taken":[{"damage":2,"enemies":"Small Slimes","floor":1,"turns":4},{"damage":5,"enemies":"Jaw Worm","floor":2,"turns":4},{"damage":0,"enemies":"Cultist","floor":3,"turns":4},{"damage":4,"enemies":"Blue Slaver","floor":4,"turns":4},{"damage":1,"enemies":"3 Louse","floor":8,"turns":3},{"damage":20,"enemies":"Gremlin Nob","floor":10,"turns":5},{"damage":0,"enemies":"Looter","floor":11,"turns":4},{"damage":12,"enemies":"3 Sentries","floor":12,"turns":6},{"damage":11,"enemies":"Gremlin Nob","floor":14,"turns":4},{"damage":36,"enemies":"Hexaghost","floor":16,"turns":11},{"damage":31,"enemies":"3 Byrds","floor":18,"turns":4},{"damage":15,"enemies":"Spheric Guardian","floor":19,"turns":4},{"damage":49,"enemies":"Slavers","floor":23,"turns":6},{"damage":30,"enemies":"Book of Stabbing","floor":27,"turns":4},{"damage":5,"enemies":"Snecko","floor":28,"turns":5},{"damage":3,"enemies":"Cultist and Chosen","floor":30,"turns":3},{"damage":13,"enemies":"Snake Plant","floor":31,"turns":4},{"damage":72,"enemies":"Collector","floor":33,"turns":7}],"seed_played":"-360005341059052971","potions_obtained":[{"floor":1,"key":"Swift Potion"},{"floor":4,"key":"DuplicationPotion"},{"floor":11,"key":"DuplicationPotion"},{"floor":12,"key":"HeartOfIron"},{"floor":18,"key":"FearPotion"},{"floor":23,"key":"Strength Potion"},{"floor":27,"key":"SkillPotion"},{"floor":31,"key":"GamblersBrew"}],"is_trial":false,"path_per_floor":["M","M","M","M","?","R","?","M","T","E","M","E","$","E","R","B",null,"M","M","?","?","?","E","R","R","T","E","M","R","M","M","R","B"],"character_chosen":"IRONCLAD","items_purchased":["Vajra","Flex"],"campfire_rested":3,"item_purchase_floors":[13,13],"current_hp_per_floor":[80,80,80,80,85,85,85,85,85,71,77,71,71,66,66,36,85,60,51,51,51,51,8,33,58,58,34,35,60,63,56,56,0,0],"gold":378,"neow_bonus":"RANDOM_COMMON_RELIC","is_daily":false,"chose_seed":false,"campfire_upgraded":3,"win_rate":0.0,"timestamp":1613477426,"path_taken":["M","M","M","M","?","R","?","M","T","E","?","E","$","E","R","BOSS","M","M","?","?","?","E","R","R","T","E","M","R","M","M","R","BOSS"],"items_purchased_type":["Relic","Card"],"build_version":"2020-12-22","purchased_purges":0,"victory":false,"max_hp_per_floor":[80,80,80,80,85,85,85,85,85,85,85,85,85,85,85,85,85,85,85,85,85,85,85,85,85,85,85,85,85,85,85,85,85,85],"card_choices":[{"not_picked":["Rage","Anger"],"picked":"Cleave","floor":1},{"not_picked":["Flex","Pommel Strike"],"picked":"Shrug It Off","floor":2},{"not_picked":["Bloodletting","Hemokinesis"],"picked":"Rampage","floor":3},{"not_picked":["Clothesline","Sever Soul"],"picked":"Wild Strike","floor":4},{"not_picked":["Sword Boomerang","Anger"],"picked":"Whirlwind","floor":8},{"not_picked":["Pommel Strike","Flame Barrier"],"picked":"Heavy Blade","floor":10},{"not_picked":["Corruption","Thunderclap"],"picked":"Clash","floor":11},{"not_picked":["Power Through","Clothesline"],"picked":"Spot Weakness","floor":12},{"not_picked":["Spot Weakness","Headbutt"],"picked":"True Grit","floor":14},{"not_picked":["Barricade","Reaper"],"picked":"Immolate","floor":16},{"not_picked":["Pommel Strike","Combust"],"picked":"Bloodletting","floor":18},{"not_picked":["True Grit","Cleave"],"picked":"Flex","floor":19},{"not_picked":["Wild Strike","Intimidate"],"picked":"Seeing Red","floor":23},{"not_picked":["Thunderclap","Wild Strike"],"picked":"True Grit+1","floor":27},{"not_picked":["Flame Barrier","Iron Wave"],"picked":"Rupture+1","floor":28},{"not_picked":["Blood for Blood","Intimidate+1"],"picked":"Heavy Blade","floor":28},{"not_picked":["Iron Wave","Body Slam+1"],"picked":"Infernal Blade","floor":30},{"not_picked":["Havoc+1","Uppercut+1","Shrug It Off"],"picked":"SKIP","floor":30},{"not_picked":["Burning Pact","Barricade"],"picked":"Intimidate+1","floor":31},{"not_picked":["Headbutt+1","Warcry","Perfected Strike"],"picked":"SKIP","floor":31}],"player_experience":307904,"relics_obtained":[{"floor":9,"key":"Kunai"},{"floor":10,"key":"Oddly Smooth Stone"},{"floor":12,"key":"WingedGreaves"},{"floor":14,"key":"CeramicFish"},{"floor":23,"key":"Potion Belt"},{"floor":27,"key":"Prayer Wheel"}],"event_choices":[{"damage_healed":0,"gold_gain":0,"player_choice":"Donut","damage_taken":0,"max_hp_gain":5,"max_hp_loss":0,"event_name":"Big Fish","floor":5,"gold_loss":0},{"damage_healed":0,"gold_gain":0,"cards_transformed":["Strike_R"],"player_choice":"Transformed","damage_taken":0,"max_hp_gain":0,"max_hp_loss":0,"event_name":"Transmorgrifier","floor":7,"gold_loss":0,"cards_obtained":["Disarm"]},{"damage_healed":0,"gold_gain":0,"player_choice":"Obtain J.A.X.","damage_taken":0,"max_hp_gain":0,"max_hp_loss":0,"event_name":"Drug Dealer","floor":20,"gold_loss":0,"cards_obtained":["J.A.X."]},{"cards_removed":["Strike_R"],"damage_healed":0,"gold_gain":0,"player_choice":"Gave Gold","damage_taken":0,"max_hp_gain":0,"max_hp_loss":0,"event_name":"Beggar","floor":21,"gold_loss":75},{"damage_healed":0,"gold_gain":0,"player_choice":"Ignored","damage_taken":0,"max_hp_gain":0,"max_hp_loss":0,"event_name":"Cursed Tome","floor":22,"gold_loss":0}],"is_beta":false,"boss_relics":[{"not_picked":["SacredBark","Mark of Pain"],"picked":"Runic Pyramid"}],"items_purged_floors":[],"is_endless":false,"potions_floor_spawned":[1,4,11,12,18,23,27,31],"killed_by":"Collector","ascension_level":1}}