{"host":"st1kg310ms6sytc5","time":1613505077,"event":{"mods":["ATMod(°¢èªMod)","Act Like it!","BaseMod","CapriCore","Lobotomy","LobotomyExtend","Minty Spire (QoL Compilation)","Reliquary","StSLib","SuperFastMode","Wide Potions","[IsaacMod]ÒÔÈö¼âËþ","¡¾ÒÅÎï¿¨ÅÆ¡¿REMEMod"],"gold_per_floor":[138,138,138,138,173,206,250,305,352,352,364,364,364,414,414,510,510,551,551,593,593,609,664,385,415,438,303,322,339,419,449,449,544,544,560,435,453,453,471,471,499,517,517,574,618,638,638,697,697,697,727],"floor_reached":52,"language":"ZHS","playtime":3511,"items_purged":["Strike_G","Strike_G+1","Defend_G","Dash","Defend_G"],"score":1266,"play_id":"430d473d-be84-4309-91ea-eb2c1c016346","local_time":"20210217035117","is_ascension_mode":true,"campfire_choices":[{"data":"Wish","floor":10.0,"key":"SMITH"},{"data":"Tactician","floor":13.0,"key":"SMITH"},{"data":"Reflex","floor":15.0,"key":"SMITH"},{"data":"AT_DivineConfetti","floor":32.0,"key":"SMITH"},{"data":"Adrenaline","floor":40.0,"key":"SMITH"},{"floor":47.0,"key":"RECALL"},{"data":"AT_WindRun","floor":49.0,"key":"SMITH"}],"circlet_count":0,"master_deck":["Defend_G","Defend_G","Defend_G","Survivor","Neutralize","AT_DivineConfetti+1","Wish+1","OldLady","Tactician+1","Reflex+1","SpiderBud","AT_WindFlip","UniverseFragment","Acrobatics","AT_FocusSwordFire+1","Blade Dance","Leg Sweep","Blade Dance","AT_WindRun+1","Accuracy","Phantasmal Killer","Adrenaline+1","AT_EssenceShift","AT_ShadowStep","AT_ShadowStep+1","Prepared","MeltingLove","Escape Plan+1","Acrobatics+1","NothingThere","Prepared+1"],"relics":["Ring of the Snake","AT_ATBox","REME_ComplimentaryCards","HushsDoor","BookOfRevelations","CogitoBucket","LetterFromLob","Gambling Chip","AT_BladeRuinedKing","reliquary:Stiletto","AT_SeraphEmbrace","AspirationHeart","reliquary:HotPoker","Pen Nib","reliquary:RedCape","GuppysPaw","NineLifeCat","LaetitiaHeart","Moonlight_r","SkinProphecy","reliquary:TuningFork","TheAbacus","Mummified Hand","DeadEye","Orichalcum","reliquary:TridentHead","Coffee Dripper","UnicornStump","Dream Catcher","HornCleat","reliquary:PrincelyHelmet"],"acts_visited":["Exordium","TheCity","TheBeyond"],"potions_floor_usage":[],"damage_taken":[{"damage":11.0,"enemies":"Jaw Worm","floor":1.0,"turns":6.0},{"damage":0.0,"enemies":"2 Louse","floor":5.0,"turns":4.0},{"damage":12.0,"enemies":"Gremlin Nob","floor":6.0,"turns":4.0},{"damage":0.0,"enemies":"Small Slimes","floor":7.0,"turns":4.0},{"damage":9.0,"enemies":"3 Sentries","floor":8.0,"turns":3.0},{"damage":8.0,"enemies":"3 Louse","floor":11.0,"turns":8.0},{"damage":0.0,"enemies":"Hiden Room Battle","floor":14.0,"turns":1.0},{"damage":0.0,"enemies":"The Guardian","floor":16.0,"turns":10.0},{"damage":0.0,"enemies":"3 Byrds","floor":18.0,"turns":4.0},{"damage":0.0,"enemies":"3 Byrds","floor":19.0,"turns":1.0},{"damage":0.0,"enemies":"2 Thieves","floor":20.0,"turns":3.0},{"damage":9.0,"enemies":"3 Cultists","floor":22.0,"turns":4.0},{"damage":7.0,"enemies":"Book of Stabbing","floor":23.0,"turns":3.0},{"damage":0.0,"enemies":"Slavers","floor":25.0,"turns":1.0},{"damage":0.0,"enemies":"Sentry and Sphere","floor":28.0,"turns":1.0},{"damage":0.0,"enemies":"Snake Plant","floor":29.0,"turns":1.0},{"damage":0.0,"enemies":"Hiden Room Battle","floor":30.0,"turns":3.0},{"damage":0.0,"enemies":"Book of Stabbing","floor":31.0,"turns":2.0},{"damage":0.0,"enemies":"Automaton","floor":33.0,"turns":2.0},{"damage":0.0,"enemies":"3 Darklings","floor":35.0,"turns":2.0},{"damage":0.0,"enemies":"Orb Walker","floor":37.0,"turns":1.0},{"damage":0.0,"enemies":"Jaw Worm Horde","floor":39.0,"turns":1.0},{"damage":0.0,"enemies":"Nemesis","floor":41.0,"turns":1.0},{"damage":0.0,"enemies":"Maw","floor":42.0,"turns":1.0},{"damage":0.0,"enemies":"Giant Head","floor":44.0,"turns":1.0},{"damage":0.0,"enemies":"Sphere and 2 Shapes","floor":45.0,"turns":1.0},{"damage":0.0,"enemies":"3 Darklings","floor":46.0,"turns":1.0},{"damage":16.0,"enemies":"Nemesis","floor":48.0,"turns":4.0},{"damage":0.0,"enemies":"FixerMidnight","floor":50.0,"turns":1.0},{"damage":0.0,"enemies":"Malkuth","floor":51.0,"turns":1.0},{"damage":0.0,"enemies":"Netzach","floor":51.0,"turns":2.0},{"damage":0.0,"enemies":"Tiphereth","floor":51.0,"turns":1.0},{"damage":120,"enemies":"Binah","floor":52,"turns":8},{"damage":110,"enemies":"Angela","floor":52,"turns":5}],"seed_played":"81446936613475396","potions_obtained":[{"floor":7.0,"key":"FearPotion"},{"floor":14.0,"key":"Energy Potion"},{"floor":16.0,"key":"Energy Potion"},{"floor":28.0,"key":"BlessingOfTheForge"},{"floor":33.0,"key":"EntropicBrew"}],"is_trial":false,"path_per_floor":["M","?","?","T","M","E","M","E","T","R","M","?","R","?","R","B",null,"M","?","M","?","M","E","$","E","T","$","M","M","?","E","R","B",null,"M","$","M","?","M","R","E","M","T","E","M","M","R","E","R","B",null,null,null],"character_chosen":"THE_SILENT","items_purchased":["GuppysPaw","AT_FocusSwordFire","NineLifeCat","TheAbacus","Blade Dance","AT_WindRun","Adrenaline","AT_EssenceShift"],"campfire_rested":0,"item_purchase_floors":[17,17,17,24,24,27,34,34],"current_hp_per_floor":[59,52,57,57,57,45,45,36,36,36,38,38,38,23,23,23,14,14,6,6,6,14,3,3,1,1,1,1,1,18,14,14,10,13,5,5,1,1,1,1,1,1,1,1,1,26,26,23,23,35,41],"gold":727,"neow_bonus":"","is_daily":false,"chose_seed":false,"campfire_upgraded":6,"win_rate":0.0,"timestamp":1613505077,"path_taken":["M","?","?","?","M","E","M","E","T","R","M","?","R","?","R","BOSS","M","?","?","?","M","E","$","E","T","?","M","?","?","E","R","BOSS","M","$","M","?","?","R","E","M","T","E","M","M","R","E","R","BOSS"],"items_purchased_type":["Relic","Card","Relic","Relic","Card","Card","Card","Card"],"build_version":"2020-12-22","purchased_purges":5,"victory":true,"max_hp_per_floor":[70,70,75,75,75,75,75,75,75,75,85,85,85,85,85,85,14,14,14,14,14,14,16,16,18,18,18,20,22,24,26,26,28,13,17,17,19,19,21,21,23,25,25,27,29,31,31,33,33,35,41],"card_choices":[{"not_picked":[],"picked":"Bomb","floor":0.0},{"not_picked":["Scarecrow","PunishingBird"],"picked":"OldLady","floor":1.0},{"not_picked":["REME_GreenPollution","Outmaneuver"],"picked":"Tactician","floor":1.0},{"not_picked":["Slice","Eviscerate","Dodge and Roll"],"picked":"SKIP","floor":5.0},{"not_picked":["After Image","Deadly Poison"],"picked":"Reflex","floor":6.0},{"not_picked":["Scorched","VoidDream"],"picked":"SpiderBud","floor":7.0},{"not_picked":["Bane","Prepared"],"picked":"AT_WindFlip","floor":7.0},{"not_picked":["Outmaneuver","PiercingWail"],"picked":"Bomb","floor":8.0},{"not_picked":["ShyLook","Murderer"],"picked":"UniverseFragment","floor":8.0},{"not_picked":["PiercingWail","Distraction"],"picked":"Acrobatics","floor":11.0},{"not_picked":["Underhanded Strike","Deflect"],"picked":"Bomb","floor":14.0},{"not_picked":["Deflect","Cloak And Dagger","Bane"],"picked":"SKIP","floor":18.0},{"not_picked":["AT_WomanClash","Burst"],"picked":"Blade Dance","floor":20.0},{"not_picked":["Setup","Endless Agony","Riddle With Holes+1"],"picked":"SKIP","floor":22.0},{"not_picked":["Dagger Throw+1","Sucker Punch+1","Wraith Form v2"],"picked":"SKIP","floor":23.0},{"not_picked":["Bane+1","Cloak And Dagger","Bouncing Flask"],"picked":"SKIP","floor":25.0},{"not_picked":["Cloak And Dagger","Bane+1","Poisoned Stab"],"picked":"SKIP","floor":28.0},{"not_picked":["Blade Dance","Bane","Catalyst"],"picked":"SKIP","floor":29.0},{"not_picked":["Quick Slash","AT_WindFlip+1"],"picked":"Accuracy","floor":31.0},{"not_picked":["REME_CopyPotion","AT_MyraUnstableElement"],"picked":"Phantasmal Killer","floor":33.0},{"not_picked":["Caltrops+1","Poisoned Stab","Quick Slash+1"],"picked":"SKIP","floor":35.0},{"not_picked":["Infinite Blades+1","Dagger Spray+1","REME_ShadowStrike"],"picked":"SKIP","floor":37.0},{"not_picked":["Bouncing Flask+1","REME_ShadowStrike+1"],"picked":"AT_ShadowStep","floor":39.0},{"not_picked":["Underhanded Strike","Poisoned Stab"],"picked":"AT_ShadowStep+1","floor":41.0},{"not_picked":["All Out Attack+1","Sucker Punch+1"],"picked":"Prepared","floor":42.0},{"not_picked":["Alriune","SilentOrchestra"],"picked":"MeltingLove","floor":44.0},{"not_picked":["Blade Dance","Poisoned Stab"],"picked":"Escape Plan+1","floor":44.0},{"not_picked":["Flying Knee","AT_Desolate+1"],"picked":"Acrobatics+1","floor":45.0},{"not_picked":["BigBadWolf","SilentOrchestra"],"picked":"NothingThere","floor":45.0},{"not_picked":["Cloak And Dagger+1","Dagger Spray+1","Well Laid Plans+1"],"picked":"SKIP","floor":46.0},{"not_picked":["Sucker Punch","Dagger Throw"],"picked":"Prepared+1","floor":48.0}],"player_experience":1456600,"relics_obtained":[{"floor":1.0,"key":"LetterFromLob"},{"floor":4.0,"key":"Gambling Chip"},{"floor":6.0,"key":"AT_BladeRuinedKing"},{"floor":8.0,"key":"reliquary:Stiletto"},{"floor":9.0,"key":"AT_ArchangelStaff"},{"floor":14.0,"key":"reliquary:HotPoker"},{"floor":14.0,"key":"Pen Nib"},{"floor":23.0,"key":"reliquary:TuningFork"},{"floor":25.0,"key":"Mummified Hand"},{"floor":30.0,"key":"DeadEye"},{"floor":30.0,"key":"Orichalcum"},{"floor":31.0,"key":"reliquary:TridentHead"},{"floor":41.0,"key":"UnicornStump"},{"floor":43.0,"key":"Dream Catcher"},{"floor":44.0,"key":"HornCleat"},{"floor":48.0,"key":"reliquary:PrincelyHelmet"}],"event_choices":[{"cards_removed":["Strike_G"],"damage_healed":0.0,"max_hp_gain":0.0,"max_hp_loss":0.0,"gold_gain":0.0,"event_name":"Golden Wing","player_choice":"Card Removal","floor":2.0,"gold_loss":0.0,"damage_taken":7.0},{"damage_healed":0.0,"max_hp_gain":5.0,"max_hp_loss":0.0,"gold_gain":0.0,"event_name":"Big Fish","player_choice":"Donut","floor":3.0,"gold_loss":0.0,"damage_taken":0.0},{"damage_healed":0.0,"max_hp_gain":0.0,"max_hp_loss":0.0,"gold_gain":0.0,"event_name":"Liars Game","player_choice":"Ignored","floor":12.0,"gold_loss":0.0,"damage_taken":0.0},{"damage_healed":0.0,"max_hp_gain":0.0,"max_hp_loss":0.0,"gold_gain":0.0,"event_name":"HidenRoomEvent","player_choice":"Fight","floor":14.0,"gold_loss":0.0,"damage_taken":0.0},{"damage_healed":0.0,"max_hp_gain":0.0,"max_hp_loss":0.0,"gold_gain":0.0,"cards_transformed":["Strike_G","Strike_G"],"event_name":"Drug Dealer","player_choice":"Became Test Subject","floor":21.0,"gold_loss":0.0,"damage_taken":0.0,"cards_obtained":["Dash","Leg Sweep"]},{"damage_healed":0.0,"max_hp_gain":0.0,"max_hp_loss":0.0,"gold_gain":0.0,"event_name":"HidenRoomEvent","player_choice":"Fight","floor":30.0,"gold_loss":0.0,"damage_taken":0.0},{"damage_healed":0.0,"max_hp_gain":0.0,"max_hp_loss":0.0,"gold_gain":0.0,"event_name":"SecretPortal","player_choice":"Ignored","floor":38.0,"gold_loss":0.0,"damage_taken":0.0}],"is_beta":false,"boss_relics":[{"not_picked":["WristBlade","Philosopher\u0027s Stone"],"picked":"reliquary:RedCape"},{"not_picked":[]},{"not_picked":["Snecko Eye","reliquary:ThirdArm"],"picked":"Coffee Dripper"},{"not_picked":[]}],"items_purged_floors":[17,24,27,34,36],"is_endless":false,"potions_floor_spawned":[7,14,16,20,23,28,31,33,35,37,39,46],"ascension_level":1}}