{"host":"kk6i5v7sjcm8i50x","time":1613509185,"event":{"mods":["BaseMod","Bestiary","Colored Map","Hubris","Minty Spire (QoL Compilation)","Reliquary","StSLib"],"gold_per_floor":[110,123,123,123,123,149,1,36,36,36,54,54,65,165,165,261,261,277,289,204,57,57,88,13,40,40,57,57,57],"floor_reached":28,"language":"ENG","playtime":1281,"items_purged":["Defend_G"],"score":264,"play_id":"4bee12ce-486d-46e1-989c-49bbe184ca3f","local_time":"20210216155945","is_ascension_mode":false,"campfire_choices":[{"data":"Outmaneuver","floor":10,"key":"SMITH"},{"data":"Neutralize","floor":12,"key":"SMITH"},{"data":"Backflip","floor":15,"key":"SMITH"}],"circlet_count":0,"master_deck":["Strike_G+1","Strike_G","Strike_G+1","Strike_G","Strike_G","Defend_G","Defend_G","Defend_G","Defend_G","Survivor","Neutralize+1","Infinite Blades+1","Outmaneuver+1","Blade Dance","Backflip+1","A Thousand Cuts","Backstab"],"relics":["Ring of the Snake","hubris:Towel","Letter Opener","Vajra","reliquary:PurpleTingedLeaf","Tiny Chest","hubris:Backtick","Shuriken","hubris:Metronome","Sling","Whetstone","hubris:Reverence","MealTicket","reliquary:Firecrackers"],"acts_visited":["Exordium","TheCity"],"potions_floor_usage":[6,8,8,8,16,18,25,27],"damage_taken":[{"damage":7,"enemies":"2 Louse","floor":1,"turns":5},{"damage":5,"enemies":"Jaw Worm","floor":2,"turns":4},{"damage":23,"enemies":"Gremlin Nob","floor":6,"turns":5},{"damage":5,"enemies":"3 Sentries","floor":8,"turns":5},{"damage":0,"enemies":"Small Slimes","floor":11,"turns":2},{"damage":2,"enemies":"Blue Slaver","floor":13,"turns":5},{"damage":42,"enemies":"Slime Boss","floor":16,"turns":12},{"damage":5,"enemies":"3 Byrds","floor":18,"turns":5},{"damage":0,"enemies":"Spheric Guardian","floor":19,"turns":3},{"damage":8,"enemies":"Gremlin Leader","floor":23,"turns":6},{"damage":37,"enemies":"Slavers","floor":25,"turns":4},{"damage":20,"enemies":"Snake Plant","floor":27,"turns":4},{"damage":7,"enemies":"Shelled Parasite and Fungi","floor":28,"turns":1}],"seed_played":"4778762931476308232","potions_obtained":[{"floor":0,"key":"AttackPotion"},{"floor":0,"key":"DistilledChaos"},{"floor":0,"key":"EssenceOfSteel"},{"floor":6,"key":"ColorlessPotion"},{"floor":13,"key":"FearPotion"},{"floor":16,"key":"Fire Potion"},{"floor":19,"key":"EssenceOfSteel"},{"floor":25,"key":"Poison Potion"}],"is_trial":false,"path_per_floor":["M","M","?","?","?","E","$","E","T","R","M","R","M","?","R","B",null,"M","M","?","$","T","E","$","E","T","M","M"],"character_chosen":"THE_SILENT","items_purchased":["Vajra","Sling"],"campfire_rested":0,"item_purchase_floors":[7,21],"current_hp_per_floor":[63,58,58,58,70,47,47,42,42,42,43,43,43,43,43,4,70,66,68,68,68,68,62,62,26,26,7,0,0],"gold":57,"neow_bonus":"THREE_SMALL_POTIONS","is_daily":false,"chose_seed":false,"campfire_upgraded":3,"win_rate":0.0,"timestamp":1613509185,"path_taken":["M","M","?","?","?","E","?","E","T","R","M","R","M","?","R","BOSS","M","?","?","$","?","E","?","E","T","M","M"],"items_purchased_type":["Relic","Relic"],"build_version":"2020-12-22","purchased_purges":1,"victory":false,"max_hp_per_floor":[70,70,70,70,70,70,70,70,70,70,70,70,70,70,70,70,70,70,70,70,70,70,70,70,70,70,70,70,70],"card_choices":[{"not_picked":["Deflect","Flying Knee"],"picked":"Infinite Blades","floor":1},{"not_picked":["Choke","Deflect"],"picked":"Outmaneuver","floor":2},{"not_picked":["PiercingWail","Dagger Spray"],"picked":"Blade Dance","floor":6},{"not_picked":["Escape Plan","Infinite Blades","Corpse Explosion"],"picked":"SKIP","floor":8},{"not_picked":["PiercingWail","Poisoned Stab"],"picked":"Backflip","floor":11},{"not_picked":["Heel Hook","Poisoned Stab","Well Laid Plans"],"picked":"SKIP","floor":13},{"not_picked":["Night Terror","Doppelganger"],"picked":"A Thousand Cuts","floor":16},{"not_picked":["Setup","Outmaneuver"],"picked":"Backstab","floor":18},{"not_picked":["Backflip+1","Blur","Endless Agony"],"picked":"SKIP","floor":19},{"not_picked":["Expertise","hubris:SlightOfHand","Sucker Punch"],"picked":"SKIP","floor":23},{"not_picked":["Acrobatics","Outmaneuver","Expertise"],"picked":"SKIP","floor":25},{"not_picked":["Underhanded Strike","Sucker Punch","Tools of the Trade"],"picked":"SKIP","floor":27}],"player_experience":232032,"relics_obtained":[{"floor":6,"key":"Letter Opener"},{"floor":8,"key":"reliquary:PurpleTingedLeaf"},{"floor":9,"key":"Tiny Chest"},{"floor":22,"key":"Whetstone"},{"floor":23,"key":"hubris:Reverence"},{"floor":25,"key":"MealTicket"},{"floor":26,"key":"reliquary:Firecrackers"}],"event_choices":[{"damage_healed":23,"gold_gain":0,"player_choice":"Banana","damage_taken":0,"max_hp_gain":0,"max_hp_loss":0,"event_name":"Big Fish","floor":5,"gold_loss":0},{"damage_healed":0,"gold_gain":100,"player_choice":"Pray","damage_taken":0,"max_hp_gain":0,"max_hp_loss":0,"event_name":"Golden Shrine","floor":14,"gold_loss":0},{"damage_healed":0,"gold_gain":0,"player_choice":"Obtained Relic","damage_taken":0,"relics_obtained":["hubris:Metronome"],"max_hp_gain":0,"max_hp_loss":0,"event_name":"Addict","floor":20,"gold_loss":85}],"is_beta":false,"boss_relics":[{"not_picked":["hubris:VirtuousBlindfold","Snecko Eye"],"picked":"hubris:Backtick"}],"items_purged_floors":[24],"is_endless":false,"potions_floor_spawned":[2,6,13,16,19,25],"killed_by":"Shelled Parasite and Fungi","ascension_level":0}}