{"host":"owox7x4ngjt9htcc","time":1613457654,"event":{"mods":["BaseMod","Colored Map","DeckTracker","Keyboard Shortcuts","Minty Spire (QoL Compilation)","SuperFastMode"],"gold_per_floor":[114,129,144,1,1,31,46,46,46,46,61,91,106,121,121,221,221,236,161,76,91,23,53,68,68,93,93,93],"floor_reached":27,"language":"KOR","playtime":630,"items_purged":[],"score":295,"play_id":"4b9cb27b-d89a-4586-8349-49228d61eeb1","local_time":"20210216154054","daily_mods":["Specialized","ControlledChaos","Lethality"],"is_ascension_mode":false,"campfire_choices":[{"floor":15.0,"key":"REST"},{"floor":25,"key":"REST"}],"circlet_count":0,"master_deck":["Strike_P","Strike_P","Defend_P","Defend_P","Defend_P","Defend_P","Eruption+1","Vigilance","Pray+1","Pray","Pray","Pray+1","Pray","FollowUp","FearNoEvil","CutThroughFate","Swift Strike","CrushJoints","Evaluate","Prostrate","Nirvana","Prostrate","Study","Tantrum","Conclude","LessonLearned","ThirdEye+1","BowlingBash","Tantrum","TalkToTheHand+1","DeusExMachina","ClearTheMind+1"],"relics":["PureWater","Frozen Eye","Omamori","War Paint","Bag of Preparation","Yang","Calling Bell","Tiny Chest","TeardropLocket","Gambling Chip","Prayer Wheel","Eternal Feather","MealTicket"],"acts_visited":["Exordium","TheCity"],"potions_floor_usage":[],"damage_taken":[{"damage":2.0,"enemies":"Small Slimes","floor":1.0,"turns":4.0},{"damage":14.0,"enemies":"Jaw Worm","floor":2.0,"turns":2.0},{"damage":3.0,"enemies":"Cultist","floor":3.0,"turns":4.0},{"damage":0.0,"enemies":"Gremlin Nob","floor":6.0,"turns":2.0},{"damage":3.0,"enemies":"3 Louse","floor":7.0,"turns":2.0},{"damage":3.0,"enemies":"2 Fungi Beasts","floor":11.0,"turns":2.0},{"damage":13.0,"enemies":"3 Sentries","floor":12.0,"turns":6.0},{"damage":5.0,"enemies":"Exordium Wildlife","floor":13.0,"turns":4.0},{"damage":13.0,"enemies":"Gremlin Gang","floor":14.0,"turns":4.0},{"damage":26.0,"enemies":"The Guardian","floor":16.0,"turns":9.0},{"damage":6.0,"enemies":"Shell Parasite","floor":18.0,"turns":3.0},{"damage":0.0,"enemies":"Spheric Guardian","floor":21.0,"turns":1.0},{"damage":56.0,"enemies":"Gremlin Leader","floor":23.0,"turns":5.0},{"damage":0,"enemies":"Snake Plant","floor":24,"turns":2},{"damage":60,"enemies":"Book of Stabbing","floor":27,"turns":5}],"seed_played":"2711566965655028651","potions_obtained":[{"floor":1.0,"key":"PowerPotion"},{"floor":2.0,"key":"PowerPotion"},{"floor":11.0,"key":"Weak Potion"},{"floor":12.0,"key":"Strength Potion"},{"floor":14.0,"key":"DistilledChaos"},{"floor":21.0,"key":"Regen Potion"},{"floor":23.0,"key":"Dexterity Potion"}],"is_trial":false,"path_per_floor":["M","M","M","$","?","E","M","T","T","?","M","E","M","M","R","B",null,"M","?","?","M","$","E","M","R","T","E"],"character_chosen":"WATCHER","items_purchased":["Swift Strike","CrushJoints","TalkToTheHand"],"campfire_rested":2,"item_purchase_floors":[4,4,22],"current_hp_per_floor":[70,56,53,53,53,53,50,50,50,50,47,34,29,16,37,11,72,66,66,66,66,66,19,19,58,58,0,0],"gold":93,"neow_bonus":"","is_daily":true,"chose_seed":false,"campfire_upgraded":0,"win_rate":0.0,"timestamp":1613457654,"path_taken":["M","M","M","$","?","E","M","?","T","?","?","E","M","M","R","BOSS","M","?","?","M","?","E","M","R","T","E"],"items_purchased_type":["Card","Card","Card"],"build_version":"2020-12-22","purchased_purges":0,"victory":false,"max_hp_per_floor":[72,72,72,72,72,72,72,72,72,72,72,72,72,72,72,72,72,72,72,72,72,72,72,72,72,72,72,72],"card_choices":[{"not_picked":["DeceiveReality","ForeignInfluence"],"picked":"FollowUp","floor":1.0},{"not_picked":["CrushJoints","ThirdEye"],"picked":"FearNoEvil","floor":2.0},{"not_picked":["ClearTheMind","SignatureMove"],"picked":"CutThroughFate","floor":3.0},{"not_picked":["Wireheading","ClearTheMind"],"picked":"Evaluate","floor":6.0},{"not_picked":["Evaluate","SashWhip"],"picked":"Prostrate","floor":7.0},{"not_picked":["Halt","EmptyBody"],"picked":"Prostrate","floor":11.0},{"not_picked":["Establishment","Indignation"],"picked":"Study","floor":12.0},{"not_picked":["Crescendo","CutThroughFate"],"picked":"Tantrum","floor":13.0},{"not_picked":["Wireheading","BowlingBash"],"picked":"Conclude","floor":14.0},{"not_picked":["ConjureBlade","Judgement"],"picked":"LessonLearned","floor":16.0},{"not_picked":["EmptyMind","SashWhip"],"picked":"ThirdEye+1","floor":18.0},{"not_picked":["FollowUp","Protect"],"picked":"BowlingBash","floor":21.0},{"not_picked":["Protect","JustLucky+1"],"picked":"Tantrum","floor":21.0},{"not_picked":["EmptyFist","SignatureMove+1"],"picked":"DeusExMachina","floor":23.0},{"not_picked":["DeceiveReality+1","EmptyBody"],"picked":"ClearTheMind+1","floor":24},{"not_picked":["ThirdEye","Halt+1","Protect+1"],"picked":"SKIP","floor":24}],"player_experience":932270,"relics_obtained":[{"floor":6.0,"key":"Omamori"},{"floor":8.0,"key":"War Paint"},{"floor":9.0,"key":"Bag of Preparation"},{"floor":12.0,"key":"Yang"},{"floor":17.0,"key":"Tiny Chest"},{"floor":17.0,"key":"TeardropLocket"},{"floor":17.0,"key":"Gambling Chip"},{"floor":23.0,"key":"Eternal Feather"},{"floor":26,"key":"MealTicket"}],"event_choices":[{"damage_healed":0.0,"max_hp_gain":0.0,"max_hp_loss":0.0,"gold_gain":0.0,"event_name":"Living Wall","player_choice":"Grow","floor":5.0,"gold_loss":0.0,"damage_taken":0.0,"cards_upgraded":["Eruption"]},{"damage_healed":0.0,"max_hp_gain":0.0,"max_hp_loss":0.0,"gold_gain":0.0,"cards_transformed":["Strike_P"],"event_name":"Transmorgrifier","player_choice":"Transformed","floor":10.0,"gold_loss":0.0,"damage_taken":0.0,"cards_obtained":["Nirvana"]},{"cards_removed":["Strike_P"],"damage_healed":0.0,"max_hp_gain":0.0,"max_hp_loss":0.0,"gold_gain":0.0,"event_name":"Beggar","player_choice":"Gave Gold","floor":19.0,"gold_loss":75.0,"damage_taken":0.0},{"damage_healed":0.0,"max_hp_gain":0.0,"max_hp_loss":0.0,"gold_gain":0.0,"event_name":"Addict","player_choice":"Obtained Relic","floor":20.0,"gold_loss":85.0,"damage_taken":0.0,"relics_obtained":["Prayer Wheel"]}],"is_beta":false,"boss_relics":[{"not_picked":["Black Star","HolyWater"],"picked":"Calling Bell"}],"items_purged_floors":[],"is_endless":false,"potions_floor_spawned":[1,2,11,12,14,21,23],"killed_by":"Book of Stabbing","ascension_level":0}}