{"host":"l4am8ae7vj09bp0g","time":1613501326,"event":{"mods":["ATMod(阿瑾Mod)","Act Like it!","BaseMod","Colored Powertips","Conspire","LagranYue(拉格朗・月)","Minty Spire (QoL Compilation)","Quick Restart","Relic Filter","Reliquary","Replay The Spire","Shop Mod","StSLib","SuperFastMode","TestMod"],"gold_per_floor":[111,121,132,146,1,35,35,60,114,128,98,132,132,149,149,254,254,266,285,289,141,168,197,197,228,279,279,379,414,429,440,440,540,540,558,558,572,586,986,1020,1020,1055,1055,1055,1085,1098,1175,807,807,904,904,921,938,338,358,391,391,391],"floor_reached":57,"language":"ZHS","playtime":2188,"items_purged":["Injury","AT_DrawKnifeCut"],"score":1433,"play_id":"7058dcf1-243a-4f07-ab8d-c10ba5368240","local_time":"20210217024846","daily_mods":["SealedDeck","Heirloom","DeadlyEvents","Elite Swarm","Uncertain Future"],"is_ascension_mode":true,"campfire_choices":[{"data":"Offering","floor":13,"key":"SMITH"},{"data":"Feed","floor":15,"key":"SMITH"},{"data":"Body Slam","floor":24,"key":"SMITH"},{"data":"Double Tap","floor":27,"key":"SMITH"},{"data":"Entrench","floor":32,"key":"SMITH"},{"data":"Fire Breathing","floor":41,"key":"SMITH"},{"data":"conspire:Purge","floor":44,"key":"SMITH"},{"data":"Pommel Strike","floor":49,"key":"SMITH"}],"circlet_count":0,"master_deck":["Shrug It Off","Body Slam+1","Feel No Pain","Shrug It Off+1","Fire Breathing+1","Pommel Strike+1","Second Wind","Feed+1","Offering+1","Double Tap+1","conspire:Purge+1","Entrench+1","Exhume+1","Power Through+1","Barricade+1"],"relics":["Burning Blood","AT_ATBox","LagranYue:RandomDrawCardRelic","Torii","Orrery","Ring of Misfortune","ReplayTheSpireMod:Ring of Challenge","Anchor","PreservedInsect","War Paint","Nunchaku","HornCleat","testmod-BlackFramedGlasses","MerchantsRug","Lantern","MealTicket","Ornamental Fan","reliquary:Firecrackers","Happy Flower","CaptainsWheel","conspire:DeflatedDodgeball","Golden Egg","AT_MortalBlade","White Beast Statue","ReplayTheSpireMod:Ninjato","testmod-Muramasa","Orichalcum","Akabeko","reliquary:PurpleTingedLeaf","Iron Hammer"],"acts_visited":["Exordium","TheCity","TheBeyond","Exordium"],"potions_floor_usage":[1,16,16,35,35,35,35],"damage_taken":[{"damage":0,"enemies":"Cultist","floor":1,"turns":3},{"damage":4,"enemies":"conspire:RoseBush","floor":2,"turns":2},{"damage":0,"enemies":"2 Louse","floor":3,"turns":3},{"damage":0,"enemies":"Red Slaver","floor":4,"turns":2},{"damage":1,"enemies":"Replay:BlueRogue","floor":6,"turns":6},{"damage":0,"enemies":"Gremlin Nob","floor":8,"turns":4},{"damage":4,"enemies":"3 Louse","floor":10,"turns":3},{"damage":5,"enemies":"Looter","floor":11,"turns":4},{"damage":0,"enemies":"Replay:BlueRogue","floor":12,"turns":4},{"damage":7,"enemies":"Gremlin Gang","floor":14,"turns":3},{"damage":15,"enemies":"The Guardian","floor":16,"turns":8},{"damage":0,"enemies":"3 Byrds","floor":18,"turns":4},{"damage":4,"enemies":"2 Thieves","floor":19,"turns":3},{"damage":0,"enemies":"Replay:Snechameleon","floor":22,"turns":7},{"damage":5,"enemies":"conspire:SneckoGhost","floor":23,"turns":2},{"damage":3,"enemies":"conspire:Head Lice","floor":25,"turns":3},{"damage":5,"enemies":"Colosseum Slavers","floor":28,"turns":3},{"damage":8,"enemies":"Colosseum Nobs","floor":28,"turns":3},{"damage":8,"enemies":"conspire:SneckoGhost","floor":29,"turns":4},{"damage":1,"enemies":"Centurion and Healer","floor":30,"turns":5},{"damage":7,"enemies":"conspire:HollyBat","floor":31,"turns":6},{"damage":51,"enemies":"Automaton","floor":33,"turns":8},{"damage":0,"enemies":"3 Shapes","floor":35,"turns":3},{"damage":11,"enemies":"3 Darklings","floor":37,"turns":3},{"damage":12,"enemies":"Writhing Mass","floor":38,"turns":3},{"damage":20,"enemies":"Giant Head","floor":40,"turns":6},{"damage":14,"enemies":"R_Hoarder","floor":42,"turns":3},{"damage":9,"enemies":"Nemesis","floor":45,"turns":1},{"damage":6,"enemies":"Sphere and 2 Shapes","floor":46,"turns":2},{"damage":23,"enemies":"conspire:OrnateMirror","floor":50,"turns":4},{"damage":11,"enemies":"Cultist","floor":52,"turns":2},{"damage":0,"enemies":"Small Slimes","floor":53,"turns":1},{"damage":0,"enemies":"2 Louse","floor":55,"turns":2},{"damage":12,"enemies":"Exordium Thugs","floor":56,"turns":2},{"damage":0,"enemies":"Lagavulin","floor":57,"turns":1}],"seed_played":"2177181615587080140","potions_obtained":[{"floor":1,"key":"testmod-SpacePotion"},{"floor":3,"key":"ColorlessPotion"},{"floor":8,"key":"PowerPotion"},{"floor":12,"key":"Block Potion"},{"floor":14,"key":"Adrenaline Potion"},{"floor":16,"key":"Ancient Potion"},{"floor":18,"key":"FearPotion"},{"floor":22,"key":"SpeedPotion"},{"floor":29,"key":"Adrenaline Potion"},{"floor":35,"key":"CultistPotion"},{"floor":42,"key":"LiquidMemories"},{"floor":45,"key":"Adrenaline Potion"},{"floor":46,"key":"BlessingOfTheForge"}],"is_trial":true,"path_per_floor":["M","M","M","M","$","E","?","E","T","M","M","E","R","M","R","B",null,"M","M","$","$","E","E","R","E","T","R","?","E","M","M","R","B",null,"M","?","M","M","?","E","R","E","T","R","E","M","T","$","R","B",null,"M","M","$","M","M","E"],"character_chosen":"IRONCLAD","items_purchased":["Orrery","MerchantsRug","Lantern","Orichalcum","Akabeko","reliquary:PurpleTingedLeaf","Iron Hammer"],"campfire_rested":0,"item_purchase_floors":[5,20,21,48,48,54,54],"current_hp_per_floor":[80,80,80,80,80,80,80,80,80,80,80,83,83,85,85,82,90,94,98,98,98,102,102,102,102,102,102,110,112,118,122,122,88,126,130,130,127,128,128,126,126,121,121,121,119,125,125,140,140,127,142,142,150,150,154,155,156,156],"gold":391,"neow_bonus":"","is_daily":false,"chose_seed":false,"campfire_upgraded":8,"win_rate":0.0,"timestamp":1613501326,"path_taken":["M","M","?","M","$","E","?","E","T","M","?","E","R","M","R","BOSS","M","M","?","$","?","E","R","E","T","R","?","E","M","M","R","BOSS","M","?","M","M","?","E","R","E","T","R","E","M","?","$","R","BOSS","M","M","$","?","M","E"],"items_purchased_type":["Relic","Relic","Relic","Relic","Relic","Relic","Relic"],"build_version":"2020-12-22","purchased_purges":2,"victory":false,"max_hp_per_floor":[80,80,80,80,80,80,80,80,80,80,80,83,83,86,86,90,90,94,98,98,98,102,102,102,102,102,102,110,114,118,122,122,126,126,130,130,130,134,134,138,138,138,138,138,138,142,142,142,142,142,142,146,150,150,154,158,158,158],"card_choices":[{"not_picked":["Clash","Spot Weakness"],"picked":"Shrug It Off","floor":1},{"not_picked":["Headbutt","Warcry"],"picked":"Fire Breathing","floor":2},{"not_picked":["ReplayTheSpireMod:Stacked","Flex"],"picked":"Pommel Strike","floor":3},{"not_picked":["Shrug It Off","Iron Wave","Warcry"],"picked":"SKIP","floor":4},{"not_picked":["Shockwave","Dual Wield"],"picked":"Clash","floor":5},{"not_picked":["Sword Boomerang","conspire:HitWhereItHurts"],"picked":"Second Wind","floor":5},{"not_picked":["Life Link","Clash"],"picked":"True Grit","floor":5},{"not_picked":["Juggernaut","Demon Form"],"picked":"Feed","floor":6},{"not_picked":["Eclipse","Immolate"],"picked":"Offering","floor":8},{"not_picked":["Feel No Pain","Thunderclap","AT_BodySlamDance"],"picked":"SKIP","floor":10},{"not_picked":["Abandon","Headbutt"],"picked":"AT_CaressingTears","floor":11},{"not_picked":["Immolate","Fiend Fire"],"picked":"Double Tap","floor":12},{"not_picked":["AT_IchimonjiDouble","Heavy Blade","Fire Breathing"],"picked":"SKIP","floor":14},{"not_picked":["Double Tap","Reaper"],"picked":"conspire:Purge","floor":16},{"not_picked":["Doubt","Replay:Hysterical Blindness"],"picked":"Writhe","floor":17},{"not_picked":["Spreading Infection","Pain"],"picked":"Injury","floor":17},{"not_picked":["Normality","conspire:Blindness"],"picked":"conspire:NecroticWound","floor":17},{"not_picked":["Entrench","True Grit"],"picked":"Eclipse","floor":18},{"not_picked":["Carnage","conspire:Charge","Body Slam+1"],"picked":"SKIP","floor":19},{"not_picked":["Demon Form","Replay:Many Hands","Brutality"],"picked":"SKIP","floor":22},{"not_picked":["Bludgeon","Replay:Many Hands","AT_Dispersion"],"picked":"SKIP","floor":23},{"not_picked":["Double Tap","AT_Dispersion","Demon Form"],"picked":"SKIP","floor":25},{"not_picked":["conspire:Purge","Corruption","Hemogenesis"],"picked":"SKIP","floor":29},{"not_picked":["Twin Strike","Havoc","True Grit"],"picked":"SKIP","floor":30},{"not_picked":["Entrench","ReplayTheSpireMod:Strike From Hell+1","Clothesline"],"picked":"SKIP","floor":31},{"not_picked":["ReplayTheSpireMod:Strike From Hell+1","Clothesline"],"picked":"Entrench","floor":31},{"not_picked":["Reaper","Demonic Infusion"],"picked":"Exhume","floor":33},{"not_picked":["Clothesline","Shrug It Off+1","Cleave"],"picked":"SKIP","floor":35},{"not_picked":["ReplayReversal+1","Pummel","ReplayTheSpireMod:Strike From Hell+1"],"picked":"SKIP","floor":37},{"not_picked":["Sword Boomerang+1","Cleave+1"],"picked":"Power Through+1","floor":38},{"not_picked":["Offering","Demonic Infusion"],"picked":"Barricade","floor":40},{"not_picked":["Demonic Infusion","Demon Form","Corruption"],"picked":"SKIP","floor":42},{"not_picked":["Limit Break","conspire:Purge","AT_Dispersion"],"picked":"SKIP","floor":45},{"not_picked":["Inflame+1","Heavy Blade+1","Combust+1"],"picked":"SKIP","floor":46},{"not_picked":["Rampage","AT_DiedThrough","Twin Strike"],"picked":"SKIP","floor":52},{"not_picked":["Run Through","Power Through","Replay:Undeath\u0027s Touch"],"picked":"SKIP","floor":53},{"not_picked":["Shrug It Off","Sword Boomerang","Spot Weakness"],"picked":"SKIP","floor":55},{"not_picked":["Dropkick","ReplayTheSpireMod:Stacked","Clash"],"picked":"SKIP","floor":56}],"player_experience":84329,"relics_obtained":[{"floor":7,"key":"Ring of Misfortune"},{"floor":7,"key":"ReplayTheSpireMod:Ring of Challenge"},{"floor":8,"key":"Anchor"},{"floor":9,"key":"PreservedInsect"},{"floor":12,"key":"War Paint"},{"floor":22,"key":"MealTicket"},{"floor":23,"key":"Ornamental Fan"},{"floor":25,"key":"reliquary:Firecrackers"},{"floor":26,"key":"Happy Flower"},{"floor":28,"key":"CaptainsWheel"},{"floor":28,"key":"conspire:DeflatedDodgeball"},{"floor":29,"key":"Golden Egg"},{"floor":40,"key":"White Beast Statue"},{"floor":43,"key":"ReplayTheSpireMod:Ninjato"},{"floor":45,"key":"testmod-Muramasa"}],"event_choices":[{"damage_healed":0,"gold_gain":0,"player_choice":"Fight","damage_taken":0,"max_hp_gain":0,"max_hp_loss":0,"event_name":"Colosseum","floor":28,"gold_loss":0},{"damage_healed":0,"gold_gain":0,"player_choice":"Fought Nobs","damage_taken":0,"max_hp_gain":0,"max_hp_loss":0,"event_name":"Colosseum","floor":28,"gold_loss":0},{"damage_healed":0,"gold_gain":0,"player_choice":"Memory 1","damage_taken":0,"max_hp_gain":0,"max_hp_loss":0,"event_name":"SensoryStone","floor":36,"gold_loss":0},{"damage_healed":0,"gold_gain":400,"player_choice":"Sell","damage_taken":0,"max_hp_gain":0,"max_hp_loss":0,"event_name":"恩洛斯的盘子","floor":39,"relics_lost":["testmod-TestBox"],"gold_loss":0}],"is_beta":false,"boss_relics":[{"not_picked":["Snecko Heart","LagranYue:ContractPerformanceRelic"],"picked":"Replay:Ancient Bell"},{"not_picked":["reliquary:SharkskinSheath","testmod-TurbochargingSystem"],"picked":"Nunchaku"},{"not_picked":["reliquary:JackalopeAntler","reliquary:IridiumChain"],"picked":"HornCleat"},{"not_picked":["Replay:Kaleidoscope","Charon\u0027s Ashes"],"picked":"testmod-BlackFramedGlasses"},{"not_picked":["testmod-KeyOfTheVoid","Replay:Bronze Core"],"picked":"AT_MortalBlade"},{"not_picked":["testmod-IncinerationGenerator","reliquary:KinkedSpring","testmod-Prudence"]}],"items_purged_floors":[48,54],"is_endless":true,"potions_floor_spawned":[1,3,8,12,14,16,18,22,28,29,30,31,33,35,42,45,46,50,52,53,55,56],"killed_by":"Lagavulin","ascension_level":1}}