{"host":"zsnmfqgcm92hlreo","time":1613445383,"event":{"mods":["AchievementEnabler","BaseMod","Bestiary","Block Reminder","Colored Map","Colored Powertips","Filter the Spire","Minty Spire (QoL Compilation)","Permanent Neow","Quick Restart","Relic Stats","StSLib","Weighted Paths"],"gold_per_floor":[116,116,143,159,178,178,178,212,261,289,306,339,339,367,367,445,445,465,255,271,284,149,176,188,216,254,266,309,336,377,44,44,115,115,126,144,157,176,95,95,14,39,39,65,80,113,128,128,128,128,128,128],"floor_reached":51,"language":"ENG","playtime":2180,"items_purged":[],"score":1775,"play_id":"9104aa58-7a9c-4815-a530-0696d8c87454","local_time":"20210215211623","is_ascension_mode":true,"campfire_choices":[{"floor":6.0,"key":"REST"},{"data":"Armaments","floor":15.0,"key":"SMITH"},{"floor":24.0,"key":"REST"},{"data":"Rupture","floor":27.0,"key":"SMITH"},{"floor":32.0,"key":"REST"},{"data":"Inflame","floor":40.0,"key":"SMITH"},{"floor":49.0,"key":"REST"}],"circlet_count":0,"master_deck":["AscendersBane","Bash","Inflame","Flex+1","Combust","Immolate","Armaments+1","Shrug It Off","Barricade","Brutality","Bloodletting","Bludgeon","Spot Weakness","Corruption","Entrench","Sword Boomerang","Fire Breathing","Inflame+1","Entrench","Dual Wield","Heavy Blade","Blood for Blood+1","Rupture+1","Body Slam","Feel No Pain","Hemokinesis","Uppercut+1","Heavy Blade","Dual Wield","Bludgeon","Immolate","Shockwave+1","Feel No Pain","Heavy Blade","Power Through","Limit Break","Double Tap","Dark Embrace","Shrug It Off"],"relics":["Snecko Eye","Lantern","Pen Nib","Meat on the Bone","Regal Pillow","Question Card","War Paint","Orichalcum","Art of War","Pandora\u0027s Box","DollysMirror","MawBank","Omamori","Sundial","Toy Ornithopter","Mummified Hand","Philosopher\u0027s Stone","Akabeko","Bottled Tornado","Mercury Hourglass"],"acts_visited":["Exordium","TheCity","TheBeyond"],"potions_floor_usage":[51],"damage_taken":[{"damage":0.0,"enemies":"Small Slimes","floor":1.0,"turns":2.0},{"damage":9.0,"enemies":"Jaw Worm","floor":4.0,"turns":4.0},{"damage":10.0,"enemies":"2 Louse","floor":5.0,"turns":3.0},{"damage":32.0,"enemies":"Gremlin Nob","floor":8.0,"turns":4.0},{"damage":3.0,"enemies":"Lagavulin","floor":10.0,"turns":5.0},{"damage":1.0,"enemies":"2 Fungi Beasts","floor":11.0,"turns":2.0},{"damage":6.0,"enemies":"3 Sentries","floor":12.0,"turns":3.0},{"damage":1.0,"enemies":"Lagavulin","floor":14.0,"turns":3.0},{"damage":36.0,"enemies":"The Guardian","floor":16.0,"turns":8.0},{"damage":2.0,"enemies":"Spheric Guardian","floor":18.0,"turns":2.0},{"damage":27.0,"enemies":"Shell Parasite","floor":20.0,"turns":3.0},{"damage":1.0,"enemies":"Snake Plant","floor":21.0,"turns":2.0},{"damage":19.0,"enemies":"Book of Stabbing","floor":23.0,"turns":3.0},{"damage":8.0,"enemies":"Sentry and Sphere","floor":25.0,"turns":3.0},{"damage":43.0,"enemies":"Slavers","floor":28.0,"turns":4.0},{"damage":10.0,"enemies":"3 Cultists","floor":29.0,"turns":4.0},{"damage":16.0,"enemies":"Book of Stabbing","floor":30.0,"turns":3.0},{"damage":27.0,"enemies":"Automaton","floor":33.0,"turns":4.0},{"damage":4.0,"enemies":"Orb Walker","floor":35.0,"turns":2.0},{"damage":12.0,"enemies":"3 Shapes","floor":36.0,"turns":4.0},{"damage":3.0,"enemies":"Spire Growth","floor":37.0,"turns":2.0},{"damage":8.0,"enemies":"Jaw Worm Horde","floor":38.0,"turns":2.0},{"damage":0.0,"enemies":"Reptomancer","floor":42.0,"turns":2.0},{"damage":6.0,"enemies":"Giant Head","floor":44.0,"turns":3.0},{"damage":10.0,"enemies":"Sphere and 2 Shapes","floor":45.0,"turns":3.0},{"damage":39.0,"enemies":"Reptomancer","floor":46.0,"turns":3.0},{"damage":7.0,"enemies":"Maw","floor":47.0,"turns":5.0},{"damage":67.0,"enemies":"Time Eater","floor":50.0,"turns":5.0},{"damage":27,"enemies":"Awakened One","floor":51,"turns":2}],"seed_played":"-2579418632558025713","potions_obtained":[{"floor":1.0,"key":"SteroidPotion"},{"floor":8.0,"key":"DistilledChaos"},{"floor":10.0,"key":"Fire Potion"},{"floor":12.0,"key":"Block Potion"},{"floor":20.0,"key":"SteroidPotion"},{"floor":25.0,"key":"Ancient Potion"},{"floor":35.0,"key":"Regen Potion"},{"floor":38.0,"key":"SneckoOil"},{"floor":42.0,"key":"Strength Potion"},{"floor":47.0,"key":"Block Potion"}],"is_trial":false,"path_per_floor":["M","?","T","M","M","R","?","E","T","E","M","E","?","E","R","B",null,"M","$","M","M","$","E","R","M","T","R","E","M","E","$","R","B",null,"M","M","M","M","$","R","$","E","T","E","M","E","M","?","R","B","B"],"character_chosen":"IRONCLAD","items_purchased":["DollysMirror","Dual Wield","Rupture","Body Slam","Mummified Hand","Bludgeon","Power Through","Limit Break"],"campfire_rested":4,"item_purchase_floors":[19,19,22,22,31,31,39,41],"current_hp_per_floor":[68,63,63,54,44,66,66,34,34,43,42,48,48,47,47,23,62,60,60,45,44,44,37,74,66,66,66,35,37,33,33,70,43,67,63,72,69,61,61,61,61,61,61,55,45,23,28,28,65,15,0,0],"gold":128,"neow_bonus":"BOSS_RELIC","is_daily":false,"chose_seed":false,"campfire_upgraded":3,"win_rate":0.0,"timestamp":1613445383,"path_taken":["M","?","?","M","M","R","?","E","T","E","M","E","?","E","R","BOSS","M","$","M","M","?","E","R","M","T","R","E","M","E","$","R","BOSS","M","M","M","M","$","R","?","E","T","E","M","E","M","?","R","BOSS","BOSS"],"items_purchased_type":["Relic","Card","Card","Card","Relic","Card","Card","Card"],"build_version":"2020-12-22","purchased_purges":0,"victory":false,"max_hp_per_floor":[75,75,75,75,75,75,75,75,75,75,75,75,75,75,75,75,75,75,75,75,75,75,75,75,75,75,75,75,75,75,75,75,75,75,75,75,75,75,75,75,75,75,75,75,75,75,75,75,75,75,75,75],"relic_stats":{"Regal Pillow":45,"counters":[29,95],"Pen Nib":[16],"War Paint":["Flex","Defend_R"],"Orichalcum":[120],"Question Card":22,"MawBank":96,"Mercury Hourglass":[45],"Sundial":[0],"Mummified Hand":[122],"Snecko Eye":[164,177,162,153],"Pandora\u0027s Box":["Brutality","Bloodletting","Bludgeon","Spot Weakness","Corruption","Entrench","Sword Boomerang","Fire Breathing"],"Art of War":[7],"obtain_stats":[{"Lantern":2,"Regal Pillow":9,"Pen Nib":3,"Omamori":26,"War Paint":12,"Orichalcum":13,"Bottled Tornado":44,"Question Card":10,"MawBank":23,"Burning Blood":0,"Akabeko":42,"Mercury Hourglass":46,"DollysMirror":19,"Sundial":28,"Mummified Hand":31,"Snecko Eye":0,"Pandora\u0027s Box":17,"Philosopher\u0027s Stone":34,"Art of War":14,"Toy Ornithopter":30,"Meat on the Bone":8},{"Lantern":1,"Regal Pillow":4,"Pen Nib":1,"Omamori":14,"War Paint":7,"Orichalcum":7,"Bottled Tornado":24,"Question Card":5,"MawBank":13,"Burning Blood":0,"Akabeko":23,"Mercury Hourglass":26,"DollysMirror":10,"Sundial":15,"Mummified Hand":17,"Snecko Eye":0,"Pandora\u0027s Box":9,"Philosopher\u0027s Stone":18,"Art of War":8,"Toy Ornithopter":17,"Meat on the Bone":4},{"Lantern":2,"Regal Pillow":13,"Pen Nib":2,"Omamori":47,"War Paint":23,"Orichalcum":23,"Bottled Tornado":77,"Question Card":18,"MawBank":44,"Burning Blood":0,"Akabeko":74,"Mercury Hourglass":83,"DollysMirror":36,"Sundial":51,"Mummified Hand":58,"Snecko Eye":0,"Pandora\u0027s Box":34,"Philosopher\u0027s Stone":62,"Art of War":26,"Toy Ornithopter":58,"Meat on the Bone":13}],"Toy Ornithopter":25,"Meat on the Bone":132},"card_choices":[{"not_picked":["Intimidate","Rage","True Grit"],"picked":"SKIP","floor":1.0},{"not_picked":["Blood for Blood","Armaments"],"picked":"Inflame","floor":4.0},{"not_picked":["True Grit","Sword Boomerang","Anger"],"picked":"SKIP","floor":5.0},{"not_picked":["Wild Strike","Cleave"],"picked":"Combust","floor":8.0},{"not_picked":["Metallicize","Twin Strike"],"picked":"Immolate","floor":10.0},{"not_picked":["Headbutt","Cleave","Wild Strike"],"picked":"Armaments","floor":11.0},{"not_picked":["Cleave","Armaments","Wild Strike"],"picked":"Dark Embrace","floor":12.0},{"not_picked":["True Grit","Cleave","Perfected Strike"],"picked":"Shrug It Off","floor":14.0},{"not_picked":["Offering","Brutality","Impervious"],"picked":"Barricade","floor":16.0},{"not_picked":["Warcry+1","Battle Trance","Clash"],"picked":"Inflame","floor":18.0},{"not_picked":["Perfected Strike","Body Slam","Sword Boomerang"],"picked":"Heavy Blade","floor":20.0},{"not_picked":["Inflame","Battle Trance","Intimidate"],"picked":"Blood for Blood+1","floor":21.0},{"not_picked":["Dual Wield","Cleave","Twin Strike"],"picked":"Feel No Pain","floor":23.0},{"not_picked":["Cleave","Metallicize","Iron Wave"],"picked":"Hemokinesis","floor":25.0},{"not_picked":["Dual Wield","Bludgeon","Rupture+1"],"picked":"Uppercut+1","floor":28.0},{"not_picked":["Sever Soul+1","Sword Boomerang","Infernal Blade+1"],"picked":"Heavy Blade","floor":29.0},{"not_picked":["Spot Weakness","Wild Strike","Cleave"],"picked":"Dual Wield","floor":30.0},{"not_picked":["Offering","Feed","Barricade"],"picked":"Immolate","floor":33.0},{"not_picked":["Ghostly Armor","Battle Trance","Infernal Blade"],"picked":"Shockwave+1","floor":35.0},{"not_picked":["Clothesline","Iron Wave","Thunderclap+1","Warcry"],"picked":"SKIP","floor":36.0},{"not_picked":["Flex","True Grit","Wild Strike"],"picked":"Feel No Pain","floor":37.0},{"not_picked":["Evolve+1","Hemokinesis","Pommel Strike+1"],"picked":"Heavy Blade","floor":38.0},{"not_picked":["Combust","Pommel Strike","Iron Wave"],"picked":"Double Tap","floor":42.0},{"not_picked":["Corruption","Intimidate","Flex","Wild Strike"],"picked":"SKIP","floor":44.0},{"not_picked":["Shockwave","Blood for Blood","Clash"],"picked":"Dark Embrace","floor":45.0},{"not_picked":["Body Slam","Clash+1","Burning Pact","Flex+1"],"picked":"SKIP","floor":46.0},{"not_picked":["Inflame","Metallicize","Anger"],"picked":"Shrug It Off","floor":47.0}],"player_experience":1152550,"relics_obtained":[{"floor":3.0,"key":"Pen Nib"},{"floor":8.0,"key":"Meat on the Bone"},{"floor":9.0,"key":"Regal Pillow"},{"floor":10.0,"key":"Question Card"},{"floor":12.0,"key":"War Paint"},{"floor":14.0,"key":"Art of War"},{"floor":23.0,"key":"MawBank"},{"floor":26.0,"key":"Omamori"},{"floor":28.0,"key":"Sundial"},{"floor":30.0,"key":"Toy Ornithopter"},{"floor":42.0,"key":"Akabeko"},{"floor":44.0,"key":"Bottled Tornado"},{"floor":46.0,"key":"Mercury Hourglass"}],"event_choices":[{"damage_healed":0.0,"max_hp_gain":0.0,"max_hp_loss":0.0,"gold_gain":0.0,"event_name":"Scrap Ooze","player_choice":"Success","floor":2.0,"gold_loss":0.0,"damage_taken":5.0,"relics_obtained":["Lantern"]},{"damage_healed":0.0,"max_hp_gain":0.0,"max_hp_loss":0.0,"gold_gain":0.0,"cards_transformed":["Strike_R"],"event_name":"Living Wall","player_choice":"Change","floor":7.0,"gold_loss":0.0,"damage_taken":0.0,"cards_obtained":["Flex"]},{"cards_removed":["Dark Embrace"],"damage_healed":0.0,"max_hp_gain":0.0,"max_hp_loss":0.0,"gold_gain":0.0,"event_name":"WeMeetAgain","player_choice":"Gave Card","floor":13.0,"gold_loss":0.0,"damage_taken":0.0,"relics_obtained":["Orichalcum"]},{"damage_healed":0.0,"max_hp_gain":0.0,"max_hp_loss":0.0,"gold_gain":0.0,"event_name":"SecretPortal","player_choice":"Ignored","floor":48.0,"gold_loss":0.0,"damage_taken":0.0}],"is_beta":false,"boss_relics":[{"not_picked":["Runic Pyramid","Empty Cage"],"picked":"Pandora\u0027s Box"},{"not_picked":["Coffee Dripper","Runic Cube"],"picked":"Philosopher\u0027s Stone"}],"items_purged_floors":[],"is_endless":false,"potions_floor_spawned":[1,8,10,12,20,25,33,35,38,42,44,47],"killed_by":"Awakened One","ascension_level":20}}