{"host":"pj7egx7jkoz18hom","time":1613513887,"event":{"mods":["AchievementEnabler","BaseMod","Keyboard Shortcuts","Minty Spire (QoL Compilation)","SuperFastMode"],"gold_per_floor":[119,138,157,172,190,221,221,231,255,287,287,287,362,362,362,481,781,814,826,857,869,529,529,529,529],"floor_reached":24,"language":"KOR","playtime":956,"items_purged":[],"score":314,"play_id":"30ba2e47-18cf-43c4-9156-f47e3e01ce62","local_time":"20210217071807","is_ascension_mode":true,"campfire_choices":[{"floor":7,"key":"REST"},{"floor":15,"key":"REST"},{"floor":23,"key":"REST"}],"circlet_count":0,"master_deck":["Strike_R","Strike_R","Strike_R","Strike_R","Strike_R","Defend_R","Defend_R","Defend_R","Defend_R","Bash","Cleave","Perfected Strike","Pommel Strike","Twin Strike","Offering","Impervious","CurseOfTheBell","Dual Wield+1","Perfected Strike","Armaments+1","True Grit+1","Perfected Strike","Perfected Strike","Armaments+1"],"relics":["Burning Blood","Ancient Tea Set","Paper Frog","Toy Ornithopter","Happy Flower","Oddly Smooth Stone","Golden Idol","Mummified Hand","Calling Bell","MawBank","Toxic Egg 2","Old Coin","Pen Nib","Orrery"],"acts_visited":["Exordium","TheCity"],"potions_floor_usage":[5,6,10,16,20],"damage_taken":[{"damage":12,"enemies":"Jaw Worm","floor":1,"turns":3},{"damage":5,"enemies":"Small Slimes","floor":2,"turns":3},{"damage":0,"enemies":"2 Louse","floor":3,"turns":2},{"damage":18,"enemies":"Large Slime","floor":4,"turns":5},{"damage":22,"enemies":"Exordium Wildlife","floor":5,"turns":4},{"damage":23,"enemies":"Lagavulin","floor":6,"turns":5},{"damage":13,"enemies":"Red Slaver","floor":8,"turns":4},{"damage":3,"enemies":"Gremlin Nob","floor":10,"turns":2},{"damage":33,"enemies":"Hexaghost","floor":16,"turns":7},{"damage":46,"enemies":"Shell Parasite","floor":18,"turns":5},{"damage":21,"enemies":"Spheric Guardian","floor":20,"turns":5},{"damage":39,"enemies":"Book of Stabbing","floor":24,"turns":4}],"seed_played":"-8380009601887590859","potions_obtained":[{"floor":3,"key":"SpeedPotion"},{"floor":4,"key":"BlessingOfTheForge"},{"floor":8,"key":"Regen Potion"},{"floor":10,"key":"LiquidMemories"},{"floor":18,"key":"Block Potion"}],"is_trial":false,"path_per_floor":["M","M","M","M","M","E","R","M","T","E","?","?","?","T","R","B",null,"M","?","M","?","$","R","E"],"character_chosen":"IRONCLAD","items_purchased":["Armaments+1","Pen Nib","Orrery"],"campfire_rested":3,"item_purchase_floors":[22,22,22],"current_hp_per_floor":[74,75,80,68,52,35,59,52,52,65,47,47,36,36,58,36,65,25,25,15,15,15,37,0,0],"gold":529,"neow_bonus":"RANDOM_COMMON_RELIC","is_daily":false,"chose_seed":false,"campfire_upgraded":0,"win_rate":0.0,"timestamp":1613513887,"path_taken":["M","M","M","M","M","E","R","M","T","E","?","?","?","?","R","BOSS","M","?","M","?","$","R","E"],"items_purchased_type":["Card","Relic","Relic"],"build_version":"2020-12-22","purchased_purges":0,"victory":false,"max_hp_per_floor":[80,80,80,80,80,80,80,80,80,80,80,74,74,74,74,74,74,74,74,74,74,74,74,74,74],"card_choices":[{"not_picked":["Combust","Reckless Charge"],"picked":"Cleave","floor":1},{"not_picked":["Carnage","Clash"],"picked":"Perfected Strike","floor":2},{"not_picked":["Armaments","Reckless Charge"],"picked":"Pommel Strike","floor":3},{"not_picked":["Sword Boomerang","Headbutt"],"picked":"Bloodletting","floor":4},{"not_picked":["Spot Weakness","Infernal Blade"],"picked":"Twin Strike","floor":5},{"not_picked":["Hemokinesis","Cleave","Bloodletting"],"picked":"SKIP","floor":6},{"not_picked":["Flex","Sentinel","Sever Soul"],"picked":"SKIP","floor":8},{"not_picked":["Whirlwind","Hemokinesis"],"picked":"Offering","floor":10},{"not_picked":["Limit Break","Fiend Fire"],"picked":"Impervious","floor":16},{"not_picked":["Clothesline","Sword Boomerang"],"picked":"Dual Wield+1","floor":18},{"not_picked":["Flex+1","Intimidate+1","Pommel Strike+1"],"picked":"SKIP","floor":20},{"not_picked":["Corruption","Pummel"],"picked":"True Grit+1","floor":22},{"not_picked":["Seeing Red+1","Shockwave+1"],"picked":"Perfected Strike","floor":22},{"not_picked":["Cleave+1","Burning Pact+1"],"picked":"Perfected Strike","floor":22},{"not_picked":["Burning Pact+1","Pommel Strike"],"picked":"Armaments+1","floor":22}],"player_experience":121010,"relics_obtained":[{"floor":6,"key":"Paper Frog"},{"floor":9,"key":"Toy Ornithopter"},{"floor":10,"key":"Happy Flower"},{"floor":14,"key":"Mummified Hand"},{"floor":17,"key":"MawBank"},{"floor":17,"key":"Toxic Egg 2"},{"floor":17,"key":"Old Coin"}],"event_choices":[{"damage_healed":0,"gold_gain":0,"player_choice":"Success","damage_taken":18,"relics_obtained":["Oddly Smooth Stone"],"max_hp_gain":0,"max_hp_loss":0,"event_name":"Scrap Ooze","floor":11,"gold_loss":0},{"damage_healed":0,"gold_gain":0,"player_choice":"Lose Max HP","damage_taken":0,"relics_obtained":["Golden Idol"],"max_hp_gain":0,"max_hp_loss":6,"event_name":"Golden Idol","floor":12,"gold_loss":0},{"damage_healed":0,"gold_gain":75,"player_choice":"Gather Gold","damage_taken":11,"max_hp_gain":0,"max_hp_loss":0,"event_name":"World of Goop","floor":13,"gold_loss":0},{"cards_removed":["Bloodletting"],"damage_healed":0,"gold_gain":0,"player_choice":"Elegance","damage_taken":0,"max_hp_gain":0,"max_hp_loss":0,"event_name":"Back to Basics","floor":19,"gold_loss":0},{"damage_healed":0,"gold_gain":0,"player_choice":"Copied","damage_taken":0,"max_hp_gain":0,"max_hp_loss":0,"event_name":"Duplicator","floor":21,"gold_loss":0,"cards_obtained":["Perfected Strike"]}],"is_beta":false,"boss_relics":[{"not_picked":["SacredBark","Ectoplasm"],"picked":"Calling Bell"}],"items_purged_floors":[],"is_endless":false,"potions_floor_spawned":[3,4,8,10,18],"killed_by":"Book of Stabbing","ascension_level":5}}