{"host":"3knbl8zxdy69ze8y","time":1613449478,"event":{"mods":["Astrologer","Bard","BaseMod","Colored Map","Hermit","Minty Spire (QoL Compilation)","Shapeshifter Mod","Smile Girya","StSLib","The Animator","The Hierophant","The Runesmith","The Widow","TheBandit"],"gold_per_floor":[110,120,134,209,223,223,257,257,309,309,309,328,328,347,347,446,446,463,463,483,483,77,77,77,77],"floor_reached":24,"language":"ENG","playtime":1746,"items_purged":["Runesmith:Permafrost"],"score":246,"play_id":"06b45804-a705-4337-a1f9-bd59f3784e80","local_time":"20210215202438","is_ascension_mode":false,"campfire_choices":[{"data":"Runesmith:EnergizedChisel","floor":6,"key":"SMITH"},{"data":"Runesmith:MetallurgicalResearch","floor":8,"key":"SMITH"},{"floor":10,"key":"REST"},{"data":"Runesmith:Fortify","floor":13,"key":"SMITH"},{"data":"Runesmith:ChargedHammer","floor":15,"key":"SMITH"},{"data":"Runesmith:ChaoticBlast","floor":23,"key":"SMITH"}],"circlet_count":0,"master_deck":["Runesmith:CraftFirestone","Runesmith:Fortify+1","Runesmith:ChargedHammer+1","Runesmith:RuneHurl","Runesmith:CraftProtectio","Runesmith:EnergizedChisel+1","Runesmith:MetallurgicalResearch+1","Runesmith:UnstableHammer","Runesmith:HeatExchange","Runesmith:ReplicatingBarrier","Runesmith:ChaoticBlast+1","Runesmith:ChiselStab","Runesmith:Grindstone","Runesmith:GenerateForcefield","Runesmith:ReplicatingBarrier","Runesmith:GrandSlam","Runesmith:ChiselStab","Runesmith:FieryHammer","Runesmith:CraftMagma","Runesmith:PoweredAnvil"],"relics":["Runesmith:BrokenRuby","Sundial","Blood Vial","Pandora\u0027s Box","Thread and Needle"],"acts_visited":["Exordium","TheCity"],"potions_floor_usage":[],"damage_taken":[{"damage":4,"enemies":"Cultist","floor":1,"turns":4},{"damage":1,"enemies":"Small Slimes","floor":2,"turns":3},{"damage":0,"enemies":"Jaw Worm","floor":3,"turns":3},{"damage":0,"enemies":"2 Fungi Beasts","floor":5,"turns":3},{"damage":31,"enemies":"3 Sentries","floor":7,"turns":7},{"damage":0,"enemies":"Exordium Wildlife","floor":12,"turns":3},{"damage":0,"enemies":"Large Slime","floor":14,"turns":3},{"damage":0,"enemies":"The Guardian","floor":16,"turns":8},{"damage":0,"enemies":"Chosen","floor":18,"turns":4},{"damage":24,"enemies":"2 Thieves","floor":20,"turns":4},{"damage":45,"enemies":"Slavers","floor":24,"turns":2}],"seed_played":"-7647045548794299096","potions_obtained":[{"floor":1,"key":"Ancient Potion"},{"floor":2,"key":"Dexterity Potion"},{"floor":12,"key":"BlessingOfTheForge"}],"is_trial":false,"path_per_floor":["M","M","M","?","M","R","E","R","T","R","?","M","R","M","R","B",null,"M","?","M","?","$","R","E"],"character_chosen":"RUNESMITH_CLASS","items_purchased":["Runesmith:PoweredAnvil","Thread and Needle"],"campfire_rested":1,"item_purchase_floors":[22,22],"current_hp_per_floor":[73,72,72,61,61,61,30,30,30,53,53,55,55,57,57,59,77,77,63,41,41,41,41,0,0],"gold":77,"neow_bonus":"TEN_PERCENT_HP_BONUS","is_daily":false,"chose_seed":false,"campfire_upgraded":5,"win_rate":0.0,"timestamp":1613449478,"path_taken":["M","M","M","?","M","R","E","R","T","R","?","M","R","M","R","BOSS","M","?","M","?","?","R","E"],"items_purchased_type":["Card","Relic"],"build_version":"2020-12-22","purchased_purges":1,"victory":false,"max_hp_per_floor":[77,77,77,77,77,77,77,77,77,77,77,77,77,77,77,77,77,77,82,82,82,82,82,82,82],"card_choices":[{"not_picked":["Runesmith:WhiteBalance","Runesmith:Repurpose"],"picked":"Runesmith:ChargedHammer","floor":1},{"not_picked":["Runesmith:Prism","Runesmith:BackupBattery"],"picked":"Runesmith:RuneHurl","floor":2},{"not_picked":["Runesmith:EarthShield","Runesmith:Prism"],"picked":"Runesmith:CraftProtectio","floor":3},{"not_picked":["Runesmith:FieryHammer","Runesmith:RuneHurl"],"picked":"Runesmith:EnergizedChisel","floor":5},{"not_picked":["Runesmith:Refine","Runesmith:Malloc"],"picked":"Runesmith:MetallurgicalResearch","floor":7},{"not_picked":["Runesmith:HeatedChisel","Runesmith:LithiumIon"],"picked":"Runesmith:UnstableHammer","floor":12},{"not_picked":["Runesmith:ShiftingStrike","Runesmith:MakeshiftArmor"],"picked":"Runesmith:HeatExchange","floor":14},{"not_picked":["Runesmith:LastStand","Runesmith:CreatorForm"],"picked":"Runesmith:ReplicatingBarrier","floor":16},{"not_picked":["Runesmith:FrozenChisel","Runesmith:HeatedChisel+1"],"picked":"Runesmith:FieryHammer","floor":18},{"not_picked":["Runesmith:FrozenChisel","Runesmith:NegativeSpace"],"picked":"Runesmith:CraftMagma","floor":20}],"player_experience":801443,"relics_obtained":[{"floor":7,"key":"Sundial"},{"floor":9,"key":"Blood Vial"}],"event_choices":[{"damage_healed":0,"gold_gain":75,"player_choice":"Gather Gold","damage_taken":11,"max_hp_gain":0,"max_hp_loss":0,"event_name":"World of Goop","floor":4,"gold_loss":0},{"damage_healed":0,"gold_gain":0,"player_choice":"Shed Blood","damage_taken":19,"max_hp_gain":5,"max_hp_loss":0,"event_name":"Forgotten Altar","floor":19,"gold_loss":0},{"damage_healed":0,"gold_gain":0,"player_choice":"Ignored","damage_taken":0,"max_hp_gain":0,"max_hp_loss":0,"event_name":"Vampires","floor":21,"gold_loss":0}],"is_beta":false,"boss_relics":[{"not_picked":["Busted Crown","Ectoplasm"],"picked":"Pandora\u0027s Box"}],"items_purged_floors":[22],"is_endless":false,"potions_floor_spawned":[1,2,12],"killed_by":"Slavers","ascension_level":0}}