{"host":"246dowtjelprzoik","time":1613482026,"event":{"mods":["BaseMod","Minty Spire (QoL Compilation)","Relic Stats","StSLib"],"gold_per_floor":[109,125,56,56,72,72,107,127,179,204,204,204,49,59,59,154,154,166,177,177,196,196,228,228,262,262,262,83,182,197,214,214,316,316,335,0,0,0,15,40,90,121,195,208,208,242,252,252,252,252],"floor_reached":51,"language":"ENG","playtime":2896,"items_purged":[],"score":1233,"play_id":"f4b9d039-6804-43de-b926-a4be7ab4bdb1","local_time":"20210216142706","is_ascension_mode":true,"campfire_choices":[{"data":"Defragment","floor":6.0,"key":"SMITH"},{"data":"Defragment","floor":11.0,"key":"SMITH"},{"floor":15.0,"key":"REST"},{"data":"Biased Cognition","floor":24.0,"key":"SMITH"},{"data":"Hologram","floor":27.0,"key":"SMITH"},{"floor":32.0,"key":"REST"},{"data":"Capacitor","floor":45,"key":"SMITH"},{"data":"Seek","floor":49,"key":"SMITH"}],"circlet_count":0,"master_deck":["Strike_B","Strike_B","Strike_B","Strike_B","Defend_B","Defend_B","Defend_B","Zap","Dualcast","Defragment+1","Glacier","Beam Cell","Sweeping Beam","Hologram+1","Defragment+1","Biased Cognition+1","Reboot","Cold Snap","Cold Snap","Defragment+1","Cold Snap+1","Cold Snap+1","Seek+1","Capacitor+1","Defragment+1","Core Surge","CurseOfTheBell","Force Field+1"],"relics":["Cracked Core","The Courier","Dream Catcher","Bag of Marbles","ClockworkSouvenir","Runic Dome","Lantern","Regal Pillow","Meat on the Bone","DollysMirror","Calling Bell","Strawberry","Molten Egg 2","CaptainsWheel","Red Mask","Blood Vial","Turnip","Smiling Mask","Mercury Hourglass","Anchor"],"acts_visited":[],"potions_floor_usage":[50],"damage_taken":[{"damage":0.0,"enemies":"Cultist","floor":1.0,"turns":3.0},{"damage":6.0,"enemies":"2 Louse","floor":2.0,"turns":3.0},{"damage":5.0,"enemies":"Small Slimes","floor":5.0,"turns":4.0},{"damage":17.0,"enemies":"3 Sentries","floor":7.0,"turns":8.0},{"damage":11.0,"enemies":"Blue Slaver","floor":8.0,"turns":4.0},{"damage":19.0,"enemies":"Gremlin Nob","floor":10.0,"turns":4.0},{"damage":3.0,"enemies":"3 Louse","floor":14.0,"turns":3.0},{"damage":11.0,"enemies":"The Guardian","floor":16.0,"turns":13.0},{"damage":1.0,"enemies":"Shell Parasite","floor":18.0,"turns":6.0},{"damage":0.0,"enemies":"Spheric Guardian","floor":19.0,"turns":4.0},{"damage":8.0,"enemies":"3 Cultists","floor":21.0,"turns":7.0},{"damage":24.0,"enemies":"Slavers","floor":23.0,"turns":5.0},{"damage":17.0,"enemies":"Book of Stabbing","floor":25.0,"turns":5.0},{"damage":8.0,"enemies":"Shelled Parasite and Fungi","floor":30.0,"turns":6.0},{"damage":6.0,"enemies":"Chosen and Byrds","floor":31.0,"turns":8.0},{"damage":0.0,"enemies":"Automaton","floor":33.0,"turns":13.0},{"damage":1.0,"enemies":"3 Darklings","floor":35.0,"turns":10.0},{"damage":8.0,"enemies":"Orb Walker","floor":39.0,"turns":7.0},{"damage":0,"enemies":"Reptomancer","floor":40,"turns":12},{"damage":0,"enemies":"Mind Bloom Boss Battle","floor":41,"turns":6},{"damage":3,"enemies":"Giant Head","floor":42,"turns":11},{"damage":5,"enemies":"Transient","floor":44,"turns":5},{"damage":13,"enemies":"Nemesis","floor":46,"turns":9},{"damage":0,"enemies":"Spire Growth","floor":47,"turns":7},{"damage":0,"enemies":"Donu and Deca","floor":50,"turns":14}],"seed_played":"7982522711867757889","potions_obtained":[{"floor":1.0,"key":"LiquidBronze"},{"floor":5.0,"key":"FocusPotion"},{"floor":8.0,"key":"Swift Potion"},{"floor":14.0,"key":"Fruit Juice"},{"floor":19.0,"key":"Fire Potion"},{"floor":25.0,"key":"Weak Potion"},{"floor":31.0,"key":"Explosive Potion"}],"is_trial":false,"path_per_floor":["M","M","$","$","M","R","E","M","T","E","R","?","$","M","R","B",null,"M","M","?","M","?","E","R","E","T","R","$","?","M","M","R","B",null,"M","?","?","$","M","E","?","E","T","M","R","E","M","?","R","B",null],"character_chosen":"DEFECT","items_purchased":["Glacier","Dexterity Potion","ClockworkSouvenir","Capacitor","DollysMirror"],"campfire_rested":2,"item_purchase_floors":[3,13,13,28,28],"current_hp_per_floor":[75,69,69,69,64,64,47,36,36,17,17,17,17,19,45,34,74,73,73,73,65,65,41,41,24,24,24,24,24,28,34,75,75,91,90,90,89,89,81,81,83,82,82,79,79,68,70,70,70,72],"gold":252,"neow_bonus":"TEN_PERCENT_HP_BONUS","is_daily":false,"chose_seed":false,"campfire_upgraded":6,"win_rate":0.0,"timestamp":1613482026,"path_taken":["M","M","?","$","M","R","E","M","T","E","R","?","$","M","R","BOSS","M","M","?","?","?","E","R","E","T","R","$","?","M","M","R","BOSS","M","?","?","?","M","E","?","E","T","M","R","E","M","?","R","BOSS"],"items_purchased_type":["Card","Potion","Relic","Card","Relic"],"build_version":"2020-12-22","purchased_purges":0,"victory":true,"max_hp_per_floor":[82,82,82,82,82,82,82,82,82,82,82,82,82,87,87,87,87,87,87,87,87,87,87,87,87,87,87,87,87,87,87,87,87,94,94,94,89,89,89,89,89,89,89,89,89,89,89,89,89,89],"relic_stats":{"Blood Vial":12,"Dream Catcher":0,"Regal Pillow":0,"counters":[7,64],"Turnip":[0],"Smiling Mask":0,"obtain_stats":[{"Lantern":0,"Regal Pillow":0,"The Courier":0,"Smiling Mask":42,"ClockworkSouvenir":0,"Mercury Hourglass":43,"Calling Bell":0,"Blood Vial":40,"Runic Dome":0,"Dream Catcher":0,"CaptainsWheel":0,"Anchor":46,"DollysMirror":0,"Strawberry":0,"Molten Egg 2":0,"Turnip":41,"Bag of Marbles":0,"Red Mask":0,"Cracked Core":0,"Meat on the Bone":0},{"Lantern":0,"Regal Pillow":0,"The Courier":0,"Smiling Mask":3,"ClockworkSouvenir":0,"Mercury Hourglass":3,"Calling Bell":0,"Blood Vial":1,"Runic Dome":0,"Dream Catcher":0,"CaptainsWheel":0,"Anchor":5,"DollysMirror":0,"Strawberry":0,"Molten Egg 2":0,"Turnip":2,"Bag of Marbles":0,"Red Mask":0,"Cracked Core":0,"Meat on the Bone":0},{"Lantern":0,"Regal Pillow":0,"The Courier":0,"Smiling Mask":29,"ClockworkSouvenir":0,"Mercury Hourglass":29,"Calling Bell":0,"Blood Vial":12,"Runic Dome":0,"Dream Catcher":0,"CaptainsWheel":0,"Anchor":43,"DollysMirror":0,"Strawberry":0,"Molten Egg 2":0,"Turnip":18,"Bag of Marbles":0,"Red Mask":0,"Cracked Core":0,"Meat on the Bone":0}],"Meat on the Bone":0,"Mercury Hourglass":[100]},"card_choices":[{"not_picked":["Melter","Hologram"],"picked":"Defragment","floor":1.0},{"not_picked":["Aggregate","Reprogram","Turbo"],"picked":"SKIP","floor":2.0},{"not_picked":["Stack","Turbo"],"picked":"Beam Cell","floor":5.0},{"not_picked":["Hello World","Consume"],"picked":"Sweeping Beam","floor":7.0},{"not_picked":["Coolheaded","Genetic Algorithm"],"picked":"Hologram","floor":8.0},{"not_picked":["Streamline","Coolheaded"],"picked":"Defragment","floor":10.0},{"not_picked":["Sunder","Heatsinks","Force Field"],"picked":"SKIP","floor":14.0},{"not_picked":["Stack","Compile Driver"],"picked":"Biased Cognition","floor":15.0},{"not_picked":["Echo Form","Machine Learning"],"picked":"Reboot","floor":16.0},{"not_picked":["Gash","Doom and Gloom"],"picked":"Cold Snap","floor":18.0},{"not_picked":["Coolheaded+1","Gash"],"picked":"Cold Snap","floor":19.0},{"not_picked":["Stack","Hologram"],"picked":"Cold Snap+1","floor":21.0},{"not_picked":["Coolheaded","Buffer"],"picked":"Cold Snap+1","floor":23.0},{"not_picked":["Hologram","Coolheaded"],"picked":"Seek","floor":25.0},{"not_picked":["Loop","Undo","Melter+1"],"picked":"SKIP","floor":30.0},{"not_picked":["Leap","Storm","Sweeping Beam"],"picked":"SKIP","floor":31.0},{"not_picked":["Thunder Strike","Creative AI"],"picked":"Core Surge","floor":33.0},{"not_picked":["Beam Cell+1","Steam","White Noise"],"picked":"SKIP","floor":35.0},{"not_picked":["Leap+1","Turbo"],"picked":"Force Field+1","floor":39},{"not_picked":["Tempest","Consume+1","Coolheaded+1"],"picked":"SKIP","floor":40},{"not_picked":["Streamline+1","Compile Driver+1","Stack"],"picked":"SKIP","floor":42},{"not_picked":["Recycle","Sunder+1","Cold Snap+1"],"picked":"SKIP","floor":44},{"not_picked":["Sweeping Beam+1","Self Repair+1","Consume"],"picked":"SKIP","floor":46},{"not_picked":["Undo","BootSequence","Go for the Eyes+1"],"picked":"SKIP","floor":47}],"player_experience":210997,"relics_obtained":[{"floor":7.0,"key":"The Courier"},{"floor":9.0,"key":"Dream Catcher"},{"floor":10.0,"key":"Bag of Marbles"},{"floor":23.0,"key":"Lantern"},{"floor":25.0,"key":"Regal Pillow"},{"floor":26.0,"key":"Meat on the Bone"},{"floor":34.0,"key":"Strawberry"},{"floor":34.0,"key":"Molten Egg 2"},{"floor":34.0,"key":"CaptainsWheel"},{"floor":40,"key":"Blood Vial"},{"floor":41,"key":"Turnip"},{"floor":42,"key":"Smiling Mask"},{"floor":43,"key":"Mercury Hourglass"},{"floor":46,"key":"Anchor"}],"event_choices":[{"damage_healed":0.0,"max_hp_gain":0.0,"max_hp_loss":0.0,"gold_gain":0.0,"event_name":"Shining Light","player_choice":"Ignored","floor":12.0,"gold_loss":0.0,"damage_taken":0.0},{"damage_healed":0.0,"max_hp_gain":0.0,"max_hp_loss":0.0,"gold_gain":0.0,"event_name":"Duplicator","player_choice":"Copied","floor":20.0,"gold_loss":0.0,"damage_taken":0.0,"cards_obtained":["Defragment"]},{"damage_healed":0.0,"max_hp_gain":0.0,"max_hp_loss":0.0,"gold_gain":0.0,"event_name":"Cursed Tome","player_choice":"Ignored","floor":22.0,"gold_loss":0.0,"damage_taken":0.0},{"damage_healed":0.0,"max_hp_gain":0.0,"max_hp_loss":0.0,"gold_gain":99.0,"event_name":"Nest","player_choice":"Stole From Cult","floor":29.0,"gold_loss":0.0,"damage_taken":0.0},{"damage_healed":0.0,"max_hp_gain":0.0,"max_hp_loss":0.0,"gold_gain":0.0,"event_name":"Tomb of Lord Red Mask","player_choice":"Paid","floor":36.0,"gold_loss":335.0,"damage_taken":0.0,"relics_obtained":["Red Mask"]},{"damage_healed":0.0,"max_hp_gain":0.0,"max_hp_loss":5.0,"gold_gain":0.0,"event_name":"Winding Halls","player_choice":"Max HP","floor":37.0,"gold_loss":0.0,"damage_taken":0.0},{"damage_healed":0,"gold_gain":0,"player_choice":"Fight","damage_taken":0,"max_hp_gain":0,"max_hp_loss":0,"event_name":"MindBloom","floor":41,"gold_loss":0},{"cards_removed":["Defend_B"],"damage_healed":0,"gold_gain":0,"player_choice":"Removed Skill","damage_taken":0,"max_hp_gain":0,"max_hp_loss":0,"event_name":"Falling","floor":48,"gold_loss":0}],"is_beta":false,"boss_relics":[{"not_picked":["Ectoplasm","Tiny House"],"picked":"Runic Dome"},{"not_picked":["FrozenCore","Sozu"],"picked":"Calling Bell"}],"items_purged_floors":[],"is_endless":false,"potions_floor_spawned":[1,5,8,14,19,25,31,35,40,42,46],"ascension_level":7}}