{"host":"zzioommp09tnipoy","time":1613519762,"event":{"mods":["BaseMod","Conjunction","Downfall","Friendly Minions","GifTheSpireLib","Hermit","Infinite Spire","Minty Spire (QoL Compilation)","Prisma Mod","StSLib","Td1madao Mod","The Animator","The Cursed","The Necromancer"],"gold_per_floor":[114,127,127,127,147,175,175,217,217,246,261,261,27,61,61,85,85],"floor_reached":16,"language":"ENG","playtime":744,"items_purged":[],"score":120,"play_id":"b6f1fe3a-9155-4174-8ecb-842dc853913c","local_time":"20210216175602","is_ascension_mode":false,"campfire_choices":[{"floor":7,"key":"REST"},{"floor":12,"key":"REST"},{"floor":15,"key":"REST"}],"circlet_count":0,"master_deck":["hermit:Strike_Hermit","hermit:Strike_Hermit","hermit:Strike_Hermit","hermit:Strike_Hermit","hermit:Defend_Hermit","hermit:Defend_Hermit","hermit:Defend_Hermit","hermit:Defend_Hermit","hermit:Snapshot","hermit:Covet","hermit:Determination+1","hermit:Headshot","hermit:Maintenance","hermit:Combo","hermit:Ricochet","hermit:LoneWolf","hermit:GoldenBullet","hermit:BigShot","hermit:HighCaliber","hermit:Dive"],"relics":["hermit:Momento","infinitespire:Midas Blood","Prayer Wheel","Lizard Tail","Unceasing Top","Boot"],"acts_visited":["Exordium"],"potions_floor_usage":[10,14,16],"damage_taken":[{"damage":2,"enemies":"Small Slimes","floor":1,"turns":3},{"damage":6,"enemies":"2 Louse","floor":2,"turns":3},{"damage":0,"enemies":"Cultist","floor":5,"turns":3},{"damage":27,"enemies":"Gremlin Nob","floor":6,"turns":5},{"damage":25,"enemies":"3 Sentries","floor":8,"turns":9},{"damage":21,"enemies":"Lagavulin","floor":10,"turns":6},{"damage":8,"enemies":"2 Fungi Beasts","floor":11,"turns":3},{"damage":62,"enemies":"Gremlin Gang","floor":14,"turns":6},{"damage":48,"enemies":"Hexaghost","floor":16,"turns":9}],"seed_played":"7739840144823506117","potions_obtained":[{"floor":5,"key":"Explosive Potion"},{"floor":11,"key":"bronze:BurnAndBuffPotion"},{"floor":14,"key":"SteroidPotion"}],"is_trial":false,"path_per_floor":["M","M","?","?","M","E","R","E","T","E","M","R","$","M","R","B"],"character_chosen":"HERMIT","items_purchased":["hermit:BigShot","Boot"],"campfire_rested":3,"item_purchase_floors":[13,13],"current_hp_per_floor":[80,74,74,74,74,47,71,46,46,25,17,41,41,21,45,0,0],"gold":85,"neow_bonus":"TEN_PERCENT_HP_BONUS","is_daily":false,"chose_seed":false,"campfire_upgraded":0,"win_rate":0.0,"timestamp":1613519762,"path_taken":["M","M","?","?","M","E","R","E","T","E","M","R","$","M","R","BOSS"],"items_purchased_type":["Card","Relic"],"build_version":"2020-12-22","purchased_purges":0,"victory":false,"max_hp_per_floor":[82,82,82,82,82,82,82,82,82,82,82,82,82,82,82,82,82],"card_choices":[{"not_picked":["hermit:LowProfile","hermit:Headshot"],"picked":"hermit:Determination","floor":1},{"not_picked":["hermit:Desperado","hermit:BodyArmor"],"picked":"hermit:Headshot","floor":2},{"not_picked":["hermit:WideOpen","hermit:BodyArmor"],"picked":"hermit:Maintenance","floor":5},{"not_picked":["hermit:Dive","hermit:Gambit"],"picked":"hermit:Combo","floor":6},{"not_picked":["hermit:HoleUp","hermit:Malice"],"picked":"hermit:Ricochet","floor":8},{"not_picked":["hermit:Misfire","hermit:SprayPray","hermit:Desperado"],"picked":"SKIP","floor":10},{"not_picked":["hermit:Virtue","hermit:Midnight"],"picked":"hermit:LoneWolf","floor":11},{"not_picked":["hermit:Glare","hermit:RoundhouseKick"],"picked":"hermit:GoldenBullet","floor":11},{"not_picked":["hermit:Desperado","hermit:Headshot"],"picked":"hermit:HighCaliber","floor":14},{"not_picked":["hermit:Snipe","hermit:Misfire"],"picked":"hermit:Dive","floor":14}],"player_experience":164146,"relics_obtained":[{"floor":6,"key":"infinitespire:Midas Blood"},{"floor":8,"key":"Prayer Wheel"},{"floor":9,"key":"Lizard Tail"},{"floor":10,"key":"Unceasing Top"}],"event_choices":[{"damage_healed":0,"gold_gain":0,"player_choice":"Upgraded","damage_taken":0,"max_hp_gain":0,"max_hp_loss":0,"event_name":"Upgrade Shrine","floor":4,"gold_loss":0,"cards_upgraded":["hermit:Determination"]}],"is_beta":false,"boss_relics":[],"items_purged_floors":[],"is_endless":false,"potions_floor_spawned":[5,11,14],"killed_by":"Hexaghost","ascension_level":0}}