{"host":"np9ouipdmi0bkas5","time":1613487743,"event":{"mods":["AchievementEnabler","Aspiration","BaseMod","Better Altar","Better Match","Better Skull","Better Third Choice","Colored Map","Downfall","Highlight Path","Hubris","Infinite Spire","Minty Spire (QoL Compilation)","Replay The Spire","StSLib"],"gold_per_floor":[115,134,59,79,79,107,107,135,162,192,204,204,53,71,71,71,71],"floor_reached":16,"language":"ENG","playtime":662,"items_purged":["Strike_B"],"score":132,"play_id":"05080e01-cf89-4dc6-9347-9f74014d3287","local_time":"20210216070223","is_ascension_mode":true,"campfire_choices":[{"floor":12,"key":"REST"},{"floor":15,"key":"REST"}],"circlet_count":0,"master_deck":["Strike_B","Strike_B","Strike_B","Defend_B","Defend_B","Defend_B","Defend_B","Zap","Dualcast","Ball Lightning","Ball Lightning","Chaos","Redo","Storm","Tempest"],"relics":["Cracked Core","NeowsBlessing","Replay:Wax Seal","Singing Bowl","aspiration:Lifesprig","infinitespire:Freezer","Orrery"],"acts_visited":["Exordium"],"potions_floor_usage":[6,6,11,14],"damage_taken":[{"damage":0,"enemies":"Cultist","floor":1,"turns":1},{"damage":0,"enemies":"Jaw Worm","floor":2,"turns":1},{"damage":0,"enemies":"Small Slimes","floor":4,"turns":1},{"damage":13,"enemies":"3 Sentries","floor":6,"turns":4},{"damage":26,"enemies":"Lagavulin","floor":8,"turns":5},{"damage":7,"enemies":"Replay:BlueRogue","floor":10,"turns":4},{"damage":6,"enemies":"Exordium Wildlife","floor":11,"turns":3},{"damage":5,"enemies":"Lots of Slimes","floor":14,"turns":3},{"damage":91,"enemies":"Fading Forest","floor":16,"turns":9}],"seed_played":"-5069041057296434188","potions_obtained":[{"floor":1,"key":"Fire Potion"},{"floor":2,"key":"Fire Potion"},{"floor":10,"key":"Weak Potion"},{"floor":11,"key":"LiquidMemories"}],"is_trial":false,"path_per_floor":["M","M","$","M","$","E","?","E","T","E","M","R","$","M","R","B"],"character_chosen":"DEFECT","items_purchased":["Orrery"],"campfire_rested":2,"item_purchase_floors":[13],"current_hp_per_floor":[75,75,75,75,75,62,62,38,38,31,27,50,54,51,76,0,0],"gold":71,"neow_bonus":"THREE_ENEMY_KILL","is_daily":false,"chose_seed":false,"campfire_upgraded":0,"win_rate":0.0,"timestamp":1613487743,"path_taken":["M","M","$","M","?","E","?","E","T","E","M","R","$","M","R","BOSS"],"items_purchased_type":["Relic"],"build_version":"2020-12-22","purchased_purges":1,"victory":false,"max_hp_per_floor":[75,75,75,75,75,75,75,77,77,77,79,79,83,85,85,85,85],"card_choices":[{"not_picked":["Time Bomb","Darkness"],"picked":"Ball Lightning","floor":1},{"not_picked":["Turbo","Go for the Eyes","Hologram"],"picked":"SKIP","floor":2},{"not_picked":["Sweeping Beam","Redo"],"picked":"Ball Lightning","floor":4},{"not_picked":["Barrage","Coolheaded","ReplayTheSpireMod:Repulse"],"picked":"SKIP","floor":6},{"not_picked":["Streamline","Doom and Gloom","Consume"],"picked":"Singing Bowl","floor":8},{"not_picked":["Buffer","BasicCrystalCard"],"picked":"Chaos","floor":10},{"not_picked":["Auto Shields","Turbo","Panic Button"],"picked":"Singing Bowl","floor":11},{"not_picked":["Mirror Shield","Beam Cell"],"picked":"Redo","floor":13},{"not_picked":["ReplayTheSpireMod:System Scan","Leap"],"picked":"Storm","floor":13},{"not_picked":["Steam","ReplayRNGCard","Barrage"],"picked":"Singing Bowl","floor":13},{"not_picked":["hubris:DoWhile","Turbo","Steam"],"picked":"Singing Bowl","floor":13},{"not_picked":["Capacitor","BasicCrystalCard"],"picked":"Tempest","floor":13},{"not_picked":["Lockon","Barrage","Compile Driver"],"picked":"Singing Bowl","floor":14}],"player_experience":131755,"relics_obtained":[{"floor":6,"key":"Replay:Wax Seal"},{"floor":8,"key":"Singing Bowl"},{"floor":9,"key":"aspiration:Lifesprig"},{"floor":10,"key":"infinitespire:Freezer"}],"event_choices":[{"cards_removed":["Accuracy"],"damage_healed":0,"gold_gain":0,"player_choice":"Forget","damage_taken":0,"max_hp_gain":0,"max_hp_loss":0,"event_name":"Living Wall","floor":7,"gold_loss":0}],"is_beta":false,"boss_relics":[],"items_purged_floors":[3],"is_endless":false,"potions_floor_spawned":[1,2,10,11],"killed_by":"Fading Forest","ascension_level":2}}