{"host":"qy1e0kd24tpj3i2m","time":1613486688,"event":{"mods":["Act Like it!","BaseMod","Better Skull","Better Vampires","Colored Map","Colored Powertips","Custom Start","Faster Ascension Climbing","Friendly Minions","GifTheSpireLib","Gremlin Skip","Highlight Path","Minty Spire (QoL Compilation)","Permanent Neow","Poor People Problems","Quick Restart","Red Circlet Mod","Relic Filter Mod","Relic Sorter","Reorder Act Four","SacredBarkPlus","Shop Mod","StSLib","SuperFastMode","Transform Curses","没有小屋子和绿帽子啦"],"gold_per_floor":[158,108,108,27,63,63,63,106,133,133,58,58,58,99,99,254,254,268,367,387,427,500,500,500],"floor_reached":23,"language":"ZHS","playtime":633,"items_purged":["Defend_R"],"score":181,"play_id":"73e04ae6-5ba5-4381-bf50-53dda0663962","local_time":"20210216234448","is_ascension_mode":false,"campfire_choices":[{"data":"HandOfGreed","floor":6.0,"key":"SMITH"},{"data":"True Grit","floor":10.0,"key":"SMITH"},{"data":"Uppercut","floor":13.0,"key":"SMITH"},{"data":"Flex","floor":15.0,"key":"SMITH"}],"circlet_count":0,"master_deck":["Strike_R","Strike_R","Strike_R","Strike_R","Strike_R","Defend_R","Defend_R","Defend_R","HandOfGreed+1","True Grit+1","Uppercut+1","Flex+1","Iron Wave","Spot Weakness","Barricade","Shockwave+1","Pommel Strike","Power Through","Spot Weakness+1"],"relics":["Burning Blood","Blue Candle","Red Skull","Golden Idol","Mark of Pain"],"acts_visited":["Exordium","TheCity"],"potions_floor_usage":[22],"damage_taken":[{"damage":0.0,"enemies":"Small Slimes","floor":1.0,"turns":4.0},{"damage":0.0,"enemies":"Jaw Worm","floor":5.0,"turns":4.0},{"damage":5.0,"enemies":"Cultist","floor":8.0,"turns":5.0},{"damage":2.0,"enemies":"Looter","floor":14.0,"turns":4.0},{"damage":20.0,"enemies":"The Guardian","floor":16.0,"turns":11.0},{"damage":30.0,"enemies":"Spheric Guardian","floor":18.0,"turns":4.0},{"damage":0.0,"enemies":"Chosen","floor":20.0,"turns":3.0},{"damage":34,"enemies":"Sentry and Sphere","floor":21,"turns":5},{"damage":1,"enemies":"Centurion and Healer","floor":22,"turns":6},{"damage":31,"enemies":"Gremlin Leader","floor":23,"turns":5}],"seed_played":"1830115519433426240","potions_obtained":[{"floor":5.0,"key":"FearPotion"},{"floor":16.0,"key":"Fruit Juice"},{"floor":18.0,"key":"LiquidBronze"},{"floor":22,"key":"Fruit Juice"}],"is_trial":false,"path_per_floor":["M","?","?","$","M","R","$","M","T","R","$","?","R","M","R","B",null,"M","?","M","M","M","E"],"character_chosen":"IRONCLAD","items_purchased":["Uppercut"],"campfire_rested":0,"item_purchase_floors":[4],"current_hp_per_floor":[72,72,60,60,66,66,66,67,67,67,67,49,49,53,53,44,77,53,53,59,31,41,10,10],"gold":500,"neow_bonus":"RANDOM_COLORLESS_2","is_daily":false,"chose_seed":false,"campfire_upgraded":4,"win_rate":0.0,"timestamp":1613486688,"path_taken":["M","?","?","?","M","R","$","?","T","R","$","?","R","M","R","BOSS","M","?","M","M","M","E"],"items_purchased_type":["Card"],"build_version":"2020-12-22","purchased_purges":1,"victory":false,"max_hp_per_floor":[72,72,72,72,72,72,72,72,72,72,72,72,72,72,72,77,77,77,77,77,77,82,82,82],"card_choices":[{"not_picked":["Chrysalis","Master of Strategy"],"picked":"HandOfGreed","floor":0.0},{"not_picked":["Cleave","Wild Strike"],"picked":"True Grit","floor":1.0},{"not_picked":["Warcry","Twin Strike"],"picked":"Flex","floor":5.0},{"not_picked":["Sword Boomerang","Clothesline"],"picked":"Iron Wave","floor":8.0},{"not_picked":["Pummel","Clash"],"picked":"Spot Weakness","floor":14.0},{"not_picked":["Corruption","Bludgeon"],"picked":"Barricade","floor":16.0},{"not_picked":["True Grit","Seeing Red"],"picked":"Shockwave+1","floor":18.0},{"not_picked":["Wild Strike+1","Shrug It Off"],"picked":"Pommel Strike","floor":20.0},{"not_picked":["Havoc+1","Warcry"],"picked":"Power Through","floor":21},{"not_picked":["Rupture","Flex"],"picked":"Spot Weakness+1","floor":22}],"player_experience":884342,"relics_obtained":[{"floor":9.0,"key":"Red Skull"}],"event_choices":[{"cards_removed":["Bash"],"damage_healed":0.0,"max_hp_gain":0.0,"max_hp_loss":0.0,"gold_gain":0.0,"event_name":"The Cleric","player_choice":"Card Removal","floor":2.0,"gold_loss":50.0,"damage_taken":0.0},{"damage_healed":0.0,"max_hp_gain":0.0,"max_hp_loss":0.0,"gold_gain":0.0,"event_name":"Scrap Ooze","player_choice":"Success","floor":3.0,"gold_loss":0.0,"damage_taken":12.0,"relics_obtained":["Blue Candle"]},{"damage_healed":0.0,"max_hp_gain":0.0,"max_hp_loss":0.0,"gold_gain":0.0,"event_name":"Golden Idol","player_choice":"Take Damage","floor":12.0,"gold_loss":0.0,"damage_taken":18.0,"relics_obtained":["Golden Idol"]},{"damage_healed":0.0,"max_hp_gain":0.0,"max_hp_loss":0.0,"gold_gain":99.0,"event_name":"Nest","player_choice":"Stole From Cult","floor":19.0,"gold_loss":0.0,"damage_taken":0.0}],"is_beta":false,"boss_relics":[{"not_picked":["Calling Bell","Pandora\u0027s Box"],"picked":"Mark of Pain"}],"items_purged_floors":[11],"is_endless":false,"potions_floor_spawned":[5,16,18,22],"killed_by":"Gremlin Leader","ascension_level":0}}