{"host":"t9zjxed0utvsfjwc","time":1613462375,"event":{"mods":["2.2 Compatiblity","Act Like it!","Aspiration","BaseMod","Better Altar","Better Match","Better Note","Better Sensory Stone","Better Skull","Better Third Choice","Block Reminder","Colored Map","Colored Powertips","Conspire","Defuse TimeMaze Blight","Energized Spire","GifTheSpireLib","Hermit","Highlight Path","Hubris","Infinite Spire","Marked Mod","Minty Spire (QoL Compilation)","Quick Restart","Rare Cards Sparkle","Relic Sorter","Relic Stats","Reliquary","Replay The Spire","Ruina","StSLib","Stuff the Spire","The Blue Laboratory","The Jungle","The Marked","Unceasing Turn Reminder","Wandering Minibosses","everything is the same but u backflip on backflip"],"gold_per_floor":[110,126,126,126,0,33,33,51,119,132,132,152,152,75,75,75,75],"floor_reached":16,"language":"ENG","playtime":412,"items_purged":["Strike_R"],"score":131,"play_id":"61b39b1f-859b-43bd-a0f5-354fa00a2c23","local_time":"20210216075935","is_ascension_mode":true,"campfire_choices":[{"data":"Barricade","floor":7,"key":"SMITH"},{"floor":13,"key":"REST"},{"floor":15,"key":"DIG"}],"circlet_count":0,"master_deck":["Strike_R","Strike_R","Strike_R","Strike_R","Defend_R","Defend_R","Defend_R","Defend_R","Bash","Evolve","Barricade+1","Wild Strike","Power Through","infinitespire:Starlight","Dark Embrace"],"relics":["Burning Blood","NeowsBlessing","Golden Idol","Oddly Smooth Stone","reliquary:QuartzCube","reliquary:Stiletto"],"acts_visited":["Exordium"],"potions_floor_usage":[12],"damage_taken":[{"damage":0,"enemies":"Jaw Worm","floor":1,"turns":1},{"damage":0,"enemies":"Small Slimes","floor":2,"turns":1},{"damage":0,"enemies":"Lagavulin","floor":6,"turns":3},{"damage":0,"enemies":"2 Louse","floor":8,"turns":3},{"damage":13,"enemies":"Blue Slaver","floor":10,"turns":6},{"damage":33,"enemies":"Gremlin Gang","floor":12,"turns":9},{"damage":89,"enemies":"Slime Boss","floor":16,"turns":9}],"seed_played":"-3888814964513931261","potions_obtained":[{"floor":1,"key":"Doom Potion"},{"floor":2,"key":"SpeedPotion"},{"floor":6,"key":"Adrenaline Potion"},{"floor":12,"key":"blueLaboratory:EntrenchedPotion"}],"is_trial":false,"path_per_floor":["M","M","?","?","$","E","R","M","T","M","?","M","R","$","R_BF","B"],"character_chosen":"IRONCLAD","items_purchased":["Wild Strike","Dark Embrace"],"campfire_rested":1,"item_purchase_floors":[5,14],"current_hp_per_floor":[80,80,60,60,60,66,66,72,72,65,45,28,52,52,52,0,0],"gold":75,"neow_bonus":"THREE_ENEMY_KILL","is_daily":false,"chose_seed":false,"campfire_upgraded":1,"win_rate":0.0,"timestamp":1613462375,"path_taken":["M","M","?","?","$","E","R","M","T","M","?","M","R","$","R_BF","BOSS"],"items_purchased_type":["Card","Card"],"build_version":"2020-12-22","purchased_purges":1,"victory":false,"max_hp_per_floor":[80,80,80,80,80,80,80,80,80,80,80,80,80,80,80,80,80],"relic_stats":{"counters":[7,32],"Golden Idol":18,"obtain_stats":[{"NeowsBlessing":0,"Golden Idol":3,"Oddly Smooth Stone":6,"reliquary:Stiletto":15,"reliquary:QuartzCube":9,"Burning Blood":0},{"NeowsBlessing":0,"Golden Idol":2,"Oddly Smooth Stone":3,"reliquary:Stiletto":6,"reliquary:QuartzCube":4,"Burning Blood":0},{"NeowsBlessing":0,"Golden Idol":2,"Oddly Smooth Stone":5,"reliquary:Stiletto":23,"reliquary:QuartzCube":8,"Burning Blood":0}],"Burning Blood":24},"card_choices":[{"not_picked":["StuffTheSpire:RagingBull","Infernal Blade"],"picked":"Evolve","floor":1},{"not_picked":["Shockwave","Whirlwind","StuffTheSpire:Slingshot"],"picked":"SKIP","floor":2},{"not_picked":["Fiend Fire","Berserk","Headbutt"],"picked":"SKIP","floor":6},{"not_picked":["Clothesline","hubris:ReadiedAction","Anger"],"picked":"SKIP","floor":8},{"not_picked":["Feel No Pain","Perfected Strike"],"picked":"Power Through","floor":10},{"not_picked":["infinitespire:FutureSight","infinitespire:Fortify"],"picked":"infinitespire:Starlight","floor":11},{"not_picked":["Clash","Clothesline","conspire:Charge"],"picked":"SKIP","floor":12}],"player_experience":474776,"relics_obtained":[{"floor":6,"key":"Oddly Smooth Stone"},{"floor":9,"key":"reliquary:QuartzCube"},{"floor":15,"key":"reliquary:Stiletto"}],"event_choices":[{"damage_healed":0,"gold_gain":0,"player_choice":"Take Damage","damage_taken":20,"relics_obtained":["Golden Idol"],"max_hp_gain":0,"max_hp_loss":0,"event_name":"Golden Idol","floor":3,"gold_loss":0},{"damage_healed":0,"gold_gain":1,"player_choice":"4","damage_taken":0,"max_hp_gain":0,"max_hp_loss":0,"event_name":"betterStone:BetterStone","floor":4,"gold_loss":0,"cards_obtained":["Barricade"]}],"is_beta":false,"boss_relics":[],"items_purged_floors":[5],"is_endless":false,"potions_floor_spawned":[1,2,6,12],"killed_by":"Slime Boss","ascension_level":1}}