{"host":"6vtgmkkqqeew181q","time":1613461123,"event":{"mods":["100% Spire Juice","BaseMod","BetterRewards","Downfall","Faster Ascension Climbing","Highlight Path","Minty Spire (QoL Compilation)","Reliquary","StSLib","The Jungle"],"gold_per_floor":[110,123,123,123,134,134,169,169,238,248,273,273,273,53,53,154,154,166,166,46,46,46,46,57,57,57,73,99,99,99,127,7,111,111,130,177,177,189,189,189,215,215,241,241,276,289,25,52,52,52],"floor_reached":51,"language":"ENG","playtime":2817,"items_purged":["Regret"],"score":1100,"play_id":"2e28ab1a-d615-4d28-8279-d53d2db45653","local_time":"20210215233843","is_ascension_mode":true,"campfire_choices":[{"data":"Moonworks:IndiscriminateFireSupport","floor":6,"key":"SMITH"},{"data":"Moonworks:Ambush","floor":8,"key":"SMITH"},{"data":"Moonworks:UnpaidWork","floor":13,"key":"SMITH"},{"data":"Moonworks:CookingTime","floor":15,"key":"SMITH"},{"data":"Moonworks:ReflectiveShell","floor":23,"key":"SMITH"},{"data":"Moonworks:LongDistanceShot","floor":25,"key":"SMITH"},{"data":"Moonworks:LuckyCharm","floor":30,"key":"SMITH"},{"data":"Moonworks:StarBlastingFuse","floor":32,"key":"SMITH"},{"data":"Moonworks:Encore","floor":40,"key":"SMITH"},{"data":"Moonworks:NicePresent","floor":42,"key":"SMITH"},{"data":"Moonworks:NicePresent","floor":44,"key":"SMITH"},{"floor":49,"key":"REST"}],"circlet_count":0,"master_deck":["Moonworks:Strike","Moonworks:Defend","Moonworks:Defend","Moonworks:Defend","Moonworks:Defend","Moonworks:Ambush+1","Moonworks:LongDistanceShot+1","Moonworks:IndiscriminateFireSupport+1","Moonworks:LuckyCharm+1","Moonworks:CookingTime+1","Moonworks:NicePresent+1","Moonworks:JonathanRush","Moonworks:UnpaidWork+1","Moonworks:StarBlastingFuse+1","Moonworks:IndiscriminateFireSupport+1","Moonworks:ReflectiveShell+1","Moonworks:TacticalRetreat+1","Moonworks:BigMagnum+1","Moonworks:NicePresent+1","Moonworks:TreasureThief+1","Moonworks:Encore+1","Moonworks:BindingChains+1","Moonworks:LuckyCharm+1","Moonworks:Heat300Percent+1","Moonworks:Heat300Percent+1","Moonworks:StarBlastingFuse"],"relics":["Moonworks:BrokenBomb","Moonworks:Homemark","Happy Flower","champ:DuelingGlove","reliquary:SharkskinSheath","Vajra","reliquary:PurpleTingedLeaf","bronze:DecasWashers","Calipers","Chemical X","expansioncontent:StudyCardRelic","theJungle:BirthdayCake","Bottled Tornado","Turnip","reliquary:Knoch","Empty Cage","Prayer Wheel","Pantograph","reliquary:BallBearing","hexamod:BolsterEngine","reliquary:Firecrackers","Regal Pillow"],"acts_visited":["Exordium","Exordium","TheBeyond"],"potions_floor_usage":[16,50],"damage_taken":[{"damage":0,"enemies":"Small Slimes","floor":1,"turns":3},{"damage":0,"enemies":"2 Louse","floor":2,"turns":2},{"damage":0,"enemies":"Cultist","floor":5,"turns":1},{"damage":9,"enemies":"3 Sentries","floor":7,"turns":4},{"damage":0,"enemies":"Large Slime","floor":10,"turns":3},{"damage":0,"enemies":"Gremlin Nob","floor":11,"turns":2},{"damage":13,"enemies":"The Guardian","floor":16,"turns":4},{"damage":0,"enemies":"theJungle:5_Spyders","floor":18,"turns":2},{"damage":0,"enemies":"Shell Parasite","floor":24,"turns":2},{"damage":0,"enemies":"theJungle:2_Flameangoes","floor":27,"turns":1},{"damage":21,"enemies":"theJungle:Cassacara","floor":28,"turns":4},{"damage":0,"enemies":"theJungle:2_Phrogs","floor":31,"turns":2},{"damage":20,"enemies":"theJungle:TotemBoss","floor":33,"turns":4},{"damage":0,"enemies":"3 Shapes","floor":35,"turns":1},{"damage":0,"enemies":"2 Orb Walkers","floor":36,"turns":2},{"damage":0,"enemies":"Orb Walker","floor":38,"turns":2},{"damage":33,"enemies":"Reptomancer","floor":41,"turns":4},{"damage":29,"enemies":"Giant Head","floor":45,"turns":5},{"damage":5,"enemies":"Sphere and 2 Shapes","floor":46,"turns":2},{"damage":0,"enemies":"Nemesis","floor":48,"turns":1},{"damage":50,"enemies":"Donu and Deca","floor":50,"turns":6}],"seed_played":"-7107762314817121504","potions_obtained":[{"floor":2,"key":"champ:CounterPotion"},{"floor":5,"key":"Explosive Potion"},{"floor":10,"key":"PowerPotion"},{"floor":16,"key":"FearPotion"},{"floor":48,"key":"Fire Potion"}],"is_trial":false,"path_per_floor":["M","M","?","?","M","R","E","R","T","M","E","?","R","$","R","B",null,"M","?","$","?","?","R","M","R","T","M","E","$","R","E","R","B",null,"M","?","?","M","T","R","E","R","T","R","E","M","$","E","R","B",null],"character_chosen":"THE_STARBREAKER","items_purchased":["Happy Flower","Chemical X","Moonworks:StarBlastingFuse"],"campfire_rested":1,"item_purchase_floors":[0,14,47],"current_hp_per_floor":[60,60,53,50,50,50,44,44,44,49,53,53,53,53,53,47,60,60,80,80,80,80,80,80,80,80,80,59,59,59,66,66,47,80,80,80,76,76,76,76,52,52,52,52,25,25,25,26,63,28],"gold":52,"neow_bonus":"","is_daily":false,"chose_seed":false,"campfire_upgraded":11,"win_rate":0.0,"timestamp":1613461123,"path_taken":["M","M","?","?","M","R","E","R","T","M","E","?","R","$","R","BOSS","M","?","$","?","?","R","?","R","T","M","E","$","R","E","R","BOSS","M","?","?","M","?","R","E","R","T","R","E","M","$","E","R","BOSS"],"items_purchased_type":["Relic","Relic","Card"],"build_version":"2020-12-22","purchased_purges":1,"victory":true,"max_hp_per_floor":[60,60,60,60,60,60,60,60,60,60,60,60,60,60,60,60,60,60,80,80,80,80,80,80,80,80,80,80,80,80,80,80,80,80,80,80,76,76,76,76,76,76,76,76,76,76,76,76,76,76],"card_choices":[{"not_picked":["Moonworks:ImOnFire","Moonworks:LulusLuckyEgg"],"picked":"Moonworks:IndiscriminateFireSupport","floor":1},{"not_picked":["Moonworks:SealedMemories","Moonworks:ExtendedPhotonRifle"],"picked":"Moonworks:LuckyCharm","floor":2},{"not_picked":["Moonworks:ExtendedPhotonRifle","Moonworks:ImOnFire"],"picked":"Moonworks:CookingTime","floor":5},{"not_picked":["Moonworks:ScrambledEve","Moonworks:CastOff"],"picked":"Moonworks:NicePresent","floor":7},{"not_picked":["Moonworks:DeployBits","Moonworks:IndiscriminateFireSupport"],"picked":"Moonworks:JonathanRush","floor":10},{"not_picked":["Moonworks:LulusLuckyEgg","Moonworks:Assault"],"picked":"Moonworks:UnpaidWork","floor":11},{"not_picked":["Moonworks:RocketCannon","Moonworks:PlushieMaster"],"picked":"Moonworks:StarBlastingFuse","floor":16},{"not_picked":["Moonworks:LulusLuckyEgg+1","Moonworks:Assault"],"picked":"Moonworks:IndiscriminateFireSupport+1","floor":18},{"not_picked":["Moonworks:JonathanRush","Moonworks:IndiscriminateFireSupport+1"],"picked":"Moonworks:TacticalRetreat+1","floor":24},{"not_picked":["Moonworks:IndiscriminateFireSupport+1","Moonworks:Assault"],"picked":"Moonworks:BigMagnum+1","floor":27},{"not_picked":["Moonworks:SweetBattle","Moonworks:MiracleRedBeanIceCream"],"picked":"Moonworks:NicePresent","floor":28},{"not_picked":["Moonworks:DeployBits","Moonworks:ImmovableObject"],"picked":"Moonworks:TreasureThief+1","floor":31},{"not_picked":["Moonworks:ShieldCounter","Moonworks:FinalBattle"],"picked":"Moonworks:Encore","floor":33},{"not_picked":["Moonworks:FullSpeedAlicianrone","Moonworks:EvilSpyWorkPreparation"],"picked":"Moonworks:BindingChains+1","floor":35},{"not_picked":["Moonworks:JonathanRush","Moonworks:EvilSpyWorkPreparation+1"],"picked":"Moonworks:LuckyCharm+1","floor":36},{"not_picked":["Moonworks:Assault","Moonworks:MixPhenomenon+1","Moonworks:DeployBits+1"],"picked":"SKIP","floor":38},{"not_picked":["Moonworks:ForcedRevival+1","Moonworks:JonathanRush","Moonworks:DeployBits"],"picked":"SKIP","floor":38},{"not_picked":["Moonworks:DeployBits","Moonworks:SakisCookie+1"],"picked":"Moonworks:Heat300Percent+1","floor":41},{"not_picked":["Moonworks:DeployBits+1","Moonworks:SakisCookie","Moonworks:IndiscriminateFireSupport"],"picked":"SKIP","floor":45},{"not_picked":["Moonworks:DeployBits","Moonworks:Blazing"],"picked":"Moonworks:Heat300Percent+1","floor":46},{"not_picked":["Moonworks:JonathanRush+1","Moonworks:Assault+1","Moonworks:StiffCrystal"],"picked":"SKIP","floor":46},{"not_picked":["Moonworks:BigMagnum+1","Moonworks:CastOff","Moonworks:SakisCookie"],"picked":"SKIP","floor":48}],"player_experience":644204,"relics_obtained":[{"floor":7,"key":"Vajra"},{"floor":9,"key":"reliquary:PurpleTingedLeaf"},{"floor":11,"key":"bronze:DecasWashers"},{"floor":26,"key":"Bottled Tornado"},{"floor":28,"key":"Turnip"},{"floor":31,"key":"reliquary:Knoch"},{"floor":36,"key":"Prayer Wheel"},{"floor":39,"key":"Pantograph"},{"floor":41,"key":"reliquary:BallBearing"},{"floor":43,"key":"hexamod:BolsterEngine"},{"floor":45,"key":"reliquary:Firecrackers"},{"floor":48,"key":"Regal Pillow"}],"event_choices":[{"cards_removed":["Moonworks:Strike"],"damage_healed":0,"gold_gain":0,"player_choice":"Card Removal","damage_taken":7,"max_hp_gain":0,"max_hp_loss":0,"event_name":"Golden Wing","floor":3,"gold_loss":0},{"damage_healed":0,"gold_gain":0,"player_choice":"Success","damage_taken":3,"relics_obtained":["reliquary:SharkskinSheath"],"max_hp_gain":0,"max_hp_loss":0,"event_name":"Scrap Ooze","floor":4,"gold_loss":0},{"damage_healed":0,"gold_gain":0,"player_choice":"Box","damage_taken":0,"relics_obtained":["Calipers"],"max_hp_gain":0,"max_hp_loss":0,"event_name":"Big Fish","floor":12,"gold_loss":0,"cards_obtained":["Regret"]},{"damage_healed":0,"gold_gain":0,"player_choice":"1 cards matched","damage_taken":0,"max_hp_gain":0,"max_hp_loss":0,"event_name":"Match and Keep!","floor":22,"gold_loss":0,"cards_obtained":["Moonworks:ReflectiveShell"]},{"damage_healed":0,"gold_gain":0,"player_choice":"1 cards matched","damage_taken":0,"max_hp_gain":0,"max_hp_loss":0,"event_name":"Match and Keep!","floor":22,"gold_loss":0,"cards_obtained":["Moonworks:ReflectiveShell"]},{"damage_healed":0,"gold_gain":0,"player_choice":"Fight","damage_taken":0,"max_hp_gain":0,"max_hp_loss":0,"event_name":"Mysterious Sphere","floor":36,"gold_loss":0},{"damage_healed":0,"gold_gain":0,"player_choice":"Max HP","damage_taken":0,"max_hp_gain":0,"max_hp_loss":4,"event_name":"Winding Halls","floor":37,"gold_loss":0}],"is_beta":false,"boss_relics":[{"not_picked":["Black Star","Snecko Eye"],"picked":"expansioncontent:StudyCardRelic"},{"not_picked":["Velvet Choker","Fusion Hammer"],"picked":"Empty Cage"}],"items_purged_floors":[14],"is_endless":false,"potions_floor_spawned":[2,5,10,16,28,33,48],"ascension_level":1}}