{"host":"0awa854l6bexpjrv","time":1613518083,"event":{"mods":["BaseMod","Block Reminder","Colored Map","Colored Powertips","Downfall","Highlight Path","Minty Spire (QoL Compilation)","Quick Restart","Rare Cards Sparkle","StSLib","SuperFastMode"],"gold_per_floor":[116,41,41,54,4,4,20,33,33,33,133,151,167,181,181,276,276,294,307,27,27,45,45,45,79,148,148,148,148,148,148,148],"floor_reached":31,"language":"ENG","playtime":1930,"items_purged":["Strike_B","Strike_B"],"score":307,"play_id":"e5545ad0-fdea-427b-bb67-acc1bb1b5a60","local_time":"20210216152803","is_ascension_mode":true,"campfire_choices":[{"data":"Zap","floor":6.0,"key":"SMITH"},{"floor":10.0,"key":"REST"},{"data":"Glacier","floor":15.0,"key":"SMITH"},{"floor":23.0,"key":"REST"},{"floor":27.0,"key":"REST"},{"data":"Static Discharge","floor":30.0,"key":"SMITH"}],"circlet_count":0,"master_deck":["Strike_B","Defend_B","Defend_B","Defend_B","Defend_B","Zap+1","Dualcast","Doom and Gloom","Rebound","Leap","Tempest","Defragment","Fusion","Glacier+1","Stack","Echo Form","Streamline","Static Discharge+1","BootSequence","Auto Shields+1","Capacitor","Ghostly","Ghostly","Ghostly","Ghostly","Ghostly"],"relics":["Cracked Core","Matryoshka","Nuclear Battery","HandDrill","Happy Flower","Smiling Mask","Kunai"],"acts_visited":["Exordium","TheCity"],"potions_floor_usage":[],"damage_taken":[{"damage":7.0,"enemies":"Jaw Worm","floor":1.0,"turns":3.0},{"damage":1.0,"enemies":"Cultist","floor":4.0,"turns":3.0},{"damage":5.0,"enemies":"Small Slimes","floor":7.0,"turns":3.0},{"damage":16.0,"enemies":"Gremlin Gang","floor":8.0,"turns":4.0},{"damage":0.0,"enemies":"Red Slaver","floor":12.0,"turns":3.0},{"damage":1.0,"enemies":"Looter","floor":13.0,"turns":3.0},{"damage":8.0,"enemies":"Exordium Wildlife","floor":14.0,"turns":4.0},{"damage":7.0,"enemies":"The Guardian","floor":16.0,"turns":11.0},{"damage":2.0,"enemies":"Spheric Guardian","floor":18.0,"turns":6.0},{"damage":8.0,"enemies":"2 Thieves","floor":19.0,"turns":4.0},{"damage":13.0,"enemies":"Chosen and Byrds","floor":22.0,"turns":4.0},{"damage":58.0,"enemies":"Gremlin Leader","floor":25.0,"turns":8.0},{"damage":59,"enemies":"Cultist and Chosen","floor":31,"turns":6}],"seed_played":"-1530820555465578955","potions_obtained":[{"floor":1.0,"key":"DuplicationPotion"},{"floor":4.0,"key":"FocusPotion"},{"floor":12.0,"key":"PotionOfCapacity"},{"floor":16.0,"key":"FearPotion"},{"floor":18.0,"key":"Energy Potion"},{"floor":22.0,"key":"AttackPotion"}],"is_trial":false,"path_per_floor":["M","$","?","M","?","R","M","M","T","R","?","M","M","M","R","B",null,"M","M","$","?","M","R","$","E","T","R","?","?","R","M"],"character_chosen":"DEFECT","items_purchased":["HandDrill","BootSequence"],"campfire_rested":3,"item_purchase_floors":[20,20],"current_hp_per_floor":[68,68,68,67,67,67,62,46,46,68,68,68,67,59,59,52,75,73,65,65,65,52,74,74,16,16,38,37,37,37,0,0],"gold":148,"neow_bonus":"THREE_CARDS","is_daily":false,"chose_seed":false,"campfire_upgraded":3,"win_rate":0.0,"timestamp":1613518083,"path_taken":["M","$","?","M","?","R","M","M","T","R","?","?","M","M","R","BOSS","M","M","$","?","?","R","?","E","T","R","?","?","R","?"],"items_purchased_type":["Relic","Card"],"build_version":"2020-12-22","purchased_purges":2,"victory":false,"max_hp_per_floor":[75,75,75,75,75,75,75,75,75,75,75,75,75,75,75,75,75,75,75,75,75,75,75,75,75,75,75,37,37,37,37,37],"card_choices":[{"not_picked":["Ball Lightning","Tempest"],"picked":"Doom and Gloom","floor":0.0},{"not_picked":["Consume","Redo"],"picked":"Rebound","floor":1.0},{"not_picked":["Lockon","Gash"],"picked":"Leap","floor":4.0},{"not_picked":["Aggregate","Stack"],"picked":"Tempest","floor":7.0},{"not_picked":["Capacitor","FTL"],"picked":"Defragment","floor":8.0},{"not_picked":["Tempest","Compile Driver"],"picked":"Fusion","floor":12.0},{"not_picked":["Leap","Storm"],"picked":"Glacier","floor":13.0},{"not_picked":["Gash","Darkness"],"picked":"Stack","floor":14.0},{"not_picked":["Machine Learning","Thunder Strike"],"picked":"Echo Form","floor":16.0},{"not_picked":["Beam Cell","Redo"],"picked":"Streamline","floor":18.0},{"not_picked":["Cold Snap","Steam Power"],"picked":"Static Discharge","floor":19.0},{"not_picked":["Undo+1","Conserve Battery"],"picked":"Auto Shields+1","floor":22.0},{"not_picked":["Skim+1","Recycle"],"picked":"Capacitor","floor":25.0}],"player_experience":783083,"relics_obtained":[{"floor":9.0,"key":"Matryoshka"},{"floor":25.0,"key":"Happy Flower"},{"floor":26.0,"key":"Smiling Mask"},{"floor":26.0,"key":"Kunai"}],"event_choices":[{"damage_healed":0.0,"max_hp_gain":0.0,"max_hp_loss":0.0,"gold_gain":0.0,"event_name":"Liars Game","player_choice":"Ignored","floor":3.0,"gold_loss":0.0,"damage_taken":0.0},{"cards_removed":["Strike_B"],"damage_healed":0.0,"max_hp_gain":0.0,"max_hp_loss":0.0,"gold_gain":0.0,"event_name":"The Cleric","player_choice":"Card Removal","floor":5.0,"gold_loss":50.0,"damage_taken":0.0},{"damage_healed":0.0,"max_hp_gain":0.0,"max_hp_loss":0.0,"gold_gain":100.0,"event_name":"Golden Shrine","player_choice":"Pray","floor":11.0,"gold_loss":0.0,"damage_taken":0.0},{"damage_healed":0.0,"max_hp_gain":0.0,"max_hp_loss":0.0,"gold_gain":0.0,"event_name":"N\u0027loth","player_choice":"Ignored","floor":21.0,"gold_loss":0.0,"damage_taken":0.0},{"damage_healed":0.0,"max_hp_gain":0.0,"max_hp_loss":38.0,"gold_gain":0.0,"event_name":"Ghosts","player_choice":"Became a Ghost","floor":28.0,"gold_loss":0.0,"damage_taken":0.0,"cards_obtained":["Ghostly","Ghostly","Ghostly","Ghostly","Ghostly"]},{"damage_healed":0.0,"max_hp_gain":0.0,"max_hp_loss":0.0,"gold_gain":0.0,"event_name":"Vampires","player_choice":"Ignored","floor":29.0,"gold_loss":0.0,"damage_taken":0.0}],"is_beta":false,"boss_relics":[{"not_picked":["Sozu","Busted Crown"],"picked":"Nuclear Battery"}],"items_purged_floors":[2,20],"is_endless":false,"potions_floor_spawned":[1,4,12,16,18,22],"killed_by":"Cultist and Chosen","ascension_level":3}}