{"host":"lg1piimdyocafd6j","time":1613482841,"event":{"mods":["AchievementEnabler","BaseMod","Better Third Choice","BetterRewards","Colored Map","Colored Powertips","Downfall","Minty Spire (QoL Compilation)","Quick Restart","Rare Cards Sparkle","Remove Card Discount Mod","Shop Mod","StSLib","SuperFastMode"],"gold_per_floor":[119,131,149,149,167,167,167],"floor_reached":6,"language":"ENG","playtime":392,"items_purged":["Defend_B","Defend_B","Dualcast","Zap","Strike_B"],"score":38,"play_id":"428a5998-2384-4cf1-98fb-4ad6cdc81457","local_time":"20210216144041","is_ascension_mode":false,"campfire_choices":[],"circlet_count":0,"master_deck":["Strike_B","Strike_B","Strike_B","Defend_B","Defend_B","Darkness","Leap","Loop","Darkness","Lockon","Leap","Redo"],"relics":["Cracked Core","Orrery","Membership Card","Molten Egg 2","MealTicket"],"acts_visited":["Exordium"],"potions_floor_usage":[6],"damage_taken":[{"damage":11,"enemies":"Jaw Worm","floor":1,"turns":3},{"damage":0,"enemies":"2 Louse","floor":2,"turns":3},{"damage":0,"enemies":"Cultist","floor":3,"turns":4},{"damage":0,"enemies":"Exordium Wildlife","floor":5,"turns":4},{"damage":30,"enemies":"3 Sentries","floor":6,"turns":7}],"seed_played":"912511927531422025","potions_obtained":[{"floor":1,"key":"Weak Potion"},{"floor":3,"key":"AttackPotion"}],"is_trial":false,"path_per_floor":["M","M","M","?","M","E"],"character_chosen":"DEFECT","items_purchased":["Darkness","Leap","Loop","Orrery","Membership Card","Molten Egg 2"],"campfire_rested":0,"item_purchase_floors":[0,0,0,0,0,0],"current_hp_per_floor":[64,64,64,39,39,9,9],"gold":167,"neow_bonus":"","is_daily":false,"chose_seed":false,"campfire_upgraded":0,"win_rate":0.0,"timestamp":1613482841,"path_taken":["M","M","M","?","M","E"],"items_purchased_type":["Card","Card","Card","Relic","Relic","Relic"],"build_version":"2020-12-22","purchased_purges":5,"victory":false,"max_hp_per_floor":[75,75,75,75,75,75,75],"card_choices":[{"not_picked":["Capacitor","Steam"],"picked":"Darkness","floor":0},{"not_picked":["Turbo","Undo"],"picked":"Lockon","floor":0},{"not_picked":["Cold Snap","Auto Shields"],"picked":"Leap","floor":0},{"not_picked":["Turbo","Fission"],"picked":"Redo","floor":0},{"not_picked":["Static Discharge","Hologram","Stack"],"picked":"SKIP","floor":1},{"not_picked":["Scrape+1","Double Energy","Steam"],"picked":"SKIP","floor":2},{"not_picked":["Go for the Eyes+1","Turbo","Consume"],"picked":"SKIP","floor":3},{"not_picked":["Coolheaded","Static Discharge","Streamline+1"],"picked":"SKIP","floor":5}],"player_experience":140489,"relics_obtained":[],"event_choices":[{"damage_healed":0,"gold_gain":0,"player_choice":"Relic ","damage_taken":25,"max_hp_gain":0,"max_hp_loss":0,"event_name":"betterThird:BetterScrap","floor":4,"gold_loss":0,"cards_obtained":["All Out Attack"]}],"is_beta":false,"boss_relics":[],"items_purged_floors":[0,0,0,0,0],"is_endless":false,"potions_floor_spawned":[1,3],"killed_by":"3 Sentries","ascension_level":0}}