{"host":"drl4gs3853zme1q6","time":1613486301,"event":{"mods":["BaseMod","Colored Map","Colored Powertips","Hermit","Hubris","Infinite Spire","Minty Spire (QoL Compilation)","Replay The Spire","StSLib"],"gold_per_floor":[114,127,55,70,70,70,70,70,70,70,98,98,26,26,26,131,131,148,148,148,148,163,18,18,48,75,91,91,101,134,150,150,249,249,264,264,264,364,364,364,364],"floor_reached":40,"language":"ENG","playtime":1431,"items_purged":[],"score":408,"play_id":"ef2ad2c4-80a2-43e1-a508-dbb072d7c48a","local_time":"20210216083821","daily_mods":["Allstar","Heirloom","Time Dilation"],"is_ascension_mode":false,"campfire_choices":[{"data":"Apotheosis","floor":6,"key":"SMITH"},{"data":"Defragment","floor":8,"key":"SMITH"},{"data":"Replay:Parry","floor":10,"key":"SMITH"},{"data":"hubris:PowerSurge","floor":15,"key":"SMITH"},{"data":"Zap","floor":24,"key":"SMITH"},{"data":"hubris:PowerSurge","floor":32,"key":"SMITH"}],"circlet_count":0,"master_deck":["Strike_B","Strike_B","Strike_B","Strike_B","Defend_B+1","Defend_B","Defend_B","Defend_B","Zap+1","Jack Of All Trades","PanicButton","Discovery","Replay:Parry+1","Apotheosis+1","Go for the Eyes","Redo+1","Beam Cell","Defragment+1","Doom and Gloom","Ball Lightning","BasicCrystalCard+1","hubris:PowerSurge+1","Leap","Lockon","hubris:PowerSurge+1","Storm","Self Repair","Electrodynamics"],"relics":["ReplayTheSpireMod:Ring of Exchange","PrismaticShard","TeardropLocket","War Paint","hubris:TerracottaHorce","infinitespire:Golems Mask","Toolbox","hubris:AstralHammer","hubris:ChampionShield","hermit:Momento","infinitespire:DarkRift","Replay:Wax Seal","Frozen Eye","infinitespire:Joker Card","infinitespire:Chaos","Replay:Wanted Poster"],"acts_visited":["Exordium","TheCity","TheBeyond"],"potions_floor_usage":[11,18,25],"damage_taken":[{"damage":0,"enemies":"Jaw Worm","floor":1,"turns":2},{"damage":7,"enemies":"Small Slimes","floor":2,"turns":3},{"damage":0,"enemies":"2 Louse","floor":4,"turns":3},{"damage":0,"enemies":"The Mushroom Lair","floor":11,"turns":3},{"damage":37,"enemies":"The Guardian","floor":16,"turns":8},{"damage":0,"enemies":"2 Thieves","floor":18,"turns":3},{"damage":0,"enemies":"3 Byrds","floor":22,"turns":3},{"damage":15,"enemies":"Nightmare","floor":25,"turns":3},{"damage":15,"enemies":"Shelled Parasite and Fungi","floor":27,"turns":4},{"damage":0,"enemies":"Centurion and Healer","floor":29,"turns":2},{"damage":11,"enemies":"Book of Stabbing","floor":30,"turns":4},{"damage":0,"enemies":"Cultist and Chosen","floor":31,"turns":2},{"damage":21,"enemies":"hubris:MusketHawk","floor":33,"turns":6},{"damage":12,"enemies":"3 Darklings","floor":35,"turns":3},{"damage":52,"enemies":"Giant Head","floor":40,"turns":7}],"seed_played":"548914481973665948","potions_obtained":[{"floor":1,"key":"Venom Potion"},{"floor":2,"key":"Block Potion"},{"floor":4,"key":"BlessingOfTheForge"},{"floor":16,"key":"Block Potion"}],"is_trial":true,"path_per_floor":["M","M","$","M","?","R","?","R","T","R","?","?","$","?","R","B",null,"M","AVR","?","?","M","$","R","NM","T","M","?","M","E","M","R","B",null,"M","?","?","AVR","?","E"],"character_chosen":"DEFECT","items_purchased":["Defragment","hubris:PowerSurge","Boot"],"campfire_rested":0,"item_purchase_floors":[3,13,23],"current_hp_per_floor":[75,69,69,69,74,74,74,74,74,74,74,74,74,74,74,41,80,80,80,80,80,80,80,80,67,67,58,58,59,60,68,68,62,80,77,77,77,77,76,24,24],"gold":364,"neow_bonus":"","is_daily":false,"chose_seed":false,"campfire_upgraded":6,"win_rate":0.0,"timestamp":1613486301,"path_taken":["M","M","$","M","?","R","?","R","T","R","?","?","$","?","R","BOSS","M","AVR","?","?","M","$","R","NM","T","?","?","M","E","M","R","BOSS","M","?","?","AVR","?","E"],"items_purchased_type":["Card","Card","Relic"],"build_version":"2020-12-22","purchased_purges":0,"victory":false,"max_hp_per_floor":[75,75,75,75,80,80,80,80,80,80,80,80,80,80,80,80,80,80,80,80,80,80,80,80,80,80,80,80,80,80,80,80,80,80,80,80,80,80,76,76,76],"card_choices":[{"not_picked":["Melter","Coolheaded"],"picked":"Go for the Eyes","floor":1},{"not_picked":["Gash","Consume"],"picked":"Redo","floor":2},{"not_picked":["Barrage","Compile Driver"],"picked":"Beam Cell","floor":2},{"not_picked":["ReplayTheSpireMod:System Scan","Turbo"],"picked":"Doom and Gloom","floor":4},{"not_picked":["Sweeping Beam","hubris:PowerSurge"],"picked":"Ball Lightning","floor":4},{"not_picked":["ReplaySolidLightProjector","Reboot"],"picked":"BasicCrystalCard","floor":11},{"not_picked":["Auto Shields+1","ReplayGash"],"picked":"Leap","floor":18},{"not_picked":["Compile Driver","Turbo","Steam"],"picked":"SKIP","floor":18},{"not_picked":["Compile Driver","Steam"],"picked":"Lockon","floor":22},{"not_picked":["ReplayGash+1","Streamline+1","Beam Cell"],"picked":"SKIP","floor":22},{"not_picked":["Rebound+1","hubris:DoWhile","Recycle"],"picked":"SKIP","floor":25},{"not_picked":["Genetic Algorithm","Turbo+1"],"picked":"hubris:PowerSurge","floor":27},{"not_picked":["Sweeping Beam","Streamline+1"],"picked":"Storm","floor":27},{"not_picked":["Conserve Battery","Panic Button"],"picked":"Self Repair","floor":29},{"not_picked":["Panic Button","Streamline","Darkness"],"picked":"SKIP","floor":29},{"not_picked":["BasicCrystalCard+1","Compile Driver","ReplayTheSpireMod:Fabricate Wheel"],"picked":"SKIP","floor":30},{"not_picked":["Gash","Streamline","Coolheaded"],"picked":"SKIP","floor":31},{"not_picked":["Ball Lightning","Redo+1","Gash"],"picked":"SKIP","floor":31},{"not_picked":["hubris:DoWhile","Rainbow"],"picked":"Electrodynamics","floor":33},{"not_picked":["hubris:Ukulele+1","Go for the Eyes","Sweeping Beam+1"],"picked":"SKIP","floor":35},{"not_picked":["Rip and Tear+1","Darkness+1","Stack+1"],"picked":"SKIP","floor":35}],"player_experience":344931,"relics_obtained":[{"floor":9,"key":"Iron Hammer"},{"floor":11,"key":"Odd Mushroom"},{"floor":25,"key":"Ice Cream"},{"floor":26,"key":"Dream Catcher"},{"floor":30,"key":"Happy Flower"}],"event_choices":[{"damage_healed":0,"gold_gain":0,"player_choice":"Donut","damage_taken":0,"max_hp_gain":5,"max_hp_loss":0,"event_name":"Big Fish","floor":5,"gold_loss":0},{"damage_healed":0,"gold_gain":0,"player_choice":"Leave","damage_taken":0,"max_hp_gain":0,"max_hp_loss":0,"event_name":"The Cleric","floor":7,"gold_loss":0},{"damage_healed":0,"gold_gain":0,"player_choice":"Fought Mushrooms","damage_taken":0,"max_hp_gain":0,"max_hp_loss":0,"event_name":"Mushrooms","floor":11,"gold_loss":0},{"damage_healed":0,"gold_gain":0,"player_choice":"Grow","damage_taken":0,"max_hp_gain":0,"max_hp_loss":0,"event_name":"Living Wall","floor":12,"gold_loss":0,"cards_upgraded":["BasicCrystalCard"]},{"damage_healed":0,"gold_gain":0,"player_choice":"Ignored","damage_taken":0,"max_hp_gain":0,"max_hp_loss":0,"event_name":"Beggar","floor":20,"gold_loss":0},{"damage_healed":0,"gold_gain":0,"player_choice":"Ignored","damage_taken":0,"max_hp_gain":0,"max_hp_loss":0,"event_name":"Purifier","floor":21,"gold_loss":0},{"damage_healed":0,"gold_gain":0,"player_choice":"Inject Mutagens","damage_taken":0,"relics_obtained":["MutagenicStrength"],"max_hp_gain":0,"max_hp_loss":0,"event_name":"Drug Dealer","floor":28,"gold_loss":0},{"cards_removed":["Dualcast"],"damage_healed":0,"gold_gain":0,"player_choice":"Removed Skill","damage_taken":0,"max_hp_gain":0,"max_hp_loss":0,"event_name":"Falling","floor":37,"gold_loss":0},{"damage_healed":0,"gold_gain":0,"player_choice":"Max HP","damage_taken":0,"max_hp_gain":0,"max_hp_loss":4,"event_name":"Winding Halls","floor":39,"gold_loss":0}],"is_beta":false,"boss_relics":[{"not_picked":["SacredBark","Snecko Heart"],"picked":"Sozu"},{"not_picked":["Runic Dome","ChewingGum","Replay:Grab Bag"]}],"items_purged_floors":[],"is_endless":true,"potions_floor_spawned":[1,2,4,16,22,27,29,33],"killed_by":"Giant Head","ascension_level":0}}