{"host":"rmsq46plbpwfbxcc","time":1613450170,"event":{"mods":["AchievementEnabler","BaseMod","Colored Map","Colored Powertips","DeckTracker","KOR Keyword Fix","Minty Spire (QoL Compilation)","Permanent Neow","Quick Restart","SuperFastMode"],"gold_per_floor":[112,112,112,37,53,53,82,97,97,132,142,142,42,56,56,157,157,170,188,201,216,70,70,101,101,101,101,101,120,151,26,26,130,130,140,140,217,67,115,115,142,161,161,171,182,182,196,224,224,224,224,224,49,82,82],"floor_reached":56,"language":"KOR","playtime":1506,"items_purged":["Defend_G","Defend_G","Defend_G","Strike_G","Strike_G"],"score":1837,"play_id":"009a31e0-2bf0-4cee-a6fa-e79c45e75158","local_time":"20210216133610","is_ascension_mode":true,"campfire_choices":[{"data":"Blade Dance","floor":6.0,"key":"SMITH"},{"data":"Accuracy","floor":12.0,"key":"SMITH"},{"data":"Neutralize","floor":15.0,"key":"SMITH"},{"data":"Backflip","floor":23.0,"key":"SMITH"},{"data":"Survivor","floor":25.0,"key":"SMITH"},{"data":"Well Laid Plans","floor":28.0,"key":"SMITH"},{"data":"After Image","floor":32.0,"key":"SMITH"},{"data":"Burst","floor":40,"key":"SMITH"},{"data":"Terror","floor":46,"key":"SMITH"},{"floor":49,"key":"RECALL"},{"data":"Envenom","floor":52,"key":"SMITH"}],"circlet_count":0,"master_deck":["Defend_G","Defend_G","Survivor+1","Neutralize+1","Blade Dance+1","Accuracy+1","Backstab","Blade Dance+1","Acrobatics","Backflip+1","Well Laid Plans+1","After Image+1","Burst+1","Escape Plan+1","Terror+1","Envenom+1","Cloak And Dagger+1","Accuracy+1"],"relics":["WristBlade","HornCleat","Matryoshka","Boot","Pantograph","Du-Vu Doll","HoveringKite","Pen Nib","Happy Flower","Mummified Hand","Singing Bowl","Pear","Sozu","Ginger","Ancient Tea Set","Pocketwatch","Bag of Preparation","Bronze Scales"],"acts_visited":["Exordium","TheCity","TheBeyond","TheEnding"],"potions_floor_usage":[33,39,55],"damage_taken":[{"damage":0.0,"enemies":"Jaw Worm","floor":1.0,"turns":5.0},{"damage":0.0,"enemies":"2 Louse","floor":5.0,"turns":3.0},{"damage":0.0,"enemies":"Gremlin Nob","floor":7.0,"turns":2.0},{"damage":0.0,"enemies":"Cultist","floor":8.0,"turns":2.0},{"damage":10.0,"enemies":"Lagavulin","floor":10.0,"turns":5.0},{"damage":0.0,"enemies":"Large Slime","floor":11.0,"turns":3.0},{"damage":13.0,"enemies":"Exordium Thugs","floor":14.0,"turns":3.0},{"damage":10.0,"enemies":"Hexaghost","floor":16.0,"turns":8.0},{"damage":3.0,"enemies":"2 Thieves","floor":18.0,"turns":4.0},{"damage":8.0,"enemies":"Chosen","floor":19.0,"turns":2.0},{"damage":0.0,"enemies":"Snecko","floor":20.0,"turns":2.0},{"damage":0.0,"enemies":"Cultist and Chosen","floor":21.0,"turns":3.0},{"damage":21.0,"enemies":"Slavers","floor":24.0,"turns":3.0},{"damage":0.0,"enemies":"Snake Plant","floor":29.0,"turns":2.0},{"damage":5.0,"enemies":"Gremlin Leader","floor":30.0,"turns":3.0},{"damage":0,"enemies":"Collector","floor":33,"turns":4},{"damage":7,"enemies":"3 Darklings","floor":35,"turns":3},{"damage":22,"enemies":"2 Orb Walkers","floor":39,"turns":3},{"damage":0,"enemies":"Nemesis","floor":41,"turns":3},{"damage":0,"enemies":"3 Shapes","floor":42,"turns":2},{"damage":8,"enemies":"Jaw Worm Horde","floor":44,"turns":3},{"damage":0,"enemies":"Maw","floor":45,"turns":3},{"damage":2,"enemies":"4 Shapes","floor":47,"turns":4},{"damage":4,"enemies":"Reptomancer","floor":48,"turns":3},{"damage":21,"enemies":"Awakened One","floor":50,"turns":6},{"damage":0,"enemies":"Shield and Spear","floor":54,"turns":2},{"damage":41,"enemies":"The Heart","floor":55,"turns":5}],"seed_played":"6184368308579058870","potions_obtained":[{"floor":5.0,"key":"SteroidPotion"},{"floor":7.0,"key":"Swift Potion"},{"floor":14.0,"key":"LiquidMemories"},{"floor":21.0,"key":"Strength Potion"},{"floor":29.0,"key":"DuplicationPotion"},{"floor":33,"key":"SkillPotion"}],"is_trial":false,"path_per_floor":["M","?","?","$","M","R","E","M","T","E","M","R","$","M","R","B",null,"M","M","M","M","$","R","E","R","T","?","R","M","E","$","R","B",null,"M","?","T","$","?","R","E","M","T","M","M","R","M","E","R","B",null,"R","$","E","B",null],"character_chosen":"THE_SILENT","items_purchased":["Pen Nib"],"campfire_rested":0,"item_purchase_floors":[22],"current_hp_per_floor":[63,63,60,60,60,60,60,60,60,50,50,50,50,37,37,52,66,63,55,55,55,55,55,34,34,34,34,34,34,41,41,41,66,78,73,73,73,73,51,51,53,53,53,47,49,49,47,43,43,47,79,79,79,79,49],"gold":82,"neow_bonus":"BOSS_RELIC","is_daily":false,"chose_seed":false,"campfire_upgraded":10,"win_rate":0.0,"timestamp":1613450170,"path_taken":["M","?","?","$","M","R","E","M","T","E","M","R","?","?","R","BOSS","M","M","M","M","$","R","E","R","T","?","R","M","E","$","R","BOSS","M","?","?","$","?","R","E","M","T","M","M","R","M","E","R","BOSS","R","$","E","BOSS"],"items_purchased_type":["Relic"],"build_version":"2020-12-22","purchased_purges":5,"victory":true,"max_hp_per_floor":[70,70,70,70,70,70,70,70,70,70,70,70,70,70,70,70,70,70,70,70,70,70,70,70,70,70,70,70,70,82,82,82,82,82,84,84,84,84,84,84,86,86,86,88,90,90,90,90,90,90,90,90,90,90,90],"card_choices":[{"not_picked":["Dagger Spray","Prepared"],"picked":"Blade Dance","floor":1.0},{"not_picked":["Dagger Spray","Slice","Quick Slash"],"picked":"SKIP","floor":5.0},{"not_picked":["Underhanded Strike","Blade Dance"],"picked":"Accuracy","floor":7.0},{"not_picked":["Bane","Eviscerate","Deadly Poison"],"picked":"SKIP","floor":8.0},{"not_picked":["Riddle With Holes","Infinite Blades"],"picked":"Backstab","floor":10.0},{"not_picked":["Doppelganger","Distraction","Prepared"],"picked":"SKIP","floor":11.0},{"not_picked":["Blade Dance","Calculated Gamble","Catalyst"],"picked":"SKIP","floor":14.0},{"not_picked":["Backstab+1","Deadly Poison+1"],"picked":"Blade Dance+1","floor":18.0},{"not_picked":["Slice+1","Poisoned Stab+1"],"picked":"Acrobatics","floor":19.0},{"not_picked":["Dagger Spray","Dagger Throw","Skewer"],"picked":"SKIP","floor":20.0},{"not_picked":["Slice+1","Underhanded Strike"],"picked":"Backflip","floor":21.0},{"not_picked":["Poisoned Stab","Accuracy","Dodge and Roll+1"],"picked":"SKIP","floor":24.0},{"not_picked":["Tactician+1","Cloak And Dagger"],"picked":"After Image","floor":29.0},{"not_picked":["Flechettes","Acrobatics","Outmaneuver"],"picked":"Singing Bowl","floor":30.0},{"not_picked":["Malaise","Corpse Explosion"],"picked":"Burst","floor":33},{"not_picked":["Outmaneuver","Heel Hook","Quick Slash"],"picked":"Singing Bowl","floor":35},{"not_picked":["Blade Dance+1","All Out Attack+1"],"picked":"Escape Plan+1","floor":39},{"not_picked":["Sucker Punch+1","Flying Knee","Deflect+1"],"picked":"Singing Bowl","floor":41},{"not_picked":["Poisoned Stab","Deadly Poison+1"],"picked":"Terror","floor":42},{"not_picked":["Bane+1","Deflect","Flechettes+1"],"picked":"Singing Bowl","floor":44},{"not_picked":["Calculated Gamble+1","Crippling Poison+1","Quick Slash"],"picked":"Singing Bowl","floor":45},{"not_picked":["Noxious Fumes+1","Deadly Poison"],"picked":"Envenom","floor":47},{"not_picked":["Acrobatics","Blur"],"picked":"Cloak And Dagger+1","floor":48},{"not_picked":["Crippling Poison","Dagger Throw"],"picked":"Accuracy+1","floor":54}],"player_experience":650359,"relics_obtained":[{"floor":7.0,"key":"Matryoshka"},{"floor":9.0,"key":"Boot"},{"floor":9.0,"key":"Pantograph"},{"floor":10.0,"key":"Du-Vu Doll"},{"floor":24.0,"key":"Happy Flower"},{"floor":26.0,"key":"Mummified Hand"},{"floor":26.0,"key":"Singing Bowl"},{"floor":30.0,"key":"Pear"},{"floor":39,"key":"Ginger"},{"floor":41,"key":"Ancient Tea Set"},{"floor":43,"key":"Pocketwatch"},{"floor":48,"key":"Bag of Preparation"},{"floor":54,"key":"Bronze Scales"}],"event_choices":[{"cards_removed":["Strike_G"],"damage_healed":0.0,"max_hp_gain":0.0,"max_hp_loss":0.0,"gold_gain":0.0,"event_name":"Living Wall","player_choice":"Forget","floor":2.0,"gold_loss":0.0,"damage_taken":0.0},{"damage_healed":0.0,"max_hp_gain":0.0,"max_hp_loss":0.0,"gold_gain":0.0,"event_name":"Scrap Ooze","player_choice":"Success","floor":3.0,"gold_loss":0.0,"damage_taken":3.0,"relics_obtained":["HornCleat"]},{"damage_healed":0.0,"max_hp_gain":0.0,"max_hp_loss":0.0,"gold_gain":0.0,"cards_transformed":["Strike_G"],"event_name":"Transmorgrifier","player_choice":"Transformed","floor":27.0,"gold_loss":0.0,"damage_taken":0.0,"cards_obtained":["Well Laid Plans"]},{"cards_removed":["Strike_G"],"damage_healed":0,"gold_gain":0,"player_choice":"Removed Attack","damage_taken":0,"max_hp_gain":0,"max_hp_loss":0,"event_name":"Falling","floor":36,"gold_loss":0},{"damage_healed":0,"gold_gain":0,"player_choice":"Fight","damage_taken":0,"max_hp_gain":0,"max_hp_loss":0,"event_name":"Mysterious Sphere","floor":39,"gold_loss":0}],"is_beta":false,"boss_relics":[{"not_picked":["SacredBark","Philosopher\u0027s Stone"],"picked":"HoveringKite"},{"not_picked":["Velvet Choker","Calling Bell"],"picked":"Sozu"}],"items_purged_floors":[4,13,31,38,53],"is_endless":false,"potions_floor_spawned":[5,7,14,21,29,30,33,39,44,47,54],"ascension_level":8}}