{"host":"kmq7aw60w430zvtx","time":1613479183,"event":{"mods":["BaseMod","Downfall","GifTheSpireLib","Hermit","Hubris","Infinite Spire","Minty Spire (QoL Compilation)","Reliquary","Replay The Spire","Spire Arcade","StSLib","The Construct","The Cursed","The Hierophant","The Jungle","The Necromancer","The Runesmith"],"gold_per_floor":[114,114,114,114,152,152,166,198,221,221,239,253,265,265,265,366,366,381,394,153,164,180,180,198,198,279,279,279,291,291,304,304,401,401,411,424,109,124,142,169,169,197,197,216,216,243,243,243,243,243,243,243,46,71,71],"floor_reached":56,"language":"ENG","playtime":3656,"items_purged":[],"score":1287,"play_id":"542624d6-b42e-4a6b-9df3-af6e2ac45c99","local_time":"20210216133943","is_ascension_mode":true,"campfire_choices":[{"floor":6.0,"key":"RECALL"},{"floor":10.0,"key":"REST"},{"data":"Runesmith:MetallurgicalResearch","floor":15.0,"key":"SMITH"},{"floor":23,"key":"REST"},{"floor":28,"key":"REST"},{"data":"Runesmith:ReplicatingBarrier","floor":30,"key":"SMITH"},{"data":"Runesmith:Grindstone","floor":32,"key":"SMITH"},{"floor":41,"key":"REST"},{"floor":47,"key":"REST"},{"floor":49,"key":"REST"},{"data":"Runesmith:Permafrost","floor":52,"key":"SMITH"}],"circlet_count":0,"master_deck":["Runesmith:Strike_RS","Runesmith:Strike_RS","Runesmith:Defend_RS","Runesmith:Defend_RS","Runesmith:CraftFirestone","Runesmith:Fortify","Good Instincts","Runesmith:EnergizedChisel+1","Runesmith:PerfectChisel+1","Runesmith:Grindstone+1","Runesmith:CraftMagma","Runesmith:GoWithTheFlow","Runesmith:MetallurgicalResearch+1","Runesmith:MakeshiftArmor","Runesmith:EarthShield","Runesmith:ReplicatingBarrier+1","Runesmith:Terraform","Runesmith:RuneHurl","Runesmith:LithiumIon","Runesmith:HammerAndChisel","Enlightenment","Runesmith:BackupBattery+1","Runesmith:PoweredAnvil","Runesmith:HeatExchange","Runesmith:Reinforce+1","Runesmith:HeatExchange","Runesmith:CreatorForm","Runesmith:CraftObretio","Runesmith:BackupBattery","Runesmith:Firestorm","Runesmith:HeatExchange","Runesmith:Empowerment","Runesmith:BackupBattery","Runesmith:CraftReservo+1","Runesmith:MakeshiftArmor+1","Bandage Up","Runesmith:Permafrost+1","Runesmith:HammerThrow+1"],"relics":["Runesmith:BrokenRuby","Anchor","Boot","Painkiller Herb","infinitespire:Bottled Soul","Ancient Tea Set","Empty Cage","Iron Hammer","Ancient Tea Set","Akabeko","hubris:BottledRain","Runesmith:AutoHammer","Strawberry","Pantograph"],"acts_visited":["Exordium","TheCity","TheBeyond","TheEnding"],"potions_floor_usage":[29,35,35,38,40,46,54,54],"damage_taken":[{"damage":0.0,"enemies":"Jaw Worm","floor":1.0,"turns":4.0},{"damage":0.0,"enemies":"Small Slimes","floor":7.0,"turns":4.0},{"damage":19.0,"enemies":"3 Sentries","floor":8.0,"turns":11.0},{"damage":0.0,"enemies":"2 Louse","floor":11.0,"turns":4.0},{"damage":0.0,"enemies":"Lots of Slimes","floor":12.0,"turns":5.0},{"damage":1.0,"enemies":"Blue Slaver","floor":13.0,"turns":4.0},{"damage":6.0,"enemies":"Fading Forest","floor":16.0,"turns":11.0},{"damage":11.0,"enemies":"Spheric Guardian","floor":18.0,"turns":5.0},{"damage":1.0,"enemies":"Shell Parasite","floor":19.0,"turns":6.0},{"damage":12.0,"enemies":"Centurion and Healer","floor":21.0,"turns":7.0},{"damage":8,"enemies":"Snake Plant","floor":22,"turns":6},{"damage":15,"enemies":"Sentry and Sphere","floor":24,"turns":7},{"damage":0,"enemies":"Cultist and Chosen","floor":29,"turns":5},{"damage":0,"enemies":"Centurion and Healer","floor":31,"turns":7},{"damage":3,"enemies":"Automaton","floor":33,"turns":8},{"damage":21,"enemies":"3 Darklings","floor":35,"turns":7},{"damage":16,"enemies":"Orb Walker","floor":36,"turns":4},{"damage":0,"enemies":"Jaw Worm Horde","floor":38,"turns":5},{"damage":4,"enemies":"Maw","floor":39,"turns":6},{"damage":14,"enemies":"Reptomancer","floor":40,"turns":8},{"damage":24,"enemies":"Nemesis","floor":42,"turns":9},{"damage":12,"enemies":"Writhing Mass","floor":44,"turns":8},{"damage":0,"enemies":"Giant Head","floor":46,"turns":8},{"damage":52,"enemies":"Awakened One","floor":50,"turns":12},{"damage":62,"enemies":"Shield and Spear","floor":54,"turns":7},{"damage":65,"enemies":"The Heart","floor":55,"turns":11}],"seed_played":"8557828185264768013","potions_obtained":[{"floor":1.0,"key":"Dexterity Potion"},{"floor":5.0,"key":"Reflective Coating"},{"floor":5.0,"key":"Milkshake"},{"floor":5.0,"key":"Regen Potion"},{"floor":7.0,"key":"LiquidMemories"},{"floor":12.0,"key":"FairyPotion"},{"floor":21,"key":"Regen Potion"},{"floor":24,"key":"GamblersBrew"},{"floor":31,"key":"Swift Potion"},{"floor":33,"key":"Adrenaline Potion"},{"floor":35,"key":"Swift Potion"},{"floor":38,"key":"Dexterity Potion"},{"floor":40,"key":"Ancient Potion"},{"floor":42,"key":"FairyPotion"},{"floor":44,"key":"hexamod:SoulburnPotion"},{"floor":54,"key":"Fruit Juice"}],"is_trial":false,"path_per_floor":["M","?","T","?","?","R","M","E","T","R","M","M","M","?","R","B",null,"?","?","T","?","?","T","?","?","T","AVR","T","?","T","?","T","B",null,"?","?","T","?","?","E","T","E","T","?","?","E","T","?","T","B",null,"T","T","E","B",null],"character_chosen":"RUNESMITH_CLASS","items_purchased":["Runesmith:LithiumIon","Runesmith:HammerAndChisel","Enlightenment","Iron Hammer","Runesmith:Firestorm","Strawberry","AttackPotion"],"campfire_rested":6,"item_purchase_floors":[20,20,20,37,37,53,53],"current_hp_per_floor":[70,70,70,70,42,42,42,38,38,59,59,59,58,58,58,62,70,59,58,58,46,38,59,44,44,44,44,65,65,65,65,65,62,70,54,38,38,38,34,20,41,17,17,5,5,11,32,32,53,7,70,70,77,26,27],"gold":71,"neow_bonus":"RANDOM_COLORLESS","is_daily":false,"chose_seed":false,"campfire_upgraded":4,"win_rate":0.0,"timestamp":1613479183,"path_taken":["M","?","?","?","?","R","?","E","T","R","M","M","M","?","R","BOSS","?","?","T","?","?","T","?","?","T","AVR","T","?","T","?","T","BOSS","?","?","?","?","?","E","T","E","T","?","?","E","T","?","T","BOSS","T","T","E","BOSS"],"items_purchased_type":["Card","Card","Card","Relic","Card","Relic","Potion"],"build_version":"2020-12-22","purchased_purges":0,"victory":true,"max_hp_per_floor":[70,70,70,70,70,70,70,70,70,70,70,70,70,70,70,70,70,70,70,70,70,70,70,70,70,70,70,70,70,70,70,70,70,70,70,70,70,70,70,70,70,70,70,70,70,70,70,70,70,70,70,70,77,82,82],"card_choices":[{"not_picked":["Swift Strike","Replay:Sssssssssshield"],"picked":"Good Instincts","floor":0.0},{"not_picked":["Runesmith:BackupBattery","Runesmith:HeatedChisel"],"picked":"Runesmith:EnergizedChisel","floor":1.0},{"not_picked":["Runesmith:CraftMagma","Runesmith:UnstableHammer"],"picked":"Runesmith:Grindstone","floor":5.0},{"not_picked":["Runesmith:HeatedChisel","Runesmith:Overpower"],"picked":"Runesmith:CraftMagma","floor":7.0},{"not_picked":["Runesmith:WhiteBalance","Runesmith:Overpower"],"picked":"Runesmith:GoWithTheFlow","floor":8.0},{"not_picked":["Runesmith:Firewall","Runesmith:ChiselStab"],"picked":"Runesmith:MetallurgicalResearch","floor":11.0},{"not_picked":["Runesmith:FrozenChisel","Runesmith:ChargedHammer"],"picked":"Runesmith:MakeshiftArmor","floor":12.0},{"not_picked":["Runesmith:OneForEveryone","Runesmith:Permafrost"],"picked":"Runesmith:EarthShield","floor":13.0},{"not_picked":["Runesmith:LightningRod","Runesmith:MetallurgicalResearch"],"picked":"Runesmith:ReplicatingBarrier","floor":16.0},{"not_picked":["Runesmith:ShiftingStrike","Runesmith:HammerThrow"],"picked":"Runesmith:Terraform","floor":18.0},{"not_picked":["Runesmith:FieryHammer","Runesmith:Overpower"],"picked":"Runesmith:RuneHurl","floor":19.0},{"not_picked":["Runesmith:EarthShield+1","Runesmith:NanitesCloud"],"picked":"Runesmith:BackupBattery+1","floor":21},{"not_picked":["Runesmith:NegativeSpace","Runesmith:Superposition"],"picked":"Runesmith:PoweredAnvil","floor":22},{"not_picked":["Runesmith:EnergizedChisel","Runesmith:Discharge"],"picked":"Runesmith:HeatExchange","floor":24},{"not_picked":["Runesmith:HammerTime","Runesmith:BackupBattery+1"],"picked":"Runesmith:Reinforce+1","floor":29},{"not_picked":["Runesmith:Terraform","Runesmith:StaticCage"],"picked":"Runesmith:HeatExchange","floor":31},{"not_picked":["Runesmith:FissionHammer","Runesmith:DuctTape"],"picked":"Runesmith:CreatorForm","floor":33},{"not_picked":["Runesmith:Electrocute","Runesmith:CraftMagma+1"],"picked":"Runesmith:CraftObretio","floor":35},{"not_picked":["Runesmith:EarthShield+1","Runesmith:Grindstone+1"],"picked":"Runesmith:BackupBattery","floor":36},{"not_picked":["Runesmith:Prism+1","Runesmith:UnstableHammer+1"],"picked":"Runesmith:HeatExchange","floor":38},{"not_picked":["Runesmith:ShiftingStrike+1","Runesmith:WhiteBalance"],"picked":"Runesmith:Empowerment","floor":39},{"not_picked":["Runesmith:Grindstone+1","Runesmith:StaticCage"],"picked":"Runesmith:BackupBattery","floor":40},{"not_picked":["Runesmith:Empowerment","Runesmith:Augment+1"],"picked":"Runesmith:CraftReservo+1","floor":42},{"not_picked":["Runesmith:GenerateForcefield","Runesmith:UnstableHammer"],"picked":"Runesmith:MakeshiftArmor+1","floor":44},{"not_picked":["Magnetism","Blind"],"picked":"Bandage Up","floor":45},{"not_picked":["Runesmith:HeatedChisel","Runesmith:OneForEveryone"],"picked":"Runesmith:Permafrost","floor":46},{"not_picked":["Runesmith:Prism+1","Runesmith:Electrocute+1"],"picked":"Runesmith:HammerThrow+1","floor":54}],"player_experience":372535,"relics_obtained":[{"floor":8.0,"key":"Anchor"},{"floor":9.0,"key":"Boot"},{"floor":26,"key":"infinitespire:Bottled Soul"},{"floor":40,"key":"reliquary:SculptingSteel"},{"floor":42,"key":"Akabeko"},{"floor":43,"key":"hubris:BottledRain"},{"floor":46,"key":"Runesmith:AutoHammer"},{"floor":54,"key":"Pantograph"}],"event_choices":[{"cards_removed":["Runesmith:Defend_RS"],"damage_healed":0.0,"max_hp_gain":0.0,"max_hp_loss":0.0,"gold_gain":0.0,"event_name":"Bonfire Elementals","player_choice":"Offered Basic","floor":14.0,"gold_loss":0.0,"damage_taken":0.0},{"damage_healed":0,"gold_gain":0,"player_choice":"Bought 0 Potions","damage_taken":0,"max_hp_gain":0,"max_hp_loss":0,"event_name":"The Woman in Blue","floor":25,"gold_loss":0},{"damage_healed":0,"gold_gain":0,"player_choice":"Memory 1","damage_taken":0,"max_hp_gain":0,"max_hp_loss":0,"event_name":"SensoryStone","floor":45,"gold_loss":0}],"is_beta":false,"boss_relics":[{"not_picked":["Replay:Ancient Bell","reliquary:Ember"],"picked":"Painkiller Herb"},{"not_picked":["Replay:Drink Me","Snecko Eye"],"picked":"Empty Cage"}],"items_purged_floors":[],"is_endless":false,"potions_floor_spawned":[1,7,12,21,24,31,33,35,38,40,42,44,54],"ascension_level":1}}