{"host":"3hzk4hwwdropes3d","time":1613439227,"event":{"mods":["BaseMod","Downfall","Hermit","Minty Spire (QoL Compilation)","StSLib"],"gold_per_floor":[119,119,135,155,155,181,181,193,193,213,233,265,280,298,298,298,298],"floor_reached":16,"language":"ENG","playtime":639,"items_purged":[],"score":169,"play_id":"bc8c1e9e-2669-4599-8ae2-76063c6d98a0","local_time":"20210215173347","is_ascension_mode":true,"campfire_choices":[{"floor":7,"key":"REST"},{"floor":15,"key":"REST"}],"circlet_count":0,"master_deck":["Strike_P","Strike_P+1","Strike_P+1","Strike_P","Defend_P+1","Defend_P","Defend_P+1","Defend_P","Eruption+1","Vigilance","FlurryOfBlows","Tantrum","WheelKick","LessonLearned","FollowUp","Writhe","Pain","CutThroughFate","CrushJoints","FlurryOfBlows","Wallop","ThirdEye"],"relics":["Fusion Hammer","downfall:ExtraCursedKey","Blue Candle","Guardian:GemstoneGun","Peace Pipe"],"acts_visited":["Exordium"],"potions_floor_usage":[12,16,16],"damage_taken":[{"damage":0,"enemies":"Small Slimes","floor":1,"turns":2},{"damage":0,"enemies":"Jaw Worm","floor":3,"turns":1},{"damage":0,"enemies":"Cultist","floor":4,"turns":2},{"damage":0,"enemies":"Gremlin Nob","floor":6,"turns":2},{"damage":12,"enemies":"Looter","floor":8,"turns":2},{"damage":15,"enemies":"2 Fungi Beasts","floor":10,"turns":4},{"damage":1,"enemies":"Large Slime","floor":11,"turns":2},{"damage":23,"enemies":"Lagavulin","floor":12,"turns":3},{"damage":7,"enemies":"Exordium Thugs","floor":13,"turns":3},{"damage":0,"enemies":"Blue Slaver","floor":14,"turns":2},{"damage":38,"enemies":"The Guardian","floor":16,"turns":4}],"seed_played":"285006905089633821","potions_obtained":[{"floor":1,"key":"LiquidBronze"},{"floor":11,"key":"SkillPotion"},{"floor":13,"key":"DuplicationPotion"}],"is_trial":false,"path_per_floor":["M","?","M","M","?","E","R","M","T","M","M","E","M","M","R","B"],"character_chosen":"WATCHER","items_purchased":[],"campfire_rested":2,"item_purchase_floors":[],"current_hp_per_floor":[72,72,72,72,72,72,72,60,60,45,44,21,14,14,35,0,0],"gold":298,"neow_bonus":"BOSS_RELIC","is_daily":false,"chose_seed":false,"campfire_upgraded":0,"win_rate":0.0,"timestamp":1613439227,"path_taken":["M","?","M","M","?","E","R","?","T","M","M","E","M","M","R","BOSS"],"items_purchased_type":[],"build_version":"2020-12-22","purchased_purges":0,"victory":false,"max_hp_per_floor":[72,72,72,72,72,72,72,72,72,72,72,72,72,72,72,72,72],"card_choices":[{"not_picked":["Wallop","Crescendo"],"picked":"FlurryOfBlows","floor":1},{"not_picked":["FlurryOfBlows","EmptyMind"],"picked":"Tantrum","floor":3},{"not_picked":["ReachHeaven","FollowUp"],"picked":"WheelKick","floor":4},{"not_picked":["PathToVictory","WreathOfFlame"],"picked":"LessonLearned","floor":6},{"not_picked":["EmptyBody","BowlingBash"],"picked":"FollowUp","floor":8},{"not_picked":["Indignation","FollowUp"],"picked":"CutThroughFate","floor":10},{"not_picked":["Consecrate","Blasphemy"],"picked":"CrushJoints","floor":11},{"not_picked":["FlyingSleeves","PathToVictory"],"picked":"FlurryOfBlows","floor":12},{"not_picked":["Meditate","Vengeance"],"picked":"Wallop","floor":13},{"not_picked":["JustLucky","Weave"],"picked":"ThirdEye","floor":14}],"player_experience":418920,"relics_obtained":[{"floor":6,"key":"Blue Candle"},{"floor":9,"key":"Guardian:GemstoneGun"},{"floor":12,"key":"Peace Pipe"}],"event_choices":[{"damage_healed":0,"gold_gain":0,"player_choice":"Bought 0 Potions","damage_taken":0,"max_hp_gain":0,"max_hp_loss":0,"event_name":"The Woman in Blue","floor":5,"gold_loss":0}],"is_beta":false,"boss_relics":[],"items_purged_floors":[],"is_endless":false,"potions_floor_spawned":[1,11,13],"killed_by":"The Guardian","ascension_level":4}}