{"host":"mu5qkq7030l6349q","time":1613512926,"event":{"mods":["AchievementEnabler","BaseMod","Colored Powertips","Downfall","Highlight Path","Minty Spire (QoL Compilation)","Permanent Neow","Rare Cards Sparkle","Replay The Spire","StSLib"],"gold_per_floor":[99,112,112,125,125,155,155,173,185,205,218,4,4,20,36,140,140,140,30,30,32,44,54,54,154,182,200,100,100,127,137,147,246,246,246,259,359,133,144,157,210,223,23,41,51,78,78,78,98,98,98,126,65,65,65,65,65,65],"floor_reached":56,"language":"ENG","playtime":7821,"items_purged":["Writhe"],"score":800,"play_id":"72c6b936-e130-423a-acb1-6295d9c0647b","local_time":"20210216230206","is_ascension_mode":false,"campfire_choices":[{"data":"ReplayTheSpireMod:Restless Dread","floor":1.0,"key":"PURGE"},{"data":"champ:StanceDance","floor":13.0,"key":"SMITH"},{"data":"champ:PerfectedStrike","floor":18.0,"key":"SMITH"},{"data":"champ:CrownThrow","floor":28.0,"key":"SMITH"},{"floor":35.0,"key":"RECALL"},{"data":"champ:ShieldWall","floor":43.0,"key":"SMITH"},{"data":"Replay:BasicMightCard","floor":47.0,"key":"SMITH"},{"data":"champ:Improvising","floor":54.0,"key":"SMITH"}],"circlet_count":0,"master_deck":["champ:Strike","champ:Strike","champ:Defend","champ:Defend","champ:Defend","champ:Execute","champ:Taunt","champ:CrownThrow+1","champ:StanceDance+1","champ:RisingSlash","champ:CrookedStrike","champ:FocusedBerserking","champ:Lariat","champ:Encircle","champ:PerfectedStrike+1","champ:Shatter","champ:VampiricStrike","Replay:BasicMightCard+1","champ:AdrenalArmor+1","champ:PerfectedStrike","champ:StanceDance+1","champ:Backstep","champ:GutPunch","champ:PerfectedStrike","champ:FancyFootwork+1","champ:ShieldWall+1","champ:Improvising+1","champ:ShieldWall+1","champ:FocusedBerserking+1","champ:ShieldWall+1"],"relics":["champ:ChampionCrown","Shuriken","MealTicket","Centennial Puzzle","Ring of Chaos","Gremlin Horn","Lantern","champ:BlackKnightHelmet","Question Card","Replay:Ringing Soul","downfall:HeartBlessingGreen","Mummified Hand","Potion Belt","Coffee Dripper","Pen Nib","downfall:HeartBlessingRed","downfall:HeartBlessingBlue","Torii","Bag of Preparation"],"acts_visited":["Exordium","TheCity","TheBeyond","TheEnding"],"potions_floor_usage":[56],"damage_taken":[{"damage":15.0,"enemies":"2 Louse","floor":2.0,"turns":4.0},{"damage":10.0,"enemies":"Cultist","floor":4.0,"turns":3.0},{"damage":49.0,"enemies":"Lagavulin","floor":6.0,"turns":6.0},{"damage":10.0,"enemies":"Jaw Worm","floor":8.0,"turns":3.0},{"damage":40.0,"enemies":"Lots of Slimes","floor":9.0,"turns":4.0},{"damage":13.0,"enemies":"downfall:LooterAlt","floor":10.0,"turns":3.0},{"damage":40.0,"enemies":"Exordium Thugs","floor":11.0,"turns":4.0},{"damage":5.0,"enemies":"downfall:FleeingMerchant","floor":12.0,"turns":4.0},{"damage":1.0,"enemies":"Exordium Wildlife","floor":14.0,"turns":2.0},{"damage":15.0,"enemies":"downfall:LooterAlt","floor":15.0,"turns":2.0},{"damage":70.0,"enemies":"DF_ARCHETYPE_STREAMLINE","floor":16.0,"turns":8.0},{"damage":45.0,"enemies":"downfall:FleeingMerchant","floor":19.0,"turns":4.0},{"damage":30.0,"enemies":"downfall:FleeingMerchant","floor":21.0,"turns":3.0},{"damage":20.0,"enemies":"Chosen","floor":22.0,"turns":3.0},{"damage":0.0,"enemies":"Spheric Guardian","floor":23.0,"turns":1.0},{"damage":35.0,"enemies":"Spheric Guardian","floor":25.0,"turns":6.0},{"damage":33.0,"enemies":"Replay:Snechameleon","floor":26.0,"turns":5.0},{"damage":23.0,"enemies":"Centurion and Healer","floor":27.0,"turns":3.0},{"damage":14.0,"enemies":"Gremlin Leader","floor":30.0,"turns":2.0},{"damage":0.0,"enemies":"Sentry and Sphere","floor":31.0,"turns":3.0},{"damage":6.0,"enemies":"Shelled Parasite and Fungi","floor":32.0,"turns":2.0},{"damage":51.0,"enemies":"SI_MIRROR_ARCHETYPE","floor":33.0,"turns":10.0},{"damage":33.0,"enemies":"3 Darklings","floor":36.0,"turns":3.0},{"damage":10.0,"enemies":"3 Shapes","floor":39.0,"turns":2.0},{"damage":13.0,"enemies":"Jaw Worm Horde","floor":40.0,"turns":3.0},{"damage":25.0,"enemies":"3 Darklings","floor":42.0,"turns":2.0},{"damage":25.0,"enemies":"Transient","floor":44.0,"turns":5.0},{"damage":10.0,"enemies":"Spire Growth","floor":45.0,"turns":2.0},{"damage":38.0,"enemies":"Giant Head","floor":46.0,"turns":5.0},{"damage":32.0,"enemies":"3 Darklings","floor":49.0,"turns":3.0},{"damage":89.0,"enemies":"IC_BLOCK_ARCHETYPE","floor":50.0,"turns":7.0},{"damage":89.0,"enemies":"downfall:CharBossMerchant","floor":52.0,"turns":5.0},{"damage":141.0,"enemies":"downfall:NeowBoss","floor":55.0,"turns":11.0},{"damage":101,"enemies":"downfall:NeowBossFinal","floor":56,"turns":8}],"seed_played":"-8875137977366272975","potions_obtained":[{"floor":2.0,"key":"Venom Potion"},{"floor":4.0,"key":"FearPotion"},{"floor":10.0,"key":"EssenceOfSteel"},{"floor":11.0,"key":"Block Potion"},{"floor":15.0,"key":"SteroidPotion"},{"floor":23.0,"key":"DistilledChaos"},{"floor":27.0,"key":"ColorlessPotion"},{"floor":30.0,"key":"EssenceOfSteel"},{"floor":31.0,"key":"FairyPotion"},{"floor":32.0,"key":"DistilledChaos"},{"floor":36.0,"key":"champ:UltimateStancePotion"},{"floor":40.0,"key":"hexamod:SoulburnPotion"},{"floor":42.0,"key":"LiquidMemories"},{"floor":44.0,"key":"Explosive Potion"},{"floor":52.0,"key":"SkillPotion"}],"is_trial":false,"path_per_floor":["R","M","?","M","?","E","T","M","M","M","M","$","R","M","M","B",null,"R","$","?","$","M","M","T","?","E","M","R","?","E","M","M","B",null,"R","M","?","$","M","M","T","M","R","M","M","E","R","?","M","B",null,"E","$","R","B","B"],"character_chosen":"THE_CHAMP","items_purchased":["Centennial Puzzle","champ:PerfectedStrike","Replay:BasicMightCard","champ:PerfectedStrike","champ:StanceDance+1","Gremlin Horn","Pen Nib","champ:ShieldWall+1"],"campfire_rested":0,"item_purchase_floors":[12,12,19,21,21,21,38,53],"current_hp_per_floor":[108,108,108,108,108,94,94,94,74,71,66,81,81,80,80,30,108,108,93,93,88,88,88,88,73,68,68,68,71,70,70,64,41,123,123,103,103,118,118,110,110,113,123,123,123,110,110,110,108,69,139,80,98,98,47,0,0,0],"gold":65,"neow_bonus":"TWENTY_PERCENT_HP_BONUS","is_daily":false,"chose_seed":false,"campfire_upgraded":6,"win_rate":0.0,"timestamp":1613512926,"path_taken":["R","M","?","?","?","E","T","M","M","M","?","$","R","M","M","BOSS","R","$","?","?","?","M","T","?","E","M","R","?","E","M","M","BOSS","R","M","?","$","M","?","T","M","R","?","M","E","R","?","M","BOSS","E","$","R","BOSS","BOSS"],"items_purchased_type":["Relic","Card","Card","Card","Card","Relic","Relic","Card"],"build_version":"2020-12-22","purchased_purges":1,"victory":false,"max_hp_per_floor":[108,108,108,108,108,108,108,108,108,108,108,108,108,108,108,108,108,108,108,108,108,108,108,108,108,111,114,114,117,120,120,120,123,123,123,126,126,126,126,126,126,129,139,139,139,139,139,139,139,139,139,139,142,142,142,142,142,142],"card_choices":[{"not_picked":["champ:FocusedDefense","champ:TornadoPunch"],"picked":"champ:CrownThrow","floor":2.0},{"not_picked":["champ:EnGarde","champ:FalseCounter"],"picked":"champ:StanceDance","floor":4.0},{"not_picked":["champ:StanceDance","champ:RapidStrikes"],"picked":"champ:RisingSlash","floor":6.0},{"not_picked":["champ:GutPunch","champ:Shatter"],"picked":"champ:CrookedStrike","floor":8.0},{"not_picked":["champ:FalseCounter","champ:ShieldSlam"],"picked":"champ:FocusedBerserking","floor":9.0},{"not_picked":["champ:DefensiveShout","champ:Circumvent"],"picked":"champ:Lariat","floor":10.0},{"not_picked":["champ:Circumvent","champ:GladiatorStyle"],"picked":"champ:Encircle","floor":11.0},{"not_picked":["champ:DefensiveShout","champ:SetATrap","champ:SwordThrow"],"picked":"SKIP","floor":12.0},{"not_picked":["champ:TornadoPunch","champ:FocusedBerserking","champ:DefensiveShout"],"picked":"SKIP","floor":14.0},{"not_picked":["champ:DeathBlow","champ:FancyFootwork"],"picked":"champ:Shatter","floor":15.0},{"not_picked":["champ:IgnorePain","champ:SwordThrow"],"picked":"champ:VampiricStrike","floor":16.0},{"not_picked":["champ:DefensiveShout+1","champ:StanceDance","champ:EndlessRage"],"picked":"SKIP","floor":19.0},{"not_picked":["champ:EndlessRage","champ:Shatter+1"],"picked":"champ:AdrenalArmor+1","floor":21.0},{"not_picked":["champ:BladeFlurry+1","champ:DeathBlow"],"picked":"champ:Backstep","floor":22.0},{"not_picked":["champ:PerfectedStrike","champ:Circumvent","champ:FocusedDefense+1"],"picked":"SKIP","floor":23.0},{"not_picked":["champ:Endure","champ:AdrenalArmor"],"picked":"champ:GutPunch","floor":25.0},{"not_picked":["champ:PreemptiveStrike","champ:AdrenalArmor","champ:DancingMaster"],"picked":"champ:PerfectedStrike","floor":26.0},{"not_picked":["champ:Circumvent","champ:SkillfulDodge+1","champ:TornadoPunch"],"picked":"champ:FancyFootwork+1","floor":27.0},{"not_picked":["champ:Encircle","champ:FocusedDefense","champ:TornadoPunch"],"picked":"champ:ShieldWall","floor":30.0},{"not_picked":["champ:FanOfKnives+1","champ:FancyFootwork","champ:ShieldThrow","champ:Duel+1"],"picked":"SKIP","floor":31.0},{"not_picked":["champ:BerserkersShout","champ:Shatter","champ:Circumvent","champ:TornadoPunch"],"picked":"SKIP","floor":32.0},{"not_picked":["champ:MurderStrike","champ:Devastate","champ:SwordThrow"],"picked":"champ:Improvising","floor":33.0},{"not_picked":["champ:TornadoPunch","champ:Haymaker+1","champ:IronFortress+1"],"picked":"champ:ShieldWall+1","floor":36.0},{"not_picked":["champ:FanOfKnives+1","champ:Encircle","champ:FocusedBerserking+1","champ:Circumvent"],"picked":"SKIP","floor":39.0},{"not_picked":["champ:RapidStrikes","champ:GutPunch+1","champ:FocusedDefense+1","champ:Encircle+1"],"picked":"SKIP","floor":40.0},{"not_picked":["champ:ShieldSlam+1","champ:AdrenalArmor+1","champ:Duel"],"picked":"champ:FocusedBerserking+1","floor":42.0},{"not_picked":["champ:Devastate","champ:Circumvent+1","champ:AdrenalArmor+1","champ:BringItOn+1"],"picked":"SKIP","floor":44.0},{"not_picked":["champ:GutPunch","champ:FlashCut","champ:FanOfKnives+1","champ:EnGarde"],"picked":"SKIP","floor":45.0},{"not_picked":["champ:StanceDance+1","champ:Endure","champ:Lariat+1","champ:AdrenalArmor+1"],"picked":"SKIP","floor":46.0},{"not_picked":["champ:FlashCut","champ:Parry","champ:SetATrap","champ:DeathBlow+1"],"picked":"SKIP","floor":49.0},{"not_picked":["champ:CrownThrow+1","champ:SkillfulDodge+1","champ:SetATrap","champ:DefensiveShout"],"picked":"SKIP","floor":52.0}],"player_experience":34112,"relics_obtained":[{"floor":6.0,"key":"Shuriken"},{"floor":7.0,"key":"MealTicket"},{"floor":24.0,"key":"Lantern"},{"floor":25.0,"key":"champ:BlackKnightHelmet"},{"floor":25.0,"key":"Question Card"},{"floor":26.0,"key":"Replay:Ringing Soul"},{"floor":30.0,"key":"Potion Belt"},{"floor":46.0,"key":"Torii"},{"floor":52.0,"key":"Bag of Preparation"}],"event_choices":[{"cards_removed":["champ:Strike"],"damage_healed":0.0,"max_hp_gain":0.0,"max_hp_loss":0.0,"gold_gain":0.0,"event_name":"Bonfire Elementals","player_choice":"Offered Basic","floor":5.0,"gold_loss":0.0,"damage_taken":0.0},{"cards_removed":["champ:Strike"],"damage_healed":0.0,"max_hp_gain":0.0,"max_hp_loss":0.0,"gold_gain":0.0,"event_name":"Bonfire Elementals","player_choice":"Offered Basic","floor":25.0,"gold_loss":0.0,"damage_taken":0.0}],"is_beta":false,"boss_relics":[{"not_picked":["bronze:MakeshiftBattery","Replay:Ancient Bell"],"picked":"Ring of Chaos"},{"not_picked":["Busted Crown","Kintsugi"],"picked":"Coffee Dripper"}],"items_purged_floors":[38],"is_endless":false,"potions_floor_spawned":[2,4,10,11,15,23,27,30,31,32,36,40,42,44,52],"killed_by":"downfall:NeowBossFinal","ascension_level":0}}