{"host":"nlbr7nnijupf3yfg","time":1613496615,"event":{"mods":["AchievementEnabler","BaseMod","BetterRewards","Card Forge","Colored Powertips","DeckTracker","Downfall","Hubris","Infinite Spire","Minty Spire (QoL Compilation)","Quick Restart","Relic Stats","Replay The Spire","Shop Mod","StSLib","SuperFastMode"],"gold_per_floor":[111,386,396,169,196,221,221,231,255,280,280,292,312,312,312,407,407,424,449,449,467,79,109,109,109,132,151,151,179,179,190,190,291,291,308,325,325,340,390,390,31,83,83,157,157,157,157,196,496,500],"floor_reached":51,"language":"ENG","playtime":1402,"items_purged":["Regret"],"score":1492,"play_id":"103a7bae-88c2-4330-9ba2-7c7eb835ad66","local_time":"20210216123015","is_ascension_mode":true,"campfire_choices":[{"data":"Exhume","floor":7,"key":"SMITH"},{"floor":11,"key":"REST"},{"floor":15,"key":"REST"},{"floor":24,"key":"REST"},{"floor":28,"key":"REST"},{"floor":32,"key":"REST"},{"floor":40,"key":"REST"},{"floor":47,"key":"DIG"}],"circlet_count":0,"master_deck":["AscendersBane","Bash+1","infinitespire:OneForAll+1","Feed+1","Exhume+1","Exhume+1","Defend_R","Defend_R","Exhume+1","Defend_R+1","Exhume+1","Replay:Undeath\u0027s Touch","Sword Boomerang","Feed+1","Rupture+1","Armaments","Reaper+1","Blood for Blood+1","hubris:Lust","Languid","infinitespire:Punishment","Corruption","Feel No Pain","Havoc","Ghostly","Ghostly+1","Ghostly","Ghostly","Ghostly","Power Through","Massacre","Bash","Berserk","Armaments+1","Sword Boomerang+1","ReplayTheSpireMod:Stacked","Thunderclap+1","Inflame+1","ReplayTheSpireMod:Strike From Hell+1","Secret Weapon","Jack Of All Trades"],"relics":["Burning Blood","Hammer of Thor","Seething Fire","Anvil of the Gods","NeowsBlessing","DollysMirror","Gremlin Food","Shuriken","Pen Nib","Replay:Ringing Soul","expansioncontent:StudyCardRelic","Red Mask","Replay:WaspNest","Guide Book","Garlic","Bronze Scales","Matryoshka","Replay:Bronze Core","Replay:Multitool","Philosopher\u0027s Stone","hubris:Potato","bronze:BronzeIdol","Replay:Bandana","Calipers","Anchor","Nunchaku","Potion Belt"],"acts_visited":["Exordium","TheCity","TheBeyond"],"potions_floor_usage":[10,33,44,50],"damage_taken":[{"damage":0,"enemies":"Small Slimes","floor":1,"turns":1},{"damage":4,"enemies":"Cultist","floor":3,"turns":2},{"damage":0,"enemies":"Lagavulin","floor":6,"turns":1},{"damage":7,"enemies":"2 Louse","floor":8,"turns":3},{"damage":57,"enemies":"Replay:BlueRogue","floor":10,"turns":4},{"damage":16,"enemies":"Blue Slaver","floor":12,"turns":3},{"damage":15,"enemies":"2 Fungi Beasts","floor":13,"turns":3},{"damage":81,"enemies":"Slime Boss","floor":16,"turns":11},{"damage":12,"enemies":"2 Thieves","floor":18,"turns":4},{"damage":84,"enemies":"Masked Bandits","floor":19,"turns":5},{"damage":5,"enemies":"Chosen","floor":21,"turns":5},{"damage":12,"enemies":"Book of Stabbing","floor":23,"turns":4},{"damage":0,"enemies":"Snecko","floor":27,"turns":5},{"damage":5,"enemies":"Gremlin Leader","floor":29,"turns":6},{"damage":10,"enemies":"Chosen and Byrds","floor":31,"turns":2},{"damage":20,"enemies":"Automaton","floor":33,"turns":9},{"damage":0,"enemies":"Orb Walker","floor":35,"turns":1},{"damage":56,"enemies":"3 Shapes","floor":36,"turns":7},{"damage":12,"enemies":"3 Darklings","floor":38,"turns":5},{"damage":16,"enemies":"Mind Bloom Boss Battle","floor":39,"turns":8},{"damage":4,"enemies":"Nemesis","floor":42,"turns":7},{"damage":0,"enemies":"Reptomancer","floor":44,"turns":4},{"damage":0,"enemies":"Sphere and 2 Shapes","floor":48,"turns":5},{"damage":48,"enemies":"Awakened One","floor":50,"turns":11}],"seed_played":"-241298580931900484","potions_obtained":[{"floor":1,"key":"Reflective Coating"},{"floor":6,"key":"ColorlessPotion"},{"floor":13,"key":"champ:CounterPotion"},{"floor":21,"key":"SkillPotion"},{"floor":36,"key":"DistilledChaos"}],"is_trial":false,"path_per_floor":["M","?","M","$","T","E","R","M","T","E","R","M","M","?","R","B",null,"M","?","?","M","$","E","R","?","T","M","R","E","?","M","R","B",null,"M","M","AVR","M","?","R","$","E","T","E","?","?","R","M","R","B",null],"character_chosen":"IRONCLAD","items_purchased":["DollysMirror","Replay:WaspNest","Guide Book","bronze:BronzeIdol","Inflame+1","Replay:Bandana"],"campfire_rested":6,"item_purchase_floors":[4,22,22,41,41,41],"current_hp_per_floor":[86,86,92,92,92,96,96,103,103,59,92,86,88,91,129,69,122,127,70,73,78,78,75,87,70,70,76,92,95,98,94,98,97,100,104,70,70,87,84,121,124,132,132,135,138,141,141,145,145,103],"gold":500,"neow_bonus":"THREE_ENEMY_KILL","is_daily":false,"chose_seed":false,"campfire_upgraded":1,"win_rate":0.0,"timestamp":1613496615,"path_taken":["M","?","M","$","?","E","R","M","T","E","R","M","M","?","R","BOSS","M","?","?","M","$","E","R","?","T","?","R","E","?","M","R","BOSS","M","?","AVR","M","?","R","$","E","T","E","?","?","R","M","R","BOSS"],"items_purchased_type":["Relic","Relic","Relic","Relic","Card","Relic"],"build_version":"2020-12-22","purchased_purges":1,"victory":true,"max_hp_per_floor":[88,88,92,92,92,96,96,104,104,111,111,115,126,129,129,140,140,147,154,80,84,84,87,87,92,92,92,92,95,98,98,98,101,101,104,115,115,118,125,125,128,132,132,135,138,141,141,145,145,145],"relic_stats":{"Nunchaku":[3],"counters":[24,115],"Shuriken":[19],"Bronze Scales":[272],"Pen Nib":[17],"obtain_stats":[{"Calipers":42,"Hammer of Thor":0,"expansioncontent:StudyCardRelic":17,"Replay:Multitool":37,"Burning Blood":0,"Replay:Ringing Soul":10,"Replay:Bandana":41,"Nunchaku":44,"Matryoshka":29,"DollysMirror":4,"Replay:Bronze Core":34,"Philosopher\u0027s Stone":37,"Red Mask":19,"Gremlin Food":5,"Potion Belt":47,"NeowsBlessing":0,"Guide Book":22,"Pen Nib":9,"Replay:WaspNest":22,"Seething Fire":0,"bronze:BronzeIdol":41,"Anchor":43,"Anvil of the Gods":0,"Shuriken":6,"Bronze Scales":26,"Garlic":23,"hubris:Potato":39},{"Calipers":21,"Hammer of Thor":0,"expansioncontent:StudyCardRelic":8,"Replay:Multitool":18,"Burning Blood":0,"Replay:Ringing Soul":5,"Replay:Bandana":20,"Nunchaku":22,"Matryoshka":14,"DollysMirror":2,"Replay:Bronze Core":16,"Philosopher\u0027s Stone":18,"Red Mask":10,"Gremlin Food":2,"Potion Belt":22,"NeowsBlessing":0,"Guide Book":11,"Pen Nib":4,"Replay:WaspNest":11,"Seething Fire":0,"bronze:BronzeIdol":20,"Anchor":21,"Anvil of the Gods":0,"Shuriken":3,"Bronze Scales":12,"Garlic":12,"hubris:Potato":20},{"Calipers":95,"Hammer of Thor":0,"expansioncontent:StudyCardRelic":28,"Replay:Multitool":75,"Burning Blood":0,"Replay:Ringing Soul":11,"Replay:Bandana":88,"Nunchaku":99,"Matryoshka":56,"DollysMirror":3,"Replay:Bronze Core":67,"Philosopher\u0027s Stone":75,"Red Mask":37,"Gremlin Food":3,"Potion Belt":99,"NeowsBlessing":0,"Guide Book":42,"Pen Nib":7,"Replay:WaspNest":42,"Seething Fire":0,"bronze:BronzeIdol":88,"Anchor":95,"Anvil of the Gods":0,"Shuriken":4,"Bronze Scales":45,"Garlic":45,"hubris:Potato":88}],"Burning Blood":114},"card_choices":[{"not_picked":["Twin Strike","Wild Strike"],"picked":"Replay:Undeath\u0027s Touch","floor":1},{"not_picked":["Iron Wave","Ghostly Armor"],"picked":"Sword Boomerang","floor":3},{"not_picked":["Warcry","Iron Wave"],"picked":"Rupture","floor":6},{"not_picked":["Run Through","Sword Boomerang"],"picked":"Armaments","floor":8},{"not_picked":["Dropkick","hubris:ReadiedAction"],"picked":"Reaper","floor":10},{"not_picked":["Wild Strike","Clothesline","Disarm"],"picked":"SKIP","floor":12},{"not_picked":["Run Through","Twin Strike"],"picked":"Blood for Blood","floor":13},{"not_picked":["ReplayTheSpireMod:Black Plague","infinitespire:Menacing"],"picked":"infinitespire:Punishment","floor":14},{"not_picked":["Brutality","Eclipse"],"picked":"Corruption","floor":16},{"not_picked":["hubris:ReadiedAction","Anger"],"picked":"Feel No Pain","floor":18},{"not_picked":["ReplayReversal","Run Through"],"picked":"Havoc","floor":19},{"not_picked":["True Grit","Perfected Strike","Rampage"],"picked":"SKIP","floor":21},{"not_picked":["Perfected Strike","Sword Boomerang"],"picked":"Power Through","floor":23},{"not_picked":["Clothesline","Flex","Life Link"],"picked":"SKIP","floor":27},{"not_picked":["Exhume","Anger"],"picked":"Massacre","floor":29},{"not_picked":["Entrench+1","Iron Wave","Defy Death"],"picked":"SKIP","floor":31},{"not_picked":["Hemogenesis","Demon Form"],"picked":"Berserk","floor":33},{"not_picked":["Replay:Undeath\u0027s Touch","Thunderclap"],"picked":"Armaments+1","floor":35},{"not_picked":["Hemokinesis","Clash"],"picked":"Sword Boomerang+1","floor":36},{"not_picked":["Cleave","Hemokinesis"],"picked":"ReplayTheSpireMod:Stacked","floor":38},{"not_picked":["Combust","Power Through"],"picked":"Thunderclap+1","floor":39},{"not_picked":["Run Through","Reckless Charge","Pummel"],"picked":"SKIP","floor":42},{"not_picked":["Defy Death","Shockwave"],"picked":"ReplayTheSpireMod:Strike From Hell+1","floor":44},{"not_picked":["Swift Strike","Replay:Bootleg Shield Generator"],"picked":"Secret Weapon","floor":45},{"not_picked":["Ghostly Armor","Wild Strike","ReplayReversal"],"picked":"SKIP","floor":48}],"player_experience":83658,"relics_obtained":[{"floor":5,"key":"Gremlin Food"},{"floor":6,"key":"Shuriken"},{"floor":9,"key":"Pen Nib"},{"floor":10,"key":"Replay:Ringing Soul"},{"floor":19,"key":"Red Mask"},{"floor":23,"key":"Garlic"},{"floor":26,"key":"Bronze Scales"},{"floor":29,"key":"Matryoshka"},{"floor":39,"key":"hubris:Potato"},{"floor":42,"key":"Calipers"},{"floor":43,"key":"Anchor"},{"floor":44,"key":"Nunchaku"},{"floor":47,"key":"Potion Belt"}],"event_choices":[{"damage_healed":0,"gold_gain":275,"player_choice":"Desecrate","damage_taken":0,"max_hp_gain":0,"max_hp_loss":0,"event_name":"Golden Shrine","floor":2,"gold_loss":0,"cards_obtained":["Regret"]},{"damage_healed":0,"gold_gain":0,"player_choice":"Fought Bandits","damage_taken":0,"max_hp_gain":0,"max_hp_loss":0,"event_name":"Masked Bandits","floor":19,"gold_loss":0},{"damage_healed":0,"gold_gain":0,"player_choice":"Became a Ghost","damage_taken":0,"max_hp_gain":0,"max_hp_loss":77,"event_name":"Ghosts","floor":20,"gold_loss":0,"cards_obtained":["Ghostly","Ghostly","Ghostly","Ghostly","Ghostly"]},{"damage_healed":0,"gold_gain":0,"player_choice":"Shed Blood","damage_taken":22,"max_hp_gain":5,"max_hp_loss":0,"event_name":"Forgotten Altar","floor":25,"gold_loss":0},{"damage_healed":0,"gold_gain":0,"player_choice":"1 cards matched","damage_taken":0,"max_hp_gain":0,"max_hp_loss":0,"event_name":"Match and Keep!","floor":30,"gold_loss":0,"cards_obtained":["Bash"]},{"damage_healed":0,"gold_gain":0,"player_choice":"Fight","damage_taken":0,"max_hp_gain":0,"max_hp_loss":0,"event_name":"MindBloom","floor":39,"gold_loss":0},{"damage_healed":0,"gold_gain":0,"player_choice":"Memory 1","damage_taken":0,"max_hp_gain":0,"max_hp_loss":0,"event_name":"SensoryStone","floor":45,"gold_loss":0},{"damage_healed":0,"gold_gain":0,"player_choice":"1 cards matched","damage_taken":0,"max_hp_gain":0,"max_hp_loss":0,"event_name":"Match and Keep!","floor":46,"gold_loss":0,"cards_obtained":["Jack Of All Trades"]},{"damage_healed":0,"gold_gain":300,"player_choice":"Gold","damage_taken":0,"max_hp_gain":0,"max_hp_loss":0,"event_name":"Wheel of Change","floor":49,"gold_loss":0}],"is_beta":false,"boss_relics":[{"not_picked":["hubris:Stopwatch","Ooze Armor"],"picked":"expansioncontent:StudyCardRelic"},{"not_picked":["Mark of Pain","Velvet Choker"],"picked":"Replay:Bronze Core"}],"items_purged_floors":[4],"is_endless":false,"potions_floor_spawned":[1,6,13,16,18,21,27,31,36,38,39],"ascension_level":12}}