{"host":"g7sxcfouz24f0psv","time":1613503479,"event":{"mods":["Aspiration","BaseMod","Colored Powertips","Hermit","Highlight Path","Minty Spire (QoL Compilation)","Replay The Spire","StSLib","The Cursed","The Hierophant"],"gold_per_floor":[119,134,151,234,234,234,261,261,287,287,298,51,51,81,81,179,279,293,267,267,284,300,300,334,334,334],"floor_reached":25,"language":"ENG","playtime":2272,"items_purged":["Injury"],"score":231,"play_id":"43731428-1f28-41df-bc2e-fd9a3c25f0e4","local_time":"20210216202439","is_ascension_mode":false,"campfire_choices":[{"data":"hermit:Vantage","floor":6,"key":"SMITH"},{"floor":8,"key":"REST"},{"data":"hermit:CalledShot","floor":10,"key":"SMITH"},{"data":"hermit:Dive","floor":13,"key":"SMITH"},{"floor":15,"key":"REST"},{"floor":23,"key":"REST"}],"circlet_count":0,"master_deck":["hermit:Strike_Hermit","hermit:Strike_Hermit","hermit:Strike_Hermit","hermit:Strike_Hermit","hermit:Defend_Hermit","hermit:Defend_Hermit","hermit:Defend_Hermit","hermit:Defend_Hermit","hermit:Snapshot+1","hermit:Covet","hermit:CalledShot+1","hermit:Dive+1","hermit:Vantage+1","hermit:Ricochet","hermit:LowProfile","hermit:Dive+1","hermit:ItchyTrigger","hermit:Determination","hermit:ItchyTrigger","hermit:Dive+1","hermit:Quickdraw+1","hermit:TrackingShot","hermit:Vantage+1","hermit:BigShot+1"],"relics":["hermit:Momento","aspiration:Nostalgia","PureWater","Replay:Mystery Machine","Toxic Egg 2","Bottled Lightning","Tiny Chest","Lantern","Replay:Wanted Poster","Dream Catcher"],"acts_visited":["Exordium","TheCity"],"potions_floor_usage":[7,12,14,16,19],"damage_taken":[{"damage":0,"enemies":"Cultist","floor":1,"turns":3},{"damage":5,"enemies":"Small Slimes","floor":2,"turns":3},{"damage":1,"enemies":"Jaw Worm","floor":3,"turns":3},{"damage":15,"enemies":"3 Sentries","floor":7,"turns":12},{"damage":3,"enemies":"Exordium Thugs","floor":11,"turns":6},{"damage":58,"enemies":"Gremlin Nob","floor":14,"turns":6},{"damage":18,"enemies":"The Guardian","floor":16,"turns":15},{"damage":5,"enemies":"Chosen","floor":18,"turns":5},{"damage":6,"enemies":"2 Thieves","floor":19,"turns":5},{"damage":18,"enemies":"3 Cultists","floor":21,"turns":8},{"damage":7,"enemies":"Shelled Parasite and Fungi","floor":22,"turns":9},{"damage":48,"enemies":"Book of Stabbing","floor":24,"turns":8},{"damage":17,"enemies":"Cultist and Chosen","floor":25,"turns":6}],"seed_played":"-227302119517170747","potions_obtained":[{"floor":1,"key":"hermit:BlackBile"},{"floor":2,"key":"BlessingOfTheForge"},{"floor":7,"key":"SteroidPotion"},{"floor":18,"key":"AttackPotion"}],"is_trial":false,"path_per_floor":["M","M","M","?","?","R","E","R","T","R","M","$","R","E","R","B",null,"M","M","?","M","M","R","E","M"],"character_chosen":"HERMIT","items_purchased":["hermit:Determination","Fruit Juice"],"campfire_rested":3,"item_purchase_floors":[12,12],"current_hp_per_floor":[75,70,69,51,51,51,36,58,58,58,55,60,60,2,26,8,80,75,69,69,51,44,68,20,3,3],"gold":334,"neow_bonus":"NOSTALGIA","is_daily":false,"chose_seed":false,"campfire_upgraded":3,"win_rate":0.0,"timestamp":1613503479,"path_taken":["M","M","?","?","?","R","E","R","T","R","M","$","R","E","R","BOSS","M","M","?","M","M","R","E","M"],"items_purchased_type":["Card","Potion"],"build_version":"2020-12-22","purchased_purges":1,"victory":false,"max_hp_per_floor":[75,75,75,75,75,75,75,75,75,75,75,80,80,80,80,80,80,80,80,80,80,80,80,80,80,80],"card_choices":[{"not_picked":["hermit:TakeCover","hermit:HighCaliber"],"picked":"hermit:CalledShot","floor":1},{"not_picked":["hermit:Snipe","hermit:LuckOfTheDraw"],"picked":"hermit:Dive","floor":2},{"not_picked":["hermit:Feint","hermit:Manifest"],"picked":"hermit:Vantage","floor":3},{"not_picked":["hermit:Spite","hermit:Headshot"],"picked":"hermit:Ricochet","floor":4},{"not_picked":["hermit:Feint","hermit:Brawl"],"picked":"hermit:LowProfile","floor":4},{"not_picked":["hermit:BodyArmor+1","hermit:CalledShot"],"picked":"hermit:Dive+1","floor":7},{"not_picked":["hermit:CalledShot","hermit:Manifest+1"],"picked":"hermit:ItchyTrigger","floor":11},{"not_picked":["hermit:Reprieve+1","hermit:Feint+1"],"picked":"hermit:ItchyTrigger","floor":14},{"not_picked":["hermit:HoleUp+1","hermit:BodyArmor+1"],"picked":"hermit:Dive+1","floor":18},{"not_picked":["hermit:ItchyTrigger","hermit:Manifest+1"],"picked":"hermit:Quickdraw+1","floor":19},{"not_picked":["hermit:Headshot","hermit:WideOpen"],"picked":"hermit:TrackingShot","floor":21},{"not_picked":["hermit:Roulette","hermit:Maintenance+1"],"picked":"hermit:Vantage+1","floor":22},{"not_picked":["hermit:FinalCanter","hermit:Shortfuse+1"],"picked":"hermit:BigShot+1","floor":24}],"player_experience":71282,"relics_obtained":[{"floor":4,"key":"Replay:Mystery Machine"},{"floor":7,"key":"Bottled Lightning"},{"floor":9,"key":"Tiny Chest"},{"floor":14,"key":"Lantern"},{"floor":24,"key":"Dream Catcher"}],"event_choices":[{"damage_healed":0,"gold_gain":0,"player_choice":"Upgraded","damage_taken":0,"max_hp_gain":0,"max_hp_loss":0,"event_name":"Upgrade Shrine","floor":20,"gold_loss":0,"cards_upgraded":["hermit:Snapshot"]}],"is_beta":false,"boss_relics":[{"not_picked":["Ring of Chaos","aspiration:SilentSkillbook"],"picked":"Replay:Wanted Poster"}],"items_purged_floors":[12],"is_endless":false,"potions_floor_spawned":[1,2,7,18],"killed_by":"Cultist and Chosen","ascension_level":0}}