{"host":"67z713vnjolu4670","time":1613455417,"event":{"mods":["Act Like it!","BaseMod","BetterRewards","Colored Map","Colored Powertips","Downfall","Gensokyo","Lobotomy","Minty Spire (QoL Compilation)","Quick Restart","Rare Cards Sparkle","Replay The Spire","StSLib","The Jungle","The Servant 0.9.4","[IsaacMod]ÒÔÈö¼âËþ"],"gold_per_floor":[113,128,141,216,228,261,261,63,144,144,144,171,171,232,232,310,310,297,297,247,247,270,270,270],"floor_reached":23,"language":"ZHS","playtime":1551,"items_purged":[],"score":222,"play_id":"aac7d7a5-e00b-4de7-a3d0-8b65e342e942","local_time":"20210216140337","is_ascension_mode":false,"campfire_choices":[{"data":"TheWorld","floor":7,"key":"SMITH"},{"floor":15,"key":"REST"}],"circlet_count":0,"master_deck":["Strike_S","Strike_S","Strike_S","Strike_S","Defend_S","Defend_S","Defend_S","KidneyShot","Exchange","Freischutz","SilverBlades","HappyTeddy","MoonPhase","MeatLantern","TheWorld+1","Porccubus","DoubleEdge","Defy","Ricochet+1","DoubleEdge","TheWorld","Unruled","MurderousAura"],"relics":["Uniform","HushsDoor","GuppysHead","CogitoBucket","Bird Faced Urn","Sling","Matryoshka","Regal Pillow","Gremlin Horn","Golden Idol","SacredBark","Nilry\u0027s Codex"],"acts_visited":["Exordium","TheCity"],"potions_floor_usage":[12,23,23],"damage_taken":[{"damage":4,"enemies":"Cultist","floor":1,"turns":4},{"damage":3,"enemies":"Small Slimes","floor":2,"turns":4},{"damage":2,"enemies":"2 Louse","floor":3,"turns":2},{"damage":0,"enemies":"Looter","floor":5,"turns":4},{"damage":0,"enemies":"3 Sentries","floor":6,"turns":2},{"damage":9,"enemies":"Gremlin Nob","floor":12,"turns":3},{"damage":42,"enemies":"Slime Boss","floor":16,"turns":6},{"damage":0,"enemies":"Shell Parasite","floor":18,"turns":2},{"damage":5,"enemies":"Chosen","floor":22,"turns":3},{"damage":57,"enemies":"Slavers","floor":23,"turns":2}],"seed_played":"-4874138838990067982","potions_obtained":[{"floor":3,"key":"Energy Potion"},{"floor":6,"key":"SteroidPotion"},{"floor":12,"key":"Fire Potion"},{"floor":16,"key":"BlessingOfTheForge"},{"floor":18,"key":"PowerPotion"},{"floor":21,"key":"LifebloodPotion"},{"floor":21,"key":"Reflective Coating"}],"is_trial":false,"path_per_floor":["M","M","M","?","M","E","R","$","T","?","?","E","?","?","R","B",null,"M","?","?","?","M","E"],"character_chosen":"THE_SERVANT","items_purchased":["Sling","Defy"],"campfire_rested":1,"item_purchase_floors":[8,8],"current_hp_per_floor":[61,58,56,41,41,41,41,41,41,41,26,21,21,21,54,16,60,60,44,44,44,43,0,0],"gold":270,"neow_bonus":"","is_daily":false,"chose_seed":false,"campfire_upgraded":1,"win_rate":0.0,"timestamp":1613455417,"path_taken":["M","M","M","?","?","E","R","$","T","?","?","E","?","?","R","BOSS","M","?","?","?","M","E"],"items_purchased_type":["Relic","Card"],"build_version":"2020-12-22","purchased_purges":0,"victory":false,"max_hp_per_floor":[65,65,65,65,65,65,65,65,65,65,65,65,60,60,60,60,60,60,60,60,60,60,60,60],"card_choices":[{"not_picked":["LittleHelper","BeautyBeast"],"picked":"Freischutz","floor":1},{"not_picked":["DoubleEdge","Potential"],"picked":"SilverBlades","floor":1},{"not_picked":["LaLuna","Wellcheers"],"picked":"HappyTeddy","floor":2},{"not_picked":["SurpressingFire","ShiftingGears"],"picked":"MoonPhase","floor":2},{"not_picked":["Wellcheers","OSAHOGD"],"picked":"MeatLantern","floor":3},{"not_picked":["Reset","Comet"],"picked":"TheWorld","floor":3},{"not_picked":["UniverseFragment","BeautyBeast"],"picked":"Porccubus","floor":5},{"not_picked":["FastForward","SurpressingFire"],"picked":"Bomb","floor":5},{"not_picked":["Ricochet","ReturningBlade"],"picked":"DoubleEdge","floor":6},{"not_picked":["Contraction","Replace"],"picked":"DoubleEdge","floor":12},{"not_picked":["ForgedInTime","KillingDoll"],"picked":"TheWorld","floor":16},{"not_picked":["Defy","DoubleEdge"],"picked":"Unruled","floor":18},{"not_picked":["FastForward+1","Replace"],"picked":"MurderousAura","floor":22}],"player_experience":16447,"relics_obtained":[{"floor":6,"key":"Bird Faced Urn"},{"floor":9,"key":"Matryoshka"},{"floor":12,"key":"Gremlin Horn"},{"floor":19,"key":"Nilry\u0027s Codex"}],"event_choices":[{"damage_healed":0,"gold_gain":0,"player_choice":"Lose Max HP","damage_taken":0,"relics_obtained":["Golden Idol"],"max_hp_gain":0,"max_hp_loss":5,"event_name":"Golden Idol","floor":13,"gold_loss":0},{"damage_healed":0,"gold_gain":61,"player_choice":"Gained Gold","damage_taken":0,"max_hp_gain":0,"max_hp_loss":0,"event_name":"Golden Wing","floor":14,"gold_loss":0},{"damage_healed":0,"gold_gain":0,"player_choice":"Obtained Book","damage_taken":16,"max_hp_gain":0,"max_hp_loss":0,"event_name":"Cursed Tome","floor":19,"gold_loss":0},{"damage_healed":0,"gold_gain":0,"player_choice":"Bet on Murderer","damage_taken":0,"max_hp_gain":0,"max_hp_loss":0,"event_name":"The Joust","floor":20,"gold_loss":50},{"damage_healed":0,"gold_gain":0,"player_choice":"Got Potions","damage_taken":0,"max_hp_gain":0,"max_hp_loss":0,"event_name":"Lab","floor":21,"gold_loss":0}],"is_beta":false,"boss_relics":[{"not_picked":["Busted Crown","Painkiller Herb"],"picked":"SacredBark"},{"not_picked":[]}],"items_purged_floors":[],"is_endless":false,"potions_floor_spawned":[3,6,12,16,18],"killed_by":"Slavers","ascension_level":0}}