{"host":"am0cr9xwekqmrere","time":1613516628,"event":{"mods":["AchievementEnabler","Act Like it!","BaseMod","Better Altar","Better Match","Better Note","Better Sensory Stone","Better Skull","Better Third Choice","BetterRewards","Conspire","Downfall","Hubris","Infinite Spire","Minty Spire (QoL Compilation)","Rare Cards Sparkle","Spicy Shops","StSLib","Unceasing Turn Reminder"],"gold_per_floor":[99,119,119,23,23,23,23,41,76,90,90,107,107,107,126,225,225,125,144,165,8,8,8,82,115,146,71,97,144,144,144,208,325,325,325,359,359,416,443,463,490,6,26,26,96,96,96,162,213,355,355,155,169,219,277,328,339,339,514,573,641,641,641,641,390,484,638,638,638,662,662,722,160,213,287,287,358,370,370,437,437,479,479,479,479],"floor_reached":83,"language":"ENG","playtime":5298,"items_purged":["Go for the Eyes","Beam Cell","hexamod:HauntingEcho"],"score":1217,"play_id":"c53e230c-a7a8-4831-9f65-11e3f321b945","local_time":"20210216170348","is_ascension_mode":false,"campfire_choices":[{"data":"hexamod:Float","floor":1,"key":"SMITH"},{"data":"Apotheosis","floor":6,"key":"SMITH"},{"floor":11,"key":"REST"},{"data":"Creative AI","floor":18,"key":"SMITH"},{"floor":23,"key":"REST"},{"floor":35,"key":"RECALL"},{"data":"hexamod:HexaLevel","floor":44,"key":"SMITH"},{"floor":46,"key":"REST"},{"data":"Buffer","floor":52,"key":"SMITH"},{"data":"Chill","floor":63,"key":"SMITH"},{"data":"conspire:Banana","floor":69,"key":"SMITH"},{"data":"expansioncontent:StudyTheSpire","floor":76,"key":"SMITH"},{"data":"infinitespire:NeuralNetwork","floor":79,"key":"SMITH"},{"data":"Chill","floor":81,"key":"SMITH"}],"circlet_count":0,"master_deck":["hexamod:Strike","hexamod:Strike","hexamod:Strike","hexamod:Strike","hexamod:Defend","hexamod:Defend+1","hexamod:Defend","hexamod:Defend","hexamod:Sear","hexamod:Float+1","hexamod:FourthSeal","hexamod:ExtraCrispy","Apotheosis+1","hexamod:PhantomFireball","hexamod:TimeOfNeed","hexamod:ThirdSeal","hexamod:RainOfEmbers","hexamod:EmpoweredFlame+1","hexamod:Incineration","hexamod:SoulSteal","Self Repair","Creative AI+1","hexamod:SearingWound","hexamod:FirstSeal","hexamod:SecondSeal","hexamod:Firestarter","hexamod:ShieldOfDarkness","hexamod:Firestarter","hexamod:HexaLevel+1","Chill+1","hexamod:HeatMetal","hexamod:Toasty","hexamod:ExtraCrispy","Leap","Loop","Sunder","infinitespire:Menacing","hexamod:HeatShield+1","hexamod:ApocalypticArmor","hexamod:GhostOfSpirePresent","Melter","BootSequence","Conserve Battery","Parasite","hexamod:CatchUp","Coolheaded+1","hexamod:Firestarter+1","hexamod:RadiantFlame+1","Loop","Ball Lightning+1","Stack+1","hexamod:ThermalTransfer+1","Parasite","hexamod:ThirdSeal","Buffer+1","hexamod:FifthSeal","hexamod:FlamesFromBeyond","Chill+1","infinitespire:Punishment","hexamod:ShieldOfDarkness","hexamod:GhostflameBarrier+1","hexamod:SixthSeal","hexamod:GhostflameInferno","Doubt","hexamod:FourthSeal","hexamod:ShieldOfDarkness","Regret","hexamod:ExtraCrispy","hexamod:EmpoweredFlame+1","conspire:Banana+1","expansioncontent:QuickStudy","hexamod:FourthSeal","hexamod:Hexaguard","hexamod:SixthSeal","hexamod:FourthSeal","hexamod:SearingWound","Core Surge+1","FTL","infinitespire:SealOfDarkness+","Buffer+1","hubris:DuctTapeCard","expansioncontent:StudyTheSpire+1","Steam","infinitespire:NeuralNetwork+1","hexamod:TimeOfNeed","hexamod:ThirdSeal","hexamod:GhostOfSpireFuture+1","Capacitor","hexamod:Firestarter+1","hexamod:FourthSeal","conspire:SharedLibrary"],"relics":["hexamod:SpiritBrand","Pantograph","CaptainsWheel","hubris:DisguiseKit","downfall:HeartBlessingGreen","MealTicket","Mercury Hourglass","hubris:PeanutButter","HornCleat","hubris:Backtick","Mummified Hand","Medical Kit","downfall:KnowingSkull","hubris:HollowSoul","bronze:BronzeIdol","Membership Card","Ice Cream","Potion Belt","Unceasing Top","hexamod:IceCube","downfall:HeartBlessingRed","downfall:HeartBlessingBlue","Tiny House","Happy Flower","Dead Branch","Question Card","infinitespire:Bottled Soul","hubris:ToyBattleship","Sling","InkBottle","hexamod:RecyclingMachine","bronze:MakeshiftBattery","DollysMirror","hubris:DuctTape","PreservedInsect","hexamod:JarOfFuel","Pen Nib","infinitespire:Satchel"],"acts_visited":["Exordium","TheCity","TheBeyond","Exordium","TheCity"],"potions_floor_usage":[2,4,9,10,14,15,16,16,19,21,25,26,27,27,27,32,32,33,33,38,43,43,48,48,49,49,50,50,50,50,56,56,57,66,66,66,70,70,72,74,75,77,78,78,78,78,78,80,83],"damage_taken":[{"damage":0,"enemies":"2 Louse","floor":2,"turns":2},{"damage":0,"enemies":"downfall:FleeingMerchant","floor":4,"turns":4},{"damage":4,"enemies":"conspire:RoseBush","floor":8,"turns":4},{"damage":41,"enemies":"3 Sentries","floor":9,"turns":10},{"damage":8,"enemies":"Jaw Worm","floor":10,"turns":3},{"damage":19,"enemies":"3 Louse","floor":12,"turns":4},{"damage":9,"enemies":"Large Slime","floor":14,"turns":5},{"damage":19,"enemies":"Blue Slaver","floor":15,"turns":4},{"damage":34,"enemies":"DF_ARCHETYPE_STREAMLINE","floor":16,"turns":7},{"damage":14,"enemies":"conspire:FuzzyDice","floor":19,"turns":6},{"damage":49,"enemies":"3 Byrds","floor":20,"turns":6},{"damage":3,"enemies":"downfall:FleeingMerchant","floor":21,"turns":4},{"damage":38,"enemies":"Nightmare","floor":25,"turns":9},{"damage":26,"enemies":"Centurion and Healer","floor":26,"turns":9},{"damage":1,"enemies":"downfall:FleeingMerchant","floor":27,"turns":4},{"damage":11,"enemies":"Snecko","floor":28,"turns":5},{"damage":32,"enemies":"conspire:Head Lice","floor":29,"turns":9},{"damage":0,"enemies":"Snake Plant","floor":32,"turns":4},{"damage":20,"enemies":"WA_ARCHETYPE_CALM","floor":33,"turns":9},{"damage":0,"enemies":"Orb Walker","floor":36,"turns":3},{"damage":0,"enemies":"3 Shapes","floor":38,"turns":3},{"damage":12,"enemies":"conspire:MimicChest","floor":39,"turns":7},{"damage":0,"enemies":"Writhing Mass","floor":40,"turns":6},{"damage":0,"enemies":"downfall:FleeingMerchant","floor":42,"turns":4},{"damage":53,"enemies":"4 Shapes","floor":43,"turns":7},{"damage":2,"enemies":"3 Darklings","floor":45,"turns":5},{"damage":0,"enemies":"Sphere and 2 Shapes","floor":48,"turns":8},{"damage":9,"enemies":"Writhing Mass","floor":49,"turns":6},{"damage":0,"enemies":"SI_POISON_ARCHETYPE","floor":50,"turns":1},{"damage":7,"enemies":"2 Louse","floor":53,"turns":2},{"damage":0,"enemies":"Cultist","floor":55,"turns":3},{"damage":5,"enemies":"infinitespire:Voidling","floor":56,"turns":2},{"damage":1,"enemies":"conspire:2 RoseBushes","floor":57,"turns":6},{"damage":0,"enemies":"Gremlin Gang","floor":60,"turns":1},{"damage":3,"enemies":"Blue Slaver","floor":61,"turns":6},{"damage":13,"enemies":"downfall:FleeingMerchant","floor":65,"turns":3},{"damage":4,"enemies":"Lots of Slimes","floor":66,"turns":4},{"damage":78,"enemies":"Hexaghost","floor":67,"turns":12},{"damage":19,"enemies":"downfall:LooterAlt2","floor":70,"turns":3},{"damage":0,"enemies":"Shell Parasite","floor":72,"turns":4},{"damage":36,"enemies":"Sentry and Sphere","floor":74,"turns":9},{"damage":0,"enemies":"Nightmare","floor":75,"turns":5},{"damage":0,"enemies":"Cultist and Chosen","floor":77,"turns":6},{"damage":0,"enemies":"Snake Plant","floor":78,"turns":5},{"damage":0,"enemies":"Centurion and Healer","floor":80,"turns":7},{"damage":0,"enemies":"conspire:SneckoGhost","floor":82,"turns":3},{"damage":0,"enemies":"Sentry and Sphere","floor":83,"turns":1}],"seed_played":"-7119485843314074926","potions_obtained":[{"floor":0,"key":"SneckoOil"},{"floor":0,"key":"hexamod:DoubleChargePotion"},{"floor":0,"key":"Fire Potion"},{"floor":2,"key":"GamblersBrew"},{"floor":4,"key":"Slimebound:ThreeZeroPotion"},{"floor":8,"key":"hexamod:EctoCoolerPotion"},{"floor":9,"key":"Ancient Potion"},{"floor":12,"key":"sneckomod:MuddlingPotion"},{"floor":12,"key":"Strength Potion"},{"floor":14,"key":"FearPotion"},{"floor":15,"key":"EssenceOfSteel"},{"floor":15,"key":"Dexterity Potion"},{"floor":16,"key":"Explosive Potion"},{"floor":19,"key":"SneckoOil"},{"floor":19,"key":"CultistPotion"},{"floor":20,"key":"Block Potion"},{"floor":21,"key":"SneckoOil"},{"floor":25,"key":"hexamod:EctoCoolerPotion"},{"floor":25,"key":"conspire:TimeTravelPotion"},{"floor":26,"key":"SteroidPotion"},{"floor":26,"key":"Energy Potion"},{"floor":27,"key":"Guardian:BlockOnCardUsePotion"},{"floor":29,"key":"EntropicBrew"},{"floor":33,"key":"Ancient Potion"},{"floor":33,"key":"Dexterity Potion"},{"floor":38,"key":"Block Potion"},{"floor":39,"key":"CultistPotion"},{"floor":43,"key":"BlessingOfTheForge"},{"floor":43,"key":"FairyPotion"},{"floor":45,"key":"Block Potion"},{"floor":48,"key":"LiquidBronze"},{"floor":49,"key":"SteroidPotion"},{"floor":49,"key":"FearPotion"},{"floor":50,"key":"champ:CounterPotion"},{"floor":53,"key":"Dexterity Potion"},{"floor":54,"key":"Strength Potion"},{"floor":55,"key":"Ancient Potion"},{"floor":56,"key":"Regen Potion"},{"floor":61,"key":"infinitespire:BlackPotion"},{"floor":67,"key":"Guardian:BlockOnCardUsePotion"},{"floor":67,"key":"EssenceOfSteel"},{"floor":70,"key":"infinitespire:BlackPotion"},{"floor":74,"key":"hexamod:SoulburnPotion"},{"floor":74,"key":"EntropicBrew"},{"floor":77,"key":"GamblersBrew"},{"floor":78,"key":"Fruit Juice"},{"floor":80,"key":"PowerPotion"}],"is_trial":false,"path_per_floor":["R","M","?","$","?","R","T","M","E","M","R","M","?","M","M","B",null,"R","M","M","$","?","R","T","NM","M","$","M","E","AVR","?","M","B",null,"R","M","?","M","?","M","T","$","M","R","M","R","?","M","M","B",null,"R","M","AVR","M","M","M","T","?","M","M","?","R","?","$","M","B",null,"R","M","AVR","M","$","M","NM","R","M","M","R","M","R","E","M"],"character_chosen":"THE_SPIRIT","items_purchased":["hexamod:FirstSeal","MealTicket","hexamod:ExtraCrispy","Membership Card","Ice Cream","Potion Belt","Unceasing Top","conspire:Banana","infinitespire:Bottled Soul","hubris:ToyBattleship","Sling","expansioncontent:QuickStudy","InkBottle","hexamod:RecyclingMachine","hubris:DuctTape","PreservedInsect","hexamod:JarOfFuel","expansioncontent:StudyTheSpire","Pen Nib","infinitespire:Satchel"],"campfire_rested":3,"item_purchase_floors":[4,21,27,42,42,42,42,65,65,65,65,65,65,65,73,73,73,73,73,73],"current_hp_per_floor":[70,70,70,70,70,70,70,70,36,35,56,44,41,39,27,35,70,70,70,35,46,46,67,67,46,44,65,61,50,50,43,50,67,70,70,70,70,70,65,70,70,70,24,24,22,43,43,64,69,35,70,80,80,85,85,80,85,85,85,85,82,82,82,82,72,82,30,87,87,68,68,68,83,64,74,74,81,88,88,103,103,108,108,108,108],"gold":479,"neow_bonus":"THREE_SMALL_POTIONS","is_daily":false,"chose_seed":false,"campfire_upgraded":10,"win_rate":0.0,"timestamp":1613516628,"path_taken":["R","M","?","$","?","R","T","M","E","M","R","M","?","M","M","BOSS","R","M","M","$","?","R","T","NM","M","$","M","E","AVR","?","M","BOSS","R","M","?","M","?","M","T","$","M","R","M","R","?","M","M","BOSS","R","M","AVR","M","M","M","T","?","M","M","?","R","?","?","M","BOSS","R","M","AVR","M","$","M","NM","R","M","M","R","M","R","?","M"],"items_purchased_type":["Card","Relic","Card","Relic","Relic","Relic","Relic","Card","Relic","Relic","Relic","Card","Relic","Relic","Relic","Relic","Relic","Card","Relic","Relic"],"build_version":"2020-12-22","purchased_purges":3,"victory":false,"max_hp_per_floor":[70,70,70,70,70,70,70,70,70,70,70,70,70,70,70,70,70,70,70,70,70,70,70,70,70,70,70,70,70,70,70,70,70,70,70,70,70,70,70,70,70,70,70,70,70,70,70,70,70,70,70,80,80,85,85,85,85,85,85,85,85,85,85,85,85,85,87,87,87,87,87,87,87,90,93,93,93,100,100,108,108,108,108,108,108],"card_choices":[{"not_picked":["hexamod:NightmareGuise","hexamod:NecessarySacrifice"],"picked":"hexamod:HauntingEcho","floor":2},{"not_picked":["hexamod:NightmareGuise","hexamod:EmpoweredFlame"],"picked":"hexamod:ExtraCrispy","floor":4},{"not_picked":["Magnetism","Thinking Ahead"],"picked":"Apotheosis","floor":5},{"not_picked":["hexamod:NightmareStrike","hexamod:ThermalTransfer"],"picked":"hexamod:PhantomFireball","floor":8},{"not_picked":["hexamod:HauntingEcho","hexamod:SkipABeat"],"picked":"hexamod:TimeOfNeed","floor":9},{"not_picked":["hexamod:GhostLash","hexamod:RainOfEmbers"],"picked":"hexamod:ThirdSeal","floor":10},{"not_picked":["hexamod:BurningTouch","hexamod:GhostShield"],"picked":"hexamod:RainOfEmbers","floor":12},{"not_picked":["hexamod:SpectersWail","hexamod:GhostShield"],"picked":"hexamod:EmpoweredFlame","floor":12},{"not_picked":["hexamod:AdvancingGuard","hexamod:NecessarySacrifice","hexamod:TimeWarp"],"picked":"Beam Cell","floor":14},{"not_picked":["hexamod:FastForward","hexamod:AdvancingGuard","Cold Snap"],"picked":"hexamod:Incineration","floor":14},{"not_picked":["hexamod:GhostOfSpirePast","hexamod:NecessarySacrifice","Double Energy"],"picked":"hexamod:SoulSteal","floor":15},{"not_picked":["hexamod:EtherealExpedition","hexamod:Haunt","hexamod:SwordOfDarkness"],"picked":"Self Repair","floor":15},{"not_picked":["hexamod:UnleashSpirits","hexamod:VolcanoVisage","hexamod:TurnItUp"],"picked":"Creative AI","floor":16},{"not_picked":["hexamod:TurnItUp","hexamod:GhostflameInferno","hubris:DoWhile"],"picked":"hexamod:SearingWound","floor":16},{"not_picked":["hexamod:HeatMetal","hexamod:StepThrough+1","Auto Shields"],"picked":"hexamod:SecondSeal","floor":19},{"not_picked":["hexamod:CatchUp","hexamod:SwordOfDarkness","hexamod:HeatMetal","Cold Snap"],"picked":"SKIP","floor":19},{"not_picked":["hexamod:HeatCrush","hexamod:GhostLash","Cold Snap"],"picked":"hexamod:FirstSeal","floor":20},{"not_picked":["hexamod:CatchUp","hexamod:BurningTouch","Compile Driver"],"picked":"hexamod:SecondSeal","floor":20},{"not_picked":["hexamod:InspiringFlames","hexamod:SwordOfDarkness","Gash"],"picked":"hexamod:Firestarter","floor":21},{"not_picked":["hexamod:GhostOfSpirePresent","hexamod:SpectersWail","Reinforced Body"],"picked":"hexamod:ShieldOfDarkness","floor":25},{"not_picked":["hexamod:HeatMetal","hexamod:PhantomFireball","Hologram"],"picked":"hexamod:Firestarter","floor":25},{"not_picked":["hexamod:ThermalTransfer+1","hexamod:SpectersWail","Static Discharge"],"picked":"hexamod:HexaLevel","floor":26},{"not_picked":["hexamod:SpectersWail","hexamod:BurningTouch","hexamod:Firestarter"],"picked":"Chill","floor":26},{"not_picked":["hexamod:ShieldOfDarkness+1","hexamod:SpectralAdrenaline+1","Beam Cell"],"picked":"hexamod:HeatMetal","floor":27},{"not_picked":["hexamod:Rewind","hexamod:NecessarySacrifice","Go for the Eyes"],"picked":"hexamod:Toasty","floor":27},{"not_picked":["hexamod:GhostOfSpirePast","hexamod:ChargedBarrage","hexamod:BacktrackSmack"],"picked":"Go for the Eyes","floor":28},{"not_picked":["hexamod:NightmareGuise","hexamod:FastForward","hexamod:NightmareStrike"],"picked":"Leap","floor":28},{"not_picked":["hexamod:InspiringFlames","hexamod:FlamesFromBeyond","hexamod:Rewind+1"],"picked":"Loop","floor":29},{"not_picked":["hexamod:ThermalTransfer","hexamod:StepThrough+1","hexamod:GhostLash"],"picked":"Sunder","floor":29},{"not_picked":["hexamod:GhostOfSpireFuture","hexamod:GhostOfSpirePresent","Streamline"],"picked":"hexamod:HeatShield","floor":32},{"not_picked":["hexamod:TurnItUp","hexamod:ParanormalForm","Thunder Strike"],"picked":"hexamod:ApocalypticArmor","floor":33},{"not_picked":["hexamod:HexaLevel","hexamod:TurnItUp","Creative AI"],"picked":"hexamod:GhostOfSpirePresent","floor":33},{"not_picked":["hexamod:SpectersWail","hexamod:FlamesFromBeyond+1","hexamod:BacktrackSmack"],"picked":"Melter","floor":36},{"not_picked":["hexamod:BacktrackSmack","hexamod:GhostShield+1","hexamod:SuperheatedStrike"],"picked":"BootSequence","floor":38},{"not_picked":["hexamod:BurningTouch+1","hexamod:HeatCrush+1","hexamod:ParanormalForm"],"picked":"Conserve Battery","floor":39},{"not_picked":["hexamod:AdvancingGuard+1","hexamod:ThirdSeal","hubris:PowerSurge"],"picked":"hexamod:CatchUp","floor":40},{"not_picked":["hexamod:HeatShield","hexamod:InspiringFlames+1","hexamod:NightmareStrike+1","Streamline"],"picked":"SKIP","floor":40},{"not_picked":["hexamod:SpectersWail+1","hexamod:AdvancingGuard+1","hexamod:ShieldOfDarkness"],"picked":"Coolheaded","floor":42},{"not_picked":["hexamod:CatchUp+1","hexamod:HeatMetal","Hello World"],"picked":"hexamod:Firestarter+1","floor":43},{"not_picked":["hexamod:NecessarySacrifice","hexamod:StepThrough+1","Storm"],"picked":"hexamod:RadiantFlame+1","floor":43},{"not_picked":["hexamod:NecessarySacrifice+1","hexamod:SuperheatedStrike+1","hexamod:FastForward"],"picked":"Loop","floor":45},{"not_picked":["hexamod:ShieldOfDarkness","hexamod:FastForward+1","hexamod:NightmareGuise"],"picked":"Ball Lightning","floor":45},{"not_picked":["hexamod:ThermalTransfer+1","hexamod:HexaLevel","hexamod:BacktrackSmack"],"picked":"Stack","floor":48},{"not_picked":["hexamod:NightmareGuise+1","hexamod:SuperheatedStrike","Barrage"],"picked":"hexamod:ThermalTransfer+1","floor":48},{"not_picked":["hexamod:GhostLash","hexamod:DynamicBlow+1","Ball Lightning"],"picked":"hexamod:ThirdSeal","floor":49},{"not_picked":["hexamod:NightmareGuise","hexamod:Firestarter+1","hexamod:InspiringFlames+1"],"picked":"Buffer","floor":49},{"not_picked":["hexamod:SearingWound","hexamod:TurnItUp","Creative AI"],"picked":"hexamod:FifthSeal","floor":50},{"not_picked":["hexamod:PowerFromBeyond","hexamod:EtherealExpedition","Go for the Eyes"],"picked":"hexamod:FlamesFromBeyond","floor":53},{"not_picked":["hexamod:HauntingEcho","hexamod:ShieldOfDarkness","hexamod:SwordOfDarkness"],"picked":"Chill","floor":54},{"not_picked":["hexamod:RetreatToShadows","hexamod:Rewind","Sweeping Beam"],"picked":"hexamod:ShieldOfDarkness","floor":55},{"not_picked":["hexamod:AdvancingGuard","hexamod:SpectersWail","Sweeping Beam"],"picked":"hexamod:GhostflameBarrier","floor":56},{"not_picked":["hexamod:ThirdSeal","hexamod:SecondSeal"],"picked":"hexamod:SixthSeal","floor":57},{"not_picked":["hexamod:Haunt","hexamod:HeatShield","Streamline"],"picked":"hexamod:GhostflameInferno","floor":57},{"not_picked":["hexamod:DynamicBlow","hexamod:NecessarySacrifice","hexamod:NightmareStrike","hubris:DoWhile"],"picked":"SKIP","floor":57},{"not_picked":["hexamod:ThermalTransfer","hexamod:HauntingEcho","Tempest"],"picked":"hexamod:FourthSeal","floor":60},{"not_picked":["hexamod:Hexaguard","hexamod:BurningTouch","Streamline"],"picked":"hexamod:ShieldOfDarkness","floor":61},{"not_picked":["hexamod:ShieldOfDarkness","hexamod:ThermalTransfer","hexamod:Incineration","Steam"],"picked":"hexamod:ExtraCrispy","floor":65},{"not_picked":["hexamod:DynamicBlow","hexamod:SpectersWail","hexamod:SpectralSpark","Electrodynamics"],"picked":"hexamod:EmpoweredFlame","floor":65},{"not_picked":["hexamod:ThirdSeal","hexamod:SecondSeal"],"picked":"hexamod:FourthSeal","floor":66},{"not_picked":["hexamod:Hexaguard","hexamod:BurningTouch","hexamod:CatchUp","hexamod:SuperheatedStrike","Sweeping Beam"],"picked":"SKIP","floor":66},{"not_picked":["hexamod:BurningTouch","hexamod:CatchUp","hexamod:SuperheatedStrike","Sweeping Beam"],"picked":"hexamod:Hexaguard","floor":66},{"not_picked":["hexamod:ParanormalForm","hexamod:ApocalypseNow","hexamod:FifthSeal","Amplify"],"picked":"hexamod:SixthSeal","floor":67},{"not_picked":["hexamod:ThirdSeal","hexamod:FirstSeal"],"picked":"hexamod:FourthSeal","floor":67},{"not_picked":["hexamod:GhostOfSpirePresent","hexamod:TimeWarp","hexamod:GhostflameInferno","Fission"],"picked":"hexamod:SearingWound","floor":67},{"not_picked":["hexamod:ParanormalForm","hexamod:TimeWarp","hexamod:GhostflameInferno","hexamod:TurnItUp"],"picked":"Core Surge","floor":67},{"not_picked":["hexamod:RecurringNightmare","hexamod:RadiantFlame","hexamod:Haunt+1","hexamod:EmpoweredFlame"],"picked":"FTL","floor":70},{"not_picked":["hexamod:NightmareStrike+1","hexamod:GhostShield","hexamod:GhostLash","hexamod:StepThrough","Undo"],"picked":"SKIP","floor":72},{"not_picked":["hexamod:BurningTouch","hexamod:NecessarySacrifice","hexamod:CatchUp+1","hexamod:UnlimitedPower","Darkness"],"picked":"SKIP","floor":72},{"not_picked":["hexamod:ThermalTransfer","hexamod:RecurringNightmare+1","hexamod:Firestarter","hexamod:SpectralSpark"],"picked":"Steam","floor":74},{"not_picked":["hexamod:FirstSeal","hexamod:GhostShield","hexamod:InspiringFlames","hexamod:ShieldOfDarkness","Barrage"],"picked":"SKIP","floor":74},{"not_picked":["infinitespire:TheBestDefense","hubris:InfiniteBlow+225792"],"picked":"infinitespire:NeuralNetwork","floor":75},{"not_picked":["hexamod:Incineration","hexamod:GhostOfSpirePast","hexamod:GhostflameInferno","Static Discharge"],"picked":"hexamod:TimeOfNeed","floor":75},{"not_picked":["hexamod:FirstSeal","hexamod:SixthSeal"],"picked":"hexamod:ThirdSeal","floor":77},{"not_picked":["hexamod:AdvancingGuard","hexamod:BacktrackSmack","hexamod:RetreatToShadows","Thunder Strike"],"picked":"hexamod:GhostOfSpireFuture+1","floor":77},{"not_picked":["hexamod:EtherealExpedition+1","hexamod:InspiringFlames","hexamod:Firestarter+1","hexamod:GhostLash+1","Sweeping Beam"],"picked":"SKIP","floor":77},{"not_picked":["hexamod:SpectralSpark+1","hexamod:SecondSeal","hexamod:AdvancingGuard","hexamod:Rewind"],"picked":"Capacitor","floor":78},{"not_picked":["hexamod:ShieldOfDarkness","hexamod:ThermalTransfer","hexamod:RecurringNightmare+1","hexamod:HeatMetal","Rebound"],"picked":"SKIP","floor":78},{"not_picked":["hexamod:BurningTouch","hexamod:SuperheatedStrike+1","hexamod:StepThrough+1","Tempest"],"picked":"hexamod:Firestarter+1","floor":80},{"not_picked":["hexamod:SixthSeal","hexamod:SecondSeal"],"picked":"hexamod:FourthSeal","floor":80},{"not_picked":["hexamod:NightmareStrike","hexamod:HauntingEcho","hexamod:FastForward+1","hexamod:BacktrackSmack","Turbo"],"picked":"SKIP","floor":80},{"not_picked":["hexamod:BurningTouch","hexamod:FourthSeal","hexamod:ShieldOfDarkness","hexamod:HauntingEcho","Go for the Eyes"],"picked":"SKIP","floor":80},{"not_picked":["hexamod:Toasty","hexamod:CatchUp","hexamod:SwordOfDarkness","hexamod:FlamesFromBeyond"],"picked":"conspire:SharedLibrary","floor":82}],"player_experience":2804291,"relics_obtained":[{"floor":7,"key":"Pantograph"},{"floor":9,"key":"CaptainsWheel"},{"floor":24,"key":"Mercury Hourglass"},{"floor":25,"key":"hubris:PeanutButter"},{"floor":29,"key":"HornCleat"},{"floor":39,"key":"bronze:BronzeIdol"},{"floor":58,"key":"Dead Branch"}],"event_choices":[{"damage_healed":0,"gold_gain":1,"player_choice":"1","damage_taken":0,"max_hp_gain":0,"max_hp_loss":0,"event_name":"betterStone:BetterStone","floor":5,"gold_loss":0},{"damage_healed":0,"gold_gain":0,"player_choice":"Relic ","damage_taken":3,"max_hp_gain":0,"max_hp_loss":0,"event_name":"betterThird:BetterScrap","floor":13,"gold_loss":0,"cards_obtained":["Genetic Algorithm"]},{"damage_healed":0,"gold_gain":0,"player_choice":"Disagree","damage_taken":0,"max_hp_gain":0,"max_hp_loss":0,"event_name":"conspire:LoneGhost","floor":62,"gold_loss":0},{"damage_healed":0,"gold_gain":0,"player_choice":"Box","damage_taken":0,"relics_obtained":["Question Card"],"max_hp_gain":0,"max_hp_loss":0,"event_name":"Big Fish","floor":64,"gold_loss":0,"cards_obtained":["Regret"]}],"is_beta":false,"boss_relics":[{"not_picked":["hubris:GrandSneckoEye","Sozu","Astrolabe"]},{"not_picked":["Velvet Choker","hubris:CrackedHourglass"],"picked":"hubris:HollowSoul"},{"not_picked":["conspire:SeveredTorchhead","sneckomod:SneckoTalon"],"picked":"hexamod:IceCube"},{"not_picked":["conspire:RoyalGoblet","Empty Cage"],"picked":"bronze:MakeshiftBattery"}],"items_purged_floors":[71,73,73],"is_endless":true,"potions_floor_spawned":[2,8,12,15,19,25,26,32,33,36,40,43,48,49,50,55,56,61,67,70,75,77],"killed_by":"Sentry and Sphere","ascension_level":0}}