{"host":"hbvn1mkfq2iixsau","time":1613507119,"event":{"mods":["AchievementEnabler","Act Like it!","BaseMod","Better Altar","Better Match","Better Sensory Stone","Better Skull","Better Third Choice","Colored Map","Minty Spire (QoL Compilation)","Quick Restart","Relic Stats","Replay The Spire","Shop Mod","StSLib"],"gold_per_floor":[117,134,85,85,100,132,132,145,145,145,160,196,221,262,262,390,390,405,100,15,28,48,82,82,101,101,101,136,136,151,151,151,279,279,298,23,23,43,106,146,146,170,197,237,237,258,297,318,318,318,318,318,49,74,74,74],"floor_reached":55,"language":"ENG","playtime":3445,"items_purged":["ReplayTheSpireMod:Doomed"],"score":907,"play_id":"2703cd3e-bc3f-42b1-827b-8dd5cc122679","local_time":"20210216222519","is_ascension_mode":true,"campfire_choices":[{"data":"Feed","floor":15.0,"key":"SMITH"},{"data":"1","floor":24.0,"key":"LIFT"},{"data":"2","floor":32.0,"key":"LIFT"},{"data":"3","floor":41,"key":"LIFT"},{"floor":45,"key":"DIG"},{"floor":49,"key":"RECALL"},{"data":"Limit Break","floor":52,"key":"SMITH"}],"circlet_count":0,"master_deck":["Strike_R+1","Strike_R+1","Strike_R+1","Strike_R+1","Strike_R+1","Defend_R+1","Defend_R+1","Defend_R+1","Defend_R+1","Bash","Feed+1","Clash","Heavy Blade","Run Through","Twin Strike","Second Wind","ReplayTheSpireMod:Muscle Training","Spot Weakness","Immolate","Berserk","Injury","CommonCold","Pummel+1","Demon Form","ReplayTheSpireMod:Limb From Limb+1","Limit Break+1","Madness","Madness","Parasite","Immolate+1","Armaments+1","Flash of Steel+1","Dual Wield"],"relics":["Black Blood","betterThird:SlimedRelic","Garlic","Replay:Bottled Flurry","Replay:Mystery Machine","Lantern","Molten Egg 2","Girya","Brimstone","Akabeko","Ginger","Du-Vu Doll","Regal Pillow","MerchantsRug","Gremlin Horn","Replay:Multitool","Oddly Smooth Stone","Replay:Wax Seal","Ice Cream","Centennial Puzzle","Frozen Egg 2","Replay:Rubber Ducky","Replay:PocketPolymizer"],"acts_visited":["Exordium","TheCity","TheBeyond","TheEnding"],"potions_floor_usage":[55,55,55],"damage_taken":[{"damage":1.0,"enemies":"2 Louse","floor":1.0,"turns":3.0},{"damage":0.0,"enemies":"Cultist","floor":2.0,"turns":2.0},{"damage":6.0,"enemies":"Jaw Worm","floor":5.0,"turns":5.0},{"damage":23.0,"enemies":"Replay:BlueRogue","floor":6.0,"turns":6.0},{"damage":0.0,"enemies":"3 Louse","floor":8.0,"turns":5.0},{"damage":0.0,"enemies":"2 Fungi Beasts","floor":11.0,"turns":3.0},{"damage":12.0,"enemies":"Gremlin Nob","floor":12.0,"turns":4.0},{"damage":5.0,"enemies":"Looter","floor":13.0,"turns":2.0},{"damage":20.0,"enemies":"3 Sentries","floor":14.0,"turns":6.0},{"damage":17.0,"enemies":"Hexaghost","floor":16.0,"turns":9.0},{"damage":22.0,"enemies":"Shell Parasite","floor":18.0,"turns":6.0},{"damage":4.0,"enemies":"2 Thieves","floor":21.0,"turns":2.0},{"damage":9.0,"enemies":"Shelled Parasite and Fungi","floor":22.0,"turns":4.0},{"damage":29.0,"enemies":"Gremlin Leader","floor":23.0,"turns":6.0},{"damage":1.0,"enemies":"Cultist and Chosen","floor":25.0,"turns":3.0},{"damage":6.0,"enemies":"Slavers","floor":28.0,"turns":2.0},{"damage":2.0,"enemies":"Chosen and Byrds","floor":30.0,"turns":3.0},{"damage":17,"enemies":"Champ","floor":33,"turns":6},{"damage":12,"enemies":"3 Shapes","floor":35,"turns":4},{"damage":10,"enemies":"3 Darklings","floor":38,"turns":3},{"damage":0,"enemies":"Mind Bloom Boss Battle","floor":39,"turns":1},{"damage":40,"enemies":"R_Hoarder","floor":40,"turns":5},{"damage":1,"enemies":"Jaw Worm Horde","floor":42,"turns":2},{"damage":5,"enemies":"Giant Head","floor":44,"turns":4},{"damage":1,"enemies":"Writhing Mass","floor":46,"turns":3},{"damage":21,"enemies":"Reptomancer","floor":47,"turns":3},{"damage":3,"enemies":"Transient","floor":48,"turns":5},{"damage":40,"enemies":"Time Eater","floor":50,"turns":5},{"damage":58,"enemies":"Shield and Spear","floor":54,"turns":5},{"damage":125,"enemies":"The Heart","floor":55,"turns":5}],"seed_played":"7383391909388845147","potions_obtained":[{"floor":1.0,"key":"Weak Potion"},{"floor":4.0,"key":"LifebloodPotion"},{"floor":4.0,"key":"Adrenaline Potion"},{"floor":4.0,"key":"DistilledChaos"},{"floor":21.0,"key":"Cursed Concoction"},{"floor":22.0,"key":"BloodPotion"},{"floor":25.0,"key":"SpeedPotion"},{"floor":33,"key":"SneckoOil"},{"floor":40,"key":"BloodPotion"}],"is_trial":false,"path_per_floor":["M","M","?","?","M","E","?","M","T","$","M","E","M","E","R","B",null,"M","$","?","M","M","E","R","M","T","?","E","$","M","?","R","B",null,"M","$","?","M","?","E","R","M","T","E","R","M","E","M","R_BF","B",null,"R","$","E","B"],"character_chosen":"IRONCLAD","items_purchased":["Brimstone","Akabeko","Limit Break","MerchantsRug","Gremlin Horn","Replay:Rubber Ducky","Flash of Steel+1"],"campfire_rested":0,"item_purchase_floors":[19,19,36,36,36,53,53],"current_hp_per_floor":[64,73,62,62,65,51,28,37,37,37,46,43,47,36,36,29,111,99,99,99,101,102,79,79,84,84,61,88,88,96,96,96,85,127,131,131,115,117,129,123,123,134,134,135,135,139,130,139,139,111,139,139,139,97,0,0],"gold":74,"neow_bonus":"THREE_RARE_CARDS","is_daily":false,"chose_seed":false,"campfire_upgraded":2,"win_rate":0.0,"timestamp":1613507119,"path_taken":["M","M","?","?","?","E","?","M","T","$","M","E","M","E","R","BOSS","M","$","?","M","M","E","R","M","T","?","E","$","M","?","R","BOSS","M","$","?","M","?","E","R","M","T","E","R","M","E","M","R_BF","BOSS","R","$","E","BOSS"],"items_purchased_type":["Relic","Relic","Card","Relic","Relic","Relic","Card"],"build_version":"2020-12-22","purchased_purges":1,"victory":false,"max_hp_per_floor":[83,86,86,86,89,92,92,95,95,95,98,101,104,107,107,111,111,115,115,115,115,119,119,119,119,119,119,123,123,127,127,127,127,127,131,131,131,131,131,135,135,135,135,135,135,139,139,139,139,139,139,139,139,143,143,143],"relic_stats":{"Regal Pillow":0,"Centennial Puzzle":[18],"Gremlin Horn":[8,8],"counters":[30,122],"Black Blood":223,"Ginger":[9],"obtain_stats":[{"Ice Cream":44,"Lantern":17,"Regal Pillow":28,"Replay:PocketPolymizer":54,"Gremlin Horn":36,"Black Blood":34,"Replay:Multitool":39,"Ginger":20,"Replay:Mystery Machine":12,"Burning Blood":0,"Replay:Rubber Ducky":53,"Centennial Puzzle":45,"Replay:Bottled Flurry":9,"Replay:Wax Seal":43,"Girya":17,"MerchantsRug":36,"Golden Idol":7,"Oddly Smooth Stone":40,"Replay:Ancient Bell":17,"Frozen Egg 2":47,"Akabeko":19,"Du-Vu Doll":23,"Brimstone":19,"betterThird:SlimedRelic":3,"Molten Egg 2":17,"Garlic":6,"Bottled Lightning":14},{"Ice Cream":24,"Lantern":10,"Regal Pillow":16,"Replay:PocketPolymizer":29,"Gremlin Horn":19,"Black Blood":18,"Replay:Multitool":21,"Ginger":11,"Replay:Mystery Machine":7,"Burning Blood":0,"Replay:Rubber Ducky":28,"Centennial Puzzle":24,"Replay:Bottled Flurry":5,"Replay:Wax Seal":23,"Girya":10,"MerchantsRug":19,"Golden Idol":4,"Oddly Smooth Stone":22,"Replay:Ancient Bell":10,"Frozen Egg 2":26,"Akabeko":11,"Du-Vu Doll":14,"Brimstone":11,"betterThird:SlimedRelic":2,"Molten Egg 2":10,"Garlic":4,"Bottled Lightning":9},{"Ice Cream":96,"Lantern":45,"Regal Pillow":68,"Replay:PocketPolymizer":117,"Gremlin Horn":81,"Black Blood":77,"Replay:Multitool":85,"Ginger":51,"Replay:Mystery Machine":28,"Burning Blood":0,"Replay:Rubber Ducky":112,"Centennial Puzzle":96,"Replay:Bottled Flurry":21,"Replay:Wax Seal":92,"Girya":45,"MerchantsRug":81,"Golden Idol":16,"Oddly Smooth Stone":90,"Replay:Ancient Bell":45,"Frozen Egg 2":102,"Akabeko":51,"Du-Vu Doll":63,"Brimstone":51,"betterThird:SlimedRelic":5,"Molten Egg 2":45,"Garlic":16,"Bottled Lightning":36}]},"card_choices":[{"not_picked":["Eclipse","Berserk"],"picked":"Feed","floor":0.0},{"not_picked":["Warcry","Disarm"],"picked":"Clash","floor":1.0},{"not_picked":["ReplayTheSpireMod:Corrosion Curse","Iron Wave"],"picked":"Heavy Blade","floor":2.0},{"not_picked":["Feel No Pain","Infernal Blade"],"picked":"Run Through","floor":5.0},{"not_picked":["Cleave","ReplayTheSpireMod:LeadingStrike"],"picked":"Twin Strike","floor":6.0},{"not_picked":["Hemogenesis","Havoc","Run Through"],"picked":"SKIP","floor":8.0},{"not_picked":["Run Through","Clothesline"],"picked":"Second Wind","floor":11.0},{"not_picked":["Barricade","Body Slam"],"picked":"ReplayTheSpireMod:Muscle Training","floor":12.0},{"not_picked":["True Grit","ReplayTheSpireMod:LeadingStrike"],"picked":"Spot Weakness","floor":13.0},{"not_picked":["Dropkick","Havoc"],"picked":"Immolate","floor":14.0},{"not_picked":["Eclipse","Barricade"],"picked":"Berserk","floor":16.0},{"not_picked":["Delirium","Doubt"],"picked":"Injury","floor":17.0},{"not_picked":["Sickly","ReplayTheSpireMod:Restless Dread"],"picked":"CommonCold","floor":17.0},{"not_picked":["Regret","Writhe"],"picked":"ReplayTheSpireMod:Doomed","floor":17.0},{"not_picked":["Clash+1","Whirlwind+1"],"picked":"Pummel+1","floor":18.0},{"not_picked":["Headbutt+1","Warcry+1","Iron Wave+1"],"picked":"SKIP","floor":21.0},{"not_picked":["Thunderclap+1","Armaments","Cleave+1"],"picked":"SKIP","floor":22.0},{"not_picked":["Uppercut+1","Hemogenesis+1","ReplayTheSpireMod:Muscle Training"],"picked":"SKIP","floor":23.0},{"not_picked":["Defy Death+1","Headbutt+1","Armaments"],"picked":"SKIP","floor":25.0},{"not_picked":["Shrug It Off","Heavy Blade+1"],"picked":"ReplayTheSpireMod:Limb From Limb+1","floor":28.0},{"not_picked":["Metallicize+1","Feel No Pain","Clothesline+1"],"picked":"SKIP","floor":30.0},{"not_picked":["Headbutt+1","Flex","Shrug It Off"],"picked":"SKIP","floor":35},{"not_picked":["Bloodletting+1","Body Slam+1","Thunderclap+1"],"picked":"SKIP","floor":38},{"not_picked":["Pommel Strike+1","Inflame+1","Headbutt+1"],"picked":"SKIP","floor":40},{"not_picked":["Shrug It Off+1","ReplayTheSpireMod:LeadingStrike+1","Infernal Blade+1"],"picked":"SKIP","floor":42},{"not_picked":["Juggernaut","Anger+1","Pommel Strike+1"],"picked":"SKIP","floor":44},{"not_picked":["Shrug It Off","Clothesline+1","Rage"],"picked":"SKIP","floor":46},{"not_picked":["Cleave+1","Wild Strike+1"],"picked":"Immolate+1","floor":47},{"not_picked":["Shrug It Off+1","Dark Embrace+1"],"picked":"Armaments+1","floor":48},{"not_picked":["Evolve+1","Shrug It Off"],"picked":"Dual Wield","floor":54}],"player_experience":261053,"relics_obtained":[{"floor":6.0,"key":"Garlic"},{"floor":9.0,"key":"Replay:Bottled Flurry"},{"floor":12.0,"key":"Replay:Mystery Machine"},{"floor":14.0,"key":"Bottled Lightning"},{"floor":23.0,"key":"Du-Vu Doll"},{"floor":28.0,"key":"Regal Pillow"},{"floor":39,"key":"Replay:Multitool"},{"floor":40,"key":"Oddly Smooth Stone"},{"floor":43,"key":"Replay:Wax Seal"},{"floor":44,"key":"Ice Cream"},{"floor":45,"key":"Centennial Puzzle"},{"floor":47,"key":"Frozen Egg 2"},{"floor":54,"key":"Replay:PocketPolymizer"}],"event_choices":[{"damage_healed":0.0,"max_hp_gain":0.0,"max_hp_loss":0.0,"gold_gain":0.0,"event_name":"betterThird:BetterGoop","player_choice":"Slimed","floor":3.0,"gold_loss":49.0,"damage_taken":11.0},{"damage_healed":0.0,"max_hp_gain":0.0,"max_hp_loss":0.0,"gold_gain":0.0,"event_name":"Lab","player_choice":"Got Potions","floor":4.0,"gold_loss":0.0,"damage_taken":0.0},{"damage_healed":0.0,"max_hp_gain":0.0,"max_hp_loss":0.0,"gold_gain":0.0,"event_name":"Golden Idol","player_choice":"Take Damage","floor":7.0,"gold_loss":0.0,"damage_taken":23.0,"relics_obtained":["Golden Idol"]},{"damage_healed":0.0,"max_hp_gain":0.0,"max_hp_loss":0.0,"gold_gain":0.0,"event_name":"Addict","player_choice":"Obtained Relic","floor":20.0,"gold_loss":85.0,"damage_taken":0.0,"relics_obtained":["Ginger"]},{"damage_healed":0.0,"max_hp_gain":0.0,"max_hp_loss":23.0,"gold_gain":2.0,"event_name":"betterStone:BetterStone","player_choice":"2","floor":27.0,"gold_loss":0.0,"damage_taken":0.0},{"damage_healed":0.0,"max_hp_gain":0.0,"max_hp_loss":9.0,"gold_gain":0.0,"event_name":"betterThird:BetterWriting","player_choice":"Simplicity","floor":31.0,"gold_loss":0.0,"damage_taken":0.0},{"damage_healed":0,"gold_gain":0,"player_choice":"Embrace Madness","damage_taken":16,"max_hp_gain":0,"max_hp_loss":0,"event_name":"Winding Halls","floor":37,"gold_loss":0,"cards_obtained":["Madness","Madness"]},{"damage_healed":0,"gold_gain":0,"player_choice":"Fight","damage_taken":0,"max_hp_gain":0,"max_hp_loss":0,"event_name":"MindBloom","floor":39,"gold_loss":0}],"is_beta":false,"boss_relics":[{"not_picked":["Snecko Eye","Tiny House"],"picked":"Replay:Ancient Bell"},{"not_picked":["Grinning Jar","Blood Vial"],"picked":"Lantern"},{"not_picked":["ReplayTheSpireMod:Ninjato","Mummified Hand"],"picked":"Molten Egg 2"},{"not_picked":["StoneCalendar","Replay:Arrowhead"],"picked":"Girya"},{"not_picked":["SacredBark","Mark of Pain"],"picked":"Black Blood"}],"items_purged_floors":[53],"is_endless":false,"potions_floor_spawned":[1,8,11,12,13,21,22,25,33,40,42,44,47],"killed_by":"The Heart","ascension_level":1}}