{"host":"no5f9c6q31porkj5","time":1613442459,"event":{"mods":["BaseMod","Marisa£¨Ùöéë¡¡Øª×âÞÞ£©","Minty Spire (QoL Compilation)","StSLib","Td1madao Mod","The Cursed","The Gatherer","The Runesmith"],"gold_per_floor":[117,137,155,175,175,175,175,175,224,224,15,15,15,30,30,126,126,139,57,57,156,81,81,81,47,120,120,133,47,47,122,122,122,122],"floor_reached":33,"language":"KOR","playtime":784,"items_purged":["Bash"],"score":229,"play_id":"e06d00bb-7b85-4b57-a0ba-8dca03342895","local_time":"20210216112739","daily_mods":["Vintage","Time Dilation","Flight"],"is_ascension_mode":false,"campfire_choices":[{"data":"Defend_R","floor":7,"key":"SMITH"},{"data":"Defend_R","floor":8,"key":"SMITH"},{"data":"Defend_R","floor":10,"key":"SMITH"},{"floor":15,"key":"REST"},{"data":"Seeing Red","floor":23,"key":"SMITH"},{"data":"Dark Embrace","floor":24,"key":"SMITH"},{"data":"Trip","floor":27,"key":"SMITH"},{"floor":30,"key":"REST"},{"data":"Sentinel","floor":32,"key":"SMITH"}],"circlet_count":0,"master_deck":["Strike_R+1","Strike_R+1","Strike_R+1","Strike_R+1","Strike_R+1","Defend_R+1","Defend_R+1","Defend_R+1","Defend_R+1","Seeing Red+1","Trip+1","Wild Strike","Dark Embrace+1","Sentinel+1","Discovery"],"relics":["Burning Blood","Boot","TungstenRod","Gambling Chip","Shuriken","Ice Cream","Bag of Preparation","Regal Pillow","Unceasing Top","Kunai","Anchor"],"acts_visited":["Exordium","TheCity"],"potions_floor_usage":[14,16,16,16],"damage_taken":[{"damage":6,"enemies":"Jaw Worm","floor":1,"turns":5},{"damage":5,"enemies":"Cultist","floor":2,"turns":4},{"damage":2,"enemies":"2 Louse","floor":3,"turns":3},{"damage":29,"enemies":"Red Slaver","floor":4,"turns":5},{"damage":0,"enemies":"2 Fungi Beasts","floor":14,"turns":3},{"damage":44,"enemies":"Slime Boss","floor":16,"turns":15},{"damage":15,"enemies":"3 Byrds","floor":18,"turns":6},{"damage":5,"enemies":"Chosen","floor":28,"turns":6},{"damage":12,"enemies":"Automaton","floor":33,"turns":4}],"seed_played":"-5736010155651913255","potions_obtained":[{"floor":4,"key":"EssenceOfSteel"},{"floor":14,"key":"EntropicBrew"}],"is_trial":true,"path_per_floor":["M","M","M","M","?","$","R","R","T","R","$","?","$","M","R","B",null,"M","$","?","?","$","R","R","$","T","R","M","$","R","?","R","B"],"character_chosen":"IRONCLAD","items_purchased":["Seeing Red","Trip","Wild Strike","Dark Embrace","Sentinel","Discovery"],"campfire_rested":2,"item_purchase_floors":[11,11,11,19,25,29],"current_hp_per_floor":[80,80,80,57,57,57,57,57,57,57,57,57,57,63,80,42,80,71,71,71,71,71,71,71,71,71,71,72,72,80,73,73,61,61],"gold":122,"neow_bonus":"","is_daily":false,"chose_seed":false,"campfire_upgraded":7,"win_rate":0.0,"timestamp":1613442459,"path_taken":["M","M","M","M","?","$","R","R","T","R","?","?","$","M","R","BOSS","M","$","?","?","?","R","R","?","T","R","M","$","R","?","R","BOSS"],"items_purchased_type":["Card","Card","Card","Card","Card","Card"],"build_version":"2020-12-22","purchased_purges":1,"victory":false,"max_hp_per_floor":[80,80,80,80,80,80,80,80,80,80,80,80,80,80,80,80,80,80,80,80,80,80,80,80,80,80,80,80,80,80,80,80,80,80],"card_choices":[],"player_experience":132595,"relics_obtained":[{"floor":1,"key":"Boot"},{"floor":2,"key":"TungstenRod"},{"floor":3,"key":"Gambling Chip"},{"floor":4,"key":"Shuriken"},{"floor":9,"key":"Bag of Preparation"},{"floor":14,"key":"Regal Pillow"},{"floor":18,"key":"Unceasing Top"},{"floor":26,"key":"Kunai"},{"floor":28,"key":"Anchor"}],"event_choices":[{"damage_healed":0,"gold_gain":0,"player_choice":"Gave Potion","damage_taken":0,"relics_obtained":["Ice Cream"],"max_hp_gain":0,"max_hp_loss":0,"event_name":"WeMeetAgain","floor":5,"gold_loss":0},{"damage_healed":0,"gold_gain":0,"player_choice":"Upgraded","damage_taken":0,"max_hp_gain":0,"max_hp_loss":0,"event_name":"Upgrade Shrine","floor":12,"gold_loss":0,"cards_upgraded":["Defend_R"]},{"damage_healed":0,"gold_gain":0,"player_choice":"Simplicity","damage_taken":0,"max_hp_gain":0,"max_hp_loss":0,"event_name":"Back to Basics","floor":20,"gold_loss":0,"cards_upgraded":["Strike_R","Strike_R","Strike_R","Strike_R","Strike_R"]},{"damage_healed":0,"gold_gain":99,"player_choice":"Stole From Cult","damage_taken":0,"max_hp_gain":0,"max_hp_loss":0,"event_name":"Nest","floor":21,"gold_loss":0},{"damage_healed":0,"gold_gain":75,"player_choice":"Touch","damage_taken":8,"max_hp_gain":0,"max_hp_loss":0,"event_name":"FaceTrader","floor":31,"gold_loss":0}],"is_beta":false,"boss_relics":[{"not_picked":["Coffee Dripper","Cursed Key","Astrolabe"]}],"items_purged_floors":[22],"is_endless":true,"potions_floor_spawned":[4,14],"killed_by":"Automaton","ascension_level":0}}