{"host":"xc18ixkpjvqrt8st","time":1613440740,"event":{"mods":["Act Like it!","BaseMod","Better Match","Better Third Choice","Conspire","Hallownest","Hermit","Minty Spire (QoL Compilation)","Reliquary","Robot Space Explorer","Shop Mod","Spicy Shops","Spire Arcade","StSLib","The Animator","The Jungle","The Sage"],"gold_per_floor":[119,119,119,5,24,24,64,64,64,80,429,444,444,444],"floor_reached":13,"language":"ENG","playtime":540,"items_purged":[],"score":100,"play_id":"971a0abb-9052-414c-aff1-040c3a6d6de1","local_time":"20210215195900","is_ascension_mode":true,"campfire_choices":[{"floor":6,"key":"RECALL"}],"circlet_count":0,"master_deck":["RobotSpaceExplorer:Strike","RobotSpaceExplorer:Strike","RobotSpaceExplorer:Strike","RobotSpaceExplorer:Strike","RobotSpaceExplorer:Defend","RobotSpaceExplorer:Defend","RobotSpaceExplorer:Defend","RobotSpaceExplorer:Defend","RobotSpaceExplorer:Scan","RobotSpaceExplorer:MiniLasers","conspire:Banana","RobotSpaceExplorer:MiniDrones","Injury","RobotSpaceExplorer:Smokescreen","RobotSpaceExplorer:LaserBurst","RobotSpaceExplorer:Pulsar","RobotSpaceExplorer:Autoloader","RobotSpaceExplorer:ShovelStrike","RobotSpaceExplorer:Jetpack","RobotSpaceExplorer:StunGrenade"],"relics":["RobotSpaceExplorer:RoboCore","TungstenRod","Golden Idol","reliquary:GummyVitamins","StoneCalendar","Old Coin"],"acts_visited":["Exordium"],"potions_floor_usage":[7,13],"damage_taken":[{"damage":0,"enemies":"Cultist","floor":1,"turns":4},{"damage":5,"enemies":"Jaw Worm","floor":5,"turns":5},{"damage":17,"enemies":"3 Sentries","floor":7,"turns":10},{"damage":7,"enemies":"2 Louse","floor":10,"turns":3},{"damage":33,"enemies":"conspire:MimicChest","floor":11,"turns":7},{"damage":0,"enemies":"Red Slaver","floor":12,"turns":3},{"damage":44,"enemies":"Gremlin Nob","floor":13,"turns":5}],"seed_played":"-8188314595098499728","potions_obtained":[{"floor":1,"key":"ColorlessPotion"},{"floor":10,"key":"DuplicationPotion"},{"floor":11,"key":"sagemod:Wine"}],"is_trial":false,"path_per_floor":["M","T","?","$","M","R","E","?","T","M","?","M","E"],"character_chosen":"RobotSpaceExplorer","items_purchased":["RobotSpaceExplorer:Smokescreen","RobotSpaceExplorer:LaserBurst"],"campfire_rested":0,"item_purchase_floors":[4,4],"current_hp_per_floor":[76,76,76,76,72,72,56,56,56,50,18,19,0,0],"gold":444,"neow_bonus":"RANDOM_COLORLESS","is_daily":false,"chose_seed":false,"campfire_upgraded":0,"win_rate":0.0,"timestamp":1613440740,"path_taken":["M","?","?","$","M","R","E","?","T","?","?","?","E"],"items_purchased_type":["Card","Card"],"build_version":"2020-12-22","purchased_purges":0,"victory":false,"max_hp_per_floor":[76,76,76,76,77,77,78,78,78,79,80,81,82,82],"card_choices":[{"not_picked":["Forethought","sagemod:Perplexing_Glare"],"picked":"conspire:Banana","floor":0},{"not_picked":["RobotSpaceExplorer:FranticSearch","RobotSpaceExplorer:SurgingStrike"],"picked":"RobotSpaceExplorer:MiniDrones","floor":1},{"not_picked":["RobotSpaceExplorer:MetalStrike","RobotSpaceExplorer:GlueSpray"],"picked":"RobotSpaceExplorer:Pulsar","floor":5},{"not_picked":["RobotSpaceExplorer:Probe","RobotSpaceExplorer:Calculate"],"picked":"RobotSpaceExplorer:Autoloader","floor":7},{"not_picked":["RobotSpaceExplorer:SlimeMissile","RobotSpaceExplorer:ImprovisedAttack"],"picked":"RobotSpaceExplorer:ShovelStrike","floor":10},{"not_picked":["RobotSpaceExplorer:GlueShot","RobotSpaceExplorer:ShovelStrike"],"picked":"RobotSpaceExplorer:Jetpack","floor":11},{"not_picked":["RobotSpaceExplorer:Ammunition","RobotSpaceExplorer:SlimeMissile"],"picked":"RobotSpaceExplorer:StunGrenade","floor":12}],"player_experience":658530,"relics_obtained":[{"floor":2,"key":"TungstenRod"},{"floor":7,"key":"reliquary:GummyVitamins"},{"floor":9,"key":"StoneCalendar"},{"floor":11,"key":"Old Coin"}],"event_choices":[{"damage_healed":0,"gold_gain":0,"player_choice":"Take Wound","damage_taken":0,"relics_obtained":["Golden Idol"],"max_hp_gain":0,"max_hp_loss":0,"event_name":"Golden Idol","floor":3,"gold_loss":0,"cards_obtained":["Injury"]},{"damage_healed":0,"gold_gain":0,"player_choice":"Ignored","damage_taken":0,"max_hp_gain":0,"max_hp_loss":0,"event_name":"Purifier","floor":8,"gold_loss":0}],"is_beta":false,"boss_relics":[],"items_purged_floors":[],"is_endless":false,"potions_floor_spawned":[1,10,11],"killed_by":"Gremlin Nob","ascension_level":4}}