{"host":"0z6l31g9ps0v9zzp","time":1613492022,"event":{"mods":["Act Like it!","BaseMod","CapriCore","Minty Spire (QoL Compilation)","MostiFishMod","StSLib"],"gold_per_floor":[117,117,117,117,117,148,163,188,188,217,231,242,242,253,253,332,332,345,235,235,247,259,288,288,317,317,348,367,417,417,434,434,507,507,520,531,531,531,531,557,608,643,643,673,895,914,914,932,932,932,932,932,932,932,961,961],"floor_reached":57,"language":"ZHS","playtime":1990,"items_purged":["Strike_R","Bash","Strike_R","Defend_R","Defend_R"],"score":3392,"play_id":"3b81480b-c1c7-403f-90e7-049d681f1042","local_time":"20210217001342","is_ascension_mode":true,"campfire_choices":[{"data":"Feel No Pain","floor":15.0,"key":"SMITH"},{"data":"Second Wind","floor":24.0,"key":"SMITH"},{"data":"MostiFishMod:Chiaki","floor":30.0,"key":"SMITH"},{"data":"Burning Pact","floor":32.0,"key":"SMITH"},{"data":"MostiFishMod:WingOfPhoenix","floor":47,"key":"SMITH"},{"floor":49,"key":"RECALL"},{"data":"Shockwave","floor":53,"key":"SMITH"}],"circlet_count":0,"master_deck":["AscendersBane","Defend_R","Shrug It Off","MostiFishMod:UltimateDefense+1","Feed+1","Body Slam+1","Feel No Pain+1","Power Through+1","Second Wind+1","MostiFishMod:Chiaki+1","Burning Pact+1","MostiFishMod:OrdinaryWorld+1","Feel No Pain+1","MostiFishMod:WingOfPhoenix+1","Sentinel+1","Shockwave+1","Madness","Madness"],"relics":["DaveBox","DiscerningMonocle","RhineSuit","SynthV:TestCard","Molten Egg 2","HornCleat","HandDrill","Omamori","StrikeDummy","Singing Bowl","Sundial","FeatherPendant","Magic Flower","Toy Ornithopter","TimeFreeze","Centennial Puzzle","Gremlin Horn","Pantograph","Red Mask","Empty Cage","War Paint","DollysMirror","MostiFishMod:Haymaker","PreservedInsect","Matryoshka","MostiFishMod:AdaptiveDefenses","Blue Candle","Girya","Paper Frog","InkBottle","CeramicFish","Blood Vial","Lizard Tail","Calipers","Bottled Tornado"],"acts_visited":["Exordium","TheCity","TheBeyond","TheEnding"],"potions_floor_usage":[50,56],"damage_taken":[{"damage":0.0,"enemies":"Jaw Worm","floor":1.0,"turns":4.0},{"damage":6.0,"enemies":"3 Sentries","floor":6.0,"turns":6.0},{"damage":0.0,"enemies":"2 Louse","floor":7.0,"turns":2.0},{"damage":31.0,"enemies":"Gremlin Nob","floor":8.0,"turns":6.0},{"damage":0.0,"enemies":"Lagavulin","floor":10.0,"turns":7.0},{"damage":0.0,"enemies":"Small Slimes","floor":11.0,"turns":3.0},{"damage":0.0,"enemies":"Exordium Thugs","floor":12.0,"turns":3.0},{"damage":0.0,"enemies":"3 Louse","floor":14.0,"turns":1.0},{"damage":0.0,"enemies":"The Guardian","floor":16.0,"turns":7.0},{"damage":0.0,"enemies":"Chosen","floor":18.0,"turns":2.0},{"damage":0.0,"enemies":"Shell Parasite","floor":21.0,"turns":2.0},{"damage":0.0,"enemies":"Centurion and Healer","floor":22.0,"turns":4.0},{"damage":6.0,"enemies":"Slavers","floor":23.0,"turns":6.0},{"damage":0.0,"enemies":"Book of Stabbing","floor":25.0,"turns":3.0},{"damage":0.0,"enemies":"Masked Bandits","floor":27.0,"turns":3.0},{"damage":0.0,"enemies":"3 Cultists","floor":28.0,"turns":4.0},{"damage":0.0,"enemies":"Snecko","floor":31.0,"turns":6.0},{"damage":32.0,"enemies":"Champ","floor":33.0,"turns":8.0},{"damage":0.0,"enemies":"Orb Walker","floor":35.0,"turns":3.0},{"damage":0.0,"enemies":"3 Darklings","floor":36.0,"turns":3.0},{"damage":0.0,"enemies":"Reptomancer","floor":40.0,"turns":3.0},{"damage":0.0,"enemies":"2 Orb Walkers","floor":41.0,"turns":2.0},{"damage":0.0,"enemies":"Nemesis","floor":42.0,"turns":3.0},{"damage":0.0,"enemies":"Reptomancer","floor":44.0,"turns":2.0},{"damage":0,"enemies":"Transient","floor":46,"turns":5},{"damage":0,"enemies":"Awakened One","floor":50,"turns":4},{"damage":16,"enemies":"Donu and Deca","floor":51,"turns":3},{"damage":20,"enemies":"Shield and Spear","floor":55,"turns":3},{"damage":6,"enemies":"The Heart","floor":56,"turns":9}],"seed_played":"-8462382466930950759","potions_obtained":[{"floor":6.0,"key":"Swift Potion"},{"floor":7.0,"key":"Block Potion"},{"floor":8.0,"key":"SpeedPotion"},{"floor":11.0,"key":"CultistPotion"},{"floor":25.0,"key":"Block Potion"},{"floor":36.0,"key":"Ancient Potion"},{"floor":55,"key":"SteroidPotion"}],"is_trial":false,"path_per_floor":["M","?","$","?","$","E","M","E","T","E","M","M","?","M","R","B",null,"M","?","$","M","M","E","R","E","T","?","M","?","R","M","R","B",null,"M","M","$","?","$","E","?","E","T","E","?","M","R","?","R","B","B",null,"R","$","E","B",null],"character_chosen":"IRONCLAD","items_purchased":["Molten Egg 2","HornCleat","HandDrill","Shrug It Off","Omamori","MostiFishMod:UltimateDefense","Whirlwind+1","Magic Flower","Toy Ornithopter","TimeFreeze","Fruit Juice","LiquidMemories","War Paint","MostiFishMod:OrdinaryWorld+1","DollysMirror","MostiFishMod:Haymaker","PreservedInsect","Matryoshka","MostiFishMod:AdaptiveDefenses","Lizard Tail","Calipers"],"campfire_rested":0,"item_purchase_floors":[3,3,3,3,5,5,5,20,20,20,20,20,37,37,37,37,39,39,39,54,54],"current_hp_per_floor":[68,68,68,68,68,62,66,39,39,45,51,55,37,39,39,45,92,92,92,102,104,112,120,120,122,122,128,136,136,136,140,140,116,139,141,150,150,150,150,150,154,156,156,158,158,158,158,130,130,158,143,154,154,154,146,154],"gold":961,"neow_bonus":"BOSS_RELIC","is_daily":false,"chose_seed":false,"campfire_upgraded":6,"win_rate":0.0,"timestamp":1613492022,"path_taken":["M","?","$","?","$","E","M","E","T","E","?","M","?","M","R","BOSS","M","?","$","?","M","E","R","E","T","?","M","?","R","M","R","BOSS","M","M","$","?","$","E","?","E","T","E","?","M","R","?","R","BOSS","BOSS","R","$","E","BOSS"],"items_purchased_type":["Relic","Relic","Relic","Card","Relic","Card","Card","Relic","Relic","Relic","Potion","Potion","Relic","Card","Relic","Relic","Relic","Relic","Relic","Relic","Relic"],"build_version":"2020-12-22","purchased_purges":5,"victory":true,"max_hp_per_floor":[75,75,75,75,75,75,79,83,83,89,95,99,99,101,101,107,107,107,107,112,114,120,124,124,126,126,130,136,136,136,140,140,146,146,148,150,150,150,150,150,154,156,156,158,158,158,158,158,158,158,158,158,158,158,160,160],"card_choices":[{"not_picked":["Pommel Strike","Armaments","True Grit"],"picked":"SKIP","floor":1.0},{"not_picked":["Burning Pact","Clash+1","Spot Weakness","Iron Wave+1"],"picked":"Feed+1","floor":6.0},{"not_picked":["Heavy Blade+1","Warcry","Perfected Strike+1","Disarm","Armaments"],"picked":"SKIP","floor":7.0},{"not_picked":["Warcry","Anger+1","Dropkick+1","Heavy Blade+1"],"picked":"Body Slam+1","floor":8.0},{"not_picked":["Iron Wave+1","Shrug It Off","Infernal Blade","Warcry","Perfected Strike+1"],"picked":"Singing Bowl","floor":10.0},{"not_picked":["Armaments","Bloodletting","Second Wind","Searing Blow+1","Pommel Strike+1"],"picked":"Singing Bowl","floor":11.0},{"not_picked":["Exhume","Flame Barrier","Havoc","Shockwave"],"picked":"Feel No Pain","floor":12.0},{"not_picked":["Anger+1","Thunderclap+1","Twin Strike+1","Intimidate","Uppercut+1"],"picked":"Singing Bowl","floor":14.0},{"not_picked":["Berserk","MostiFishMod:TemporaryOutbreak","Impervious","MostiFishMod:404NotFound+1","MostiFishMod:FireWorks"],"picked":"Singing Bowl","floor":16.0},{"not_picked":["Shrug It Off","Perfected Strike+1","Sword Boomerang+1","Dual Wield"],"picked":"Power Through","floor":18.0},{"not_picked":["Sever Soul+1","Spot Weakness","Feel No Pain","Disarm","Flex"],"picked":"Singing Bowl","floor":21.0},{"not_picked":["Pommel Strike+1","Body Slam+1","Carnage+1","Thunderclap+1","Flex"],"picked":"Singing Bowl","floor":22.0},{"not_picked":["Flex","Wild Strike+1","Flame Barrier","Heavy Blade+1"],"picked":"Second Wind","floor":23.0},{"not_picked":["Armaments","Warcry","Metallicize","Perfected Strike+1","MostiFishMod:#F4004"],"picked":"Singing Bowl","floor":25.0},{"not_picked":["Body Slam+1","Headbutt+1","Armaments","Perfected Strike+1"],"picked":"MostiFishMod:Chiaki","floor":27.0},{"not_picked":["Warcry","Body Slam+1","Sword Boomerang+1","Wild Strike+1","MostiFishMod:RacingGame"],"picked":"Singing Bowl","floor":28.0},{"not_picked":["Uppercut+1","Whirlwind+1","True Grit","Body Slam+1"],"picked":"Burning Pact","floor":31.0},{"not_picked":["Brutality","MostiFishMod:FireWorks","MostiFishMod:Chiaki","Bludgeon+1","MostiFishMod:FlyOverUtopia"],"picked":"Singing Bowl","floor":33.0},{"not_picked":["Warcry+1","Cleave+1","Sword Boomerang+1","Rampage+1","Clothesline+1"],"picked":"Singing Bowl","floor":35.0},{"not_picked":["Blood for Blood+1","Body Slam+1","Iron Wave+1","Twin Strike+1","Sword Boomerang+1"],"picked":"Singing Bowl","floor":36.0},{"not_picked":["Pommel Strike+1","Dual Wield","Perfected Strike+1","MostiFishMod:ChineseTea"],"picked":"MostiFishMod:WingOfPhoenix","floor":40.0},{"not_picked":["Combust","Warcry","Metallicize","Flame Barrier+1"],"picked":"Sentinel+1","floor":41.0},{"not_picked":["Flame Barrier","Wild Strike+1","Headbutt+1","Twin Strike+1","Feel No Pain"],"picked":"Singing Bowl","floor":42.0},{"not_picked":["Hemokinesis+1","Sever Soul+1","MostiFishMod:OrdinaryWorld+1","Iron Wave+1","Power Through"],"picked":"Singing Bowl","floor":44.0},{"not_picked":["Intimidate","Body Slam+1","Clash+1","Blood for Blood+1"],"picked":"Shockwave","floor":46},{"not_picked":["Shrug It Off","Bloodletting+1","Cleave+1","Burning Pact+1","Twin Strike+1"],"picked":"Singing Bowl","floor":55}],"player_experience":285728,"relics_obtained":[{"floor":1.0,"key":"SynthV:TestCard"},{"floor":6.0,"key":"StrikeDummy"},{"floor":10.0,"key":"Singing Bowl"},{"floor":23.0,"key":"Centennial Puzzle"},{"floor":25.0,"key":"Gremlin Horn"},{"floor":26.0,"key":"Pantograph"},{"floor":27.0,"key":"Red Mask"},{"floor":40.0,"key":"Blue Candle"},{"floor":41.0,"key":"Girya"},{"floor":42.0,"key":"Paper Frog"},{"floor":43.0,"key":"InkBottle"},{"floor":43.0,"key":"CeramicFish"},{"floor":44.0,"key":"Blood Vial"},{"floor":55,"key":"Bottled Tornado"}],"event_choices":[{"damage_healed":0.0,"max_hp_gain":0.0,"max_hp_loss":0.0,"gold_gain":0.0,"event_name":"Shining Light","player_choice":"Ignored","floor":2.0,"gold_loss":0.0,"damage_taken":0.0},{"cards_removed":["Strike_R"],"damage_healed":0.0,"max_hp_gain":0.0,"max_hp_loss":0.0,"gold_gain":0.0,"event_name":"Living Wall","player_choice":"Forget","floor":4.0,"gold_loss":0.0,"damage_taken":0.0},{"damage_healed":0.0,"max_hp_gain":0.0,"max_hp_loss":0.0,"gold_gain":0.0,"event_name":"Scrap Ooze","player_choice":"Success","floor":13.0,"gold_loss":0.0,"damage_taken":18.0,"relics_obtained":["Sundial"]},{"cards_removed":["Strike_R"],"damage_healed":0.0,"max_hp_gain":0.0,"max_hp_loss":0.0,"gold_gain":0.0,"event_name":"Designer","player_choice":"Upgrade and Remove","floor":19.0,"gold_loss":110.0,"damage_taken":0.0,"cards_upgraded":["Strike_R"]},{"damage_healed":0.0,"max_hp_gain":0.0,"max_hp_loss":0.0,"gold_gain":0.0,"event_name":"Masked Bandits","player_choice":"Fought Bandits","floor":27.0,"gold_loss":0.0,"damage_taken":0.0},{"damage_healed":0.0,"max_hp_gain":0.0,"max_hp_loss":0.0,"gold_gain":50.0,"event_name":"Nest","player_choice":"Stole From Cult","floor":29.0,"gold_loss":0.0,"damage_taken":0.0},{"cards_removed":["Whirlwind"],"damage_healed":0.0,"max_hp_gain":0.0,"max_hp_loss":0.0,"gold_gain":0.0,"event_name":"Falling","player_choice":"Removed Attack","floor":38.0,"gold_loss":0.0,"damage_taken":0.0},{"damage_healed":0.0,"max_hp_gain":0.0,"max_hp_loss":0.0,"gold_gain":0.0,"event_name":"Mysterious Sphere","player_choice":"Fight","floor":41.0,"gold_loss":0.0,"damage_taken":0.0},{"damage_healed":0.0,"max_hp_gain":0.0,"max_hp_loss":0.0,"gold_gain":222.0,"event_name":"Tomb of Lord Red Mask","player_choice":"Wore Mask","floor":45.0,"gold_loss":0.0,"damage_taken":0.0},{"damage_healed":0,"gold_gain":0,"player_choice":"Embrace Madness","damage_taken":28,"max_hp_gain":0,"max_hp_loss":0,"event_name":"Winding Halls","floor":48,"gold_loss":0,"cards_obtained":["Madness","Madness"]}],"is_beta":false,"boss_relics":[{"not_picked":["Ectoplasm","MoonlightInvasionPlan"],"picked":"FeatherPendant"},{"not_picked":["Sozu","Runic Pyramid"],"picked":"Empty Cage"}],"items_purged_floors":[3,5,20,37,54],"is_endless":false,"potions_floor_spawned":[6,7,8,11,12,22,25,28,31,33,36,44,55],"ascension_level":20}}