{"host":"bakf0s4odzu8z5xt","time":1613459580,"event":{"mods":["2.2 Compatiblity","BaseMod","Downfall","Friendly Minions","Minty Spire (QoL Compilation)","StSLib"],"gold_per_floor":[99,112,125,185,196,196,196,30,30,105,117,133,149,168,179,279,279,279,297,317,317,317,317],"floor_reached":21,"language":"ENG","playtime":1169,"items_purged":[],"score":201,"play_id":"444c5aad-9ce7-40ce-8b97-55ec3f47dcd3","local_time":"20210216011300","is_ascension_mode":true,"campfire_choices":[{"data":"Slimebound:Split","floor":1,"key":"SMITH"},{"floor":6,"key":"REST"},{"data":"Slimebound:DuplicatedForm","floor":18,"key":"SMITH"}],"circlet_count":0,"master_deck":["Slimebound:Tackle+1","Slimebound:Split+1","Slimebound:CorrosiveSpit+1","Slimebound:RollThrough+1","Slimebound:BestDefense","Slimebound:ForwardTackle","Slimebound:MassRepurpose+1","downfall:Malfunctioning","Slimebound:SplitBruiser","Slimebound:FlameTackle","Slimebound:GoopTackle","Slimebound:RollThrough","Slimebound:Teamwork","Slimebound:DuplicatedForm+1","Slimebound:DivideAndConquer","Slimebound:MassFeed","Slimebound:Gluttony","Slimebound:FinishingTackle","Slimebound:ServeAndProtect","Slimebound:PrepareCrush","Slimebound:LivingWall","Slimebound:Schlurp"],"relics":["Slimebound:AbsorbEndCombat","Oddly Smooth Stone","Question Card","PreservedInsect","Pandora\u0027s Box"],"acts_visited":["Exordium","TheCity"],"potions_floor_usage":[4,13,13,14,21],"damage_taken":[{"damage":0,"enemies":"Small Slimes","floor":2,"turns":3},{"damage":4,"enemies":"2 Louse","floor":3,"turns":2},{"damage":33,"enemies":"3 Sentries","floor":4,"turns":7},{"damage":0,"enemies":"Jaw Worm","floor":5,"turns":4},{"damage":0,"enemies":"downfall:FleeingMerchant","floor":8,"turns":4},{"damage":8,"enemies":"Red Slaver","floor":11,"turns":4},{"damage":0,"enemies":"downfall:LooterAlt","floor":12,"turns":4},{"damage":4,"enemies":"2 Fungi Beasts","floor":13,"turns":3},{"damage":2,"enemies":"Red Slaver","floor":14,"turns":2},{"damage":3,"enemies":"3 Louse","floor":15,"turns":3},{"damage":33,"enemies":"WA_ARCHETYPE_RETAIN","floor":16,"turns":5},{"damage":50,"enemies":"Spheric Guardian","floor":19,"turns":5},{"damage":29,"enemies":"downfall:LooterAlt2","floor":20,"turns":4},{"damage":20,"enemies":"Centurion and Healer","floor":21,"turns":4}],"seed_played":"-4251560403947986894","potions_obtained":[{"floor":2,"key":"Weak Potion"},{"floor":5,"key":"BlessingOfTheForge"},{"floor":12,"key":"sneckomod:MuddlingPotion"},{"floor":13,"key":"SteroidPotion"},{"floor":14,"key":"Strength Potion"}],"is_trial":false,"path_per_floor":["R","M","M","?","M","R","T","$","?","?","M","M","M","M","M","B",null,"R","M","M","M"],"character_chosen":"SLIMEBOUND","items_purchased":["PreservedInsect"],"campfire_rested":1,"item_purchase_floors":[8],"current_hp_per_floor":[65,65,61,28,34,53,53,59,59,59,53,57,53,51,50,25,65,65,33,12,0,0,0],"gold":317,"neow_bonus":"UPGRADE_CARD","is_daily":false,"chose_seed":false,"campfire_upgraded":2,"win_rate":0.0,"timestamp":1613459580,"path_taken":["R","M","M","?","M","R","T","$","?","?","M","M","M","M","M","BOSS","R","M","M","M"],"items_purchased_type":["Relic"],"build_version":"2020-12-22","purchased_purges":0,"victory":false,"max_hp_per_floor":[65,65,65,65,65,65,65,65,65,65,65,65,65,65,65,65,65,65,68,68,68,68,68],"card_choices":[{"not_picked":["Slimebound:Grow","Slimebound:SplitLeeching"],"picked":"Slimebound:RollThrough","floor":2},{"not_picked":["Slimebound:LeechEnergy","Slimebound:ViciousTackle"],"picked":"Slimebound:BestDefense","floor":3},{"not_picked":["Slimebound:Nibble","Slimebound:ViciousTackle"],"picked":"Slimebound:ForwardTackle","floor":4},{"not_picked":["Slimebound:LeechingTouch","Slimebound:RollThrough","Slimebound:Dissolve"],"picked":"SKIP","floor":5},{"not_picked":["Slimebound:HauntingLick","Slimebound:SplitMire","Slimebound:RejuvenatingLick"],"picked":"Slimebound:MassRepurpose","floor":8},{"not_picked":["Slimebound:HungryTackle","Slimebound:Nibble","Slimebound:PressTheAttack"],"picked":"Slimebound:SplitBruiser","floor":11},{"not_picked":["Slimebound:TongueLash","Slimebound:Schlurp","Slimebound:PressTheAttack"],"picked":"Slimebound:FlameTackle","floor":12},{"not_picked":["Slimebound:RollThrough","Slimebound:SamplingLick","Slimebound:ProtectTheBoss"],"picked":"Slimebound:GoopTackle","floor":13},{"not_picked":["Slimebound:PressTheAttack","Slimebound:SplitBruiser","Slimebound:LeechEnergy","Slimebound:HauntingLick"],"picked":"SKIP","floor":14},{"not_picked":["Slimebound:Schlurp","Slimebound:RejuvenatingLick","Slimebound:Gluttony"],"picked":"Slimebound:RollThrough","floor":15},{"not_picked":["Slimebound:DouseInSlime","Slimebound:LeechLife","Slimebound:TagTeam"],"picked":"Slimebound:Teamwork","floor":16},{"not_picked":["Slimebound:SamplingLick","Slimebound:HauntingLick","Slimebound:GoopSpray"],"picked":"Slimebound:LivingWall","floor":19},{"not_picked":["Slimebound:FinishingTackle","Slimebound:SplitMire","Slimebound:SamplingLick"],"picked":"Slimebound:Schlurp","floor":20}],"player_experience":2210444,"relics_obtained":[{"floor":4,"key":"Oddly Smooth Stone"},{"floor":7,"key":"Question Card"}],"event_choices":[],"is_beta":false,"boss_relics":[{"not_picked":["Tiny House","SacredBark"],"picked":"Pandora\u0027s Box"}],"items_purged_floors":[],"is_endless":false,"potions_floor_spawned":[2,5,12,13,14],"killed_by":"Centurion and Healer","ascension_level":3}}