{"host":"0qlrtuw7bw78ucw4","time":1613480421,"event":{"mods":["BaseMod","Downfall","Minty Spire (QoL Compilation)","StSLib"],"gold_per_floor":[99,117,27,45,65,75,98,98,115,128,128,147,175,194,206,206,206,206],"floor_reached":16,"language":"ENG","playtime":8306,"items_purged":["Slimebound:Strike_Slimebound"],"score":189,"play_id":"3641dc48-064b-4ed6-bb0f-b83f0ef2965c","local_time":"20210217000021","is_ascension_mode":true,"campfire_choices":[{"data":"Slimebound:CorrosiveSpit","floor":1,"key":"SMITH"},{"data":"Slimebound:Darklings","floor":8,"key":"SMITH"},{"data":"Slimebound:Equalize","floor":11,"key":"SMITH"}],"circlet_count":0,"master_deck":["AscendersBane","Slimebound:Strike_Slimebound","Slimebound:Tackle","Slimebound:Defend_Slimebound","Slimebound:Defend_Slimebound","Slimebound:Defend_Slimebound","Slimebound:Defend_Slimebound","Slimebound:Split","Slimebound:CorrosiveSpit+1","Slimebound:ForwardTackle","Slimebound:Equalize+1","Slimebound:ComboTackle","Slimebound:Darklings+1","Slimebound:Recollect","Slimebound:HungryTackle","Slimebound:RollThrough"],"relics":["Slimebound:AbsorbEndCombat","Centennial Puzzle","Tiny Chest"],"acts_visited":["Exordium"],"potions_floor_usage":[13,16,16],"damage_taken":[{"damage":4,"enemies":"Cultist","floor":2,"turns":3},{"damage":8,"enemies":"downfall:FleeingMerchant","floor":3,"turns":4},{"damage":3,"enemies":"Small Slimes","floor":4,"turns":2},{"damage":5,"enemies":"2 Louse","floor":5,"turns":2},{"damage":19,"enemies":"Gremlin Gang","floor":6,"turns":4},{"damage":8,"enemies":"Large Slime","floor":9,"turns":4},{"damage":11,"enemies":"Blue Slaver","floor":10,"turns":5},{"damage":14,"enemies":"3 Louse","floor":12,"turns":4},{"damage":18,"enemies":"Gremlin Nob","floor":13,"turns":3},{"damage":9,"enemies":"Red Slaver","floor":14,"turns":2},{"damage":16,"enemies":"Exordium Wildlife","floor":15,"turns":4},{"damage":46,"enemies":"DF_ARCHETYPE_STREAMLINE","floor":16,"turns":8}],"seed_played":"2894942146533884896","potions_obtained":[{"floor":4,"key":"DistilledChaos"},{"floor":6,"key":"Swift Potion"},{"floor":14,"key":"Dexterity Potion"}],"is_trial":false,"path_per_floor":["R","M","$","M","M","M","T","R","M","M","R","M","E","M","M","B"],"character_chosen":"SLIMEBOUND","items_purchased":[],"campfire_rested":0,"item_purchase_floors":[],"current_hp_per_floor":[53,53,51,54,51,44,44,44,40,37,37,33,29,34,28,0,0,0],"gold":206,"neow_bonus":"TRANSFORM_CARD","is_daily":false,"chose_seed":false,"campfire_upgraded":3,"win_rate":0.0,"timestamp":1613480421,"path_taken":["R","M","?","M","M","?","T","R","M","M","R","M","E","M","M","BOSS"],"items_purchased_type":[],"build_version":"2020-12-22","purchased_purges":1,"victory":false,"max_hp_per_floor":[59,59,59,59,59,59,59,59,59,59,59,59,59,59,59,59,59,59],"card_choices":[{"not_picked":["Slimebound:SplitLeeching","Slimebound:SlimeBrawl"],"picked":"Slimebound:Equalize","floor":2},{"not_picked":["Slimebound:Schlurp","Slimebound:LivingWall"],"picked":"Slimebound:ComboTackle","floor":3},{"not_picked":["Slimebound:LeechingTouch","Slimebound:SplitMire"],"picked":"Slimebound:Darklings","floor":4},{"not_picked":["Slimebound:SplitMire","Slimebound:ItLooksTasty","Slimebound:LeechEnergy"],"picked":"SKIP","floor":5},{"not_picked":["Slimebound:ComboTackle","Slimebound:LeechEnergy"],"picked":"Slimebound:Recollect","floor":6},{"not_picked":["Slimebound:ComboTackle","Slimebound:SlimeSpikes"],"picked":"Slimebound:HungryTackle","floor":9},{"not_picked":["Slimebound:LeechingTouch","Slimebound:Equalize","Slimebound:Repurpose"],"picked":"SKIP","floor":10},{"not_picked":["Slimebound:HauntingLick","Slimebound:ServeAndProtect"],"picked":"Slimebound:RollThrough","floor":12},{"not_picked":["Slimebound:SplitMire","Slimebound:Repurpose","Slimebound:Equalize"],"picked":"SKIP","floor":13},{"not_picked":["Slimebound:GoopTackle","Slimebound:WasteNot","Slimebound:SlimeTap"],"picked":"SKIP","floor":14},{"not_picked":["Slimebound:HungryTackle","Slimebound:SplitAcid","Slimebound:ComboTackle"],"picked":"SKIP","floor":15}],"player_experience":1025328,"relics_obtained":[{"floor":7,"key":"Centennial Puzzle"},{"floor":13,"key":"Tiny Chest"}],"event_choices":[],"is_beta":false,"boss_relics":[],"items_purged_floors":[3],"is_endless":false,"potions_floor_spawned":[4,6,9,10,14],"killed_by":"DF_ARCHETYPE_STREAMLINE","ascension_level":15}}