{"host":"w5thk1acqacem6ba","time":1613503770,"event":{"mods":["AchievementEnabler","BaseMod","Colored Map","KOR Keyword Fix","Minty Spire (QoL Compilation)","SuperFastMode"],"gold_per_floor":[114,114,129,129,144,144,144,159,159,159,159,159,174,99,99,199,199,214,229,229,244,259,259,274,289,314,314,314,329,344,344,344],"floor_reached":31,"language":"KOR","playtime":1111,"items_purged":["Strike_P"],"score":281,"play_id":"8652b149-e192-4f40-b388-6dd71e95f8c8","local_time":"20210217042930","daily_mods":["Specialized","ControlledChaos","Lethality"],"is_ascension_mode":false,"campfire_choices":[{"data":"SignatureMove","floor":6.0,"key":"SMITH"},{"data":"Eruption","floor":12.0,"key":"SMITH"},{"floor":15.0,"key":"REST"},{"floor":23.0,"key":"REST"},{"floor":28.0,"key":"REST"}],"circlet_count":0,"master_deck":["Strike_P","Strike_P","Defend_P","Defend_P","Defend_P","Defend_P","Eruption+1","Vigilance+1","Pray","Pray","Pray","Pray","Pray+1","FollowUp","SignatureMove+1","FlurryOfBlows","Alpha","FollowUp","Weave","Brilliance"],"relics":["HolyWater","Frozen Eye","Omamori","War Paint","Bag of Preparation","Yang","Tiny Chest"],"acts_visited":["Exordium","TheCity"],"potions_floor_usage":[30,31,31],"damage_taken":[{"damage":0.0,"enemies":"Small Slimes","floor":1.0,"turns":2.0},{"damage":13.0,"enemies":"Jaw Worm","floor":3.0,"turns":4.0},{"damage":1.0,"enemies":"Cultist","floor":5.0,"turns":3.0},{"damage":15.0,"enemies":"3 Louse","floor":8.0,"turns":2.0},{"damage":0.0,"enemies":"2 Fungi Beasts","floor":13.0,"turns":2.0},{"damage":20.0,"enemies":"The Guardian","floor":16.0,"turns":4.0},{"damage":0.0,"enemies":"Shell Parasite","floor":18.0,"turns":1.0},{"damage":3.0,"enemies":"Spheric Guardian","floor":19.0,"turns":3.0},{"damage":1.0,"enemies":"Snake Plant","floor":21.0,"turns":2.0},{"damage":23.0,"enemies":"Shelled Parasite and Fungi","floor":22.0,"turns":4.0},{"damage":21.0,"enemies":"Cultist and Chosen","floor":24.0,"turns":7.0},{"damage":25.0,"enemies":"Centurion and Healer","floor":25.0,"turns":3.0},{"damage":33.0,"enemies":"Snake Plant","floor":29.0,"turns":3.0},{"damage":26,"enemies":"3 Cultists","floor":30,"turns":4},{"damage":0,"enemies":"Sentry and Sphere","floor":31,"turns":2}],"seed_played":"2711566965655028651","potions_obtained":[{"floor":1.0,"key":"PowerPotion"},{"floor":3.0,"key":"PowerPotion"},{"floor":13.0,"key":"Swift Potion"},{"floor":16.0,"key":"Strength Potion"},{"floor":19.0,"key":"DistilledChaos"},{"floor":24.0,"key":"Regen Potion"},{"floor":30,"key":"Dexterity Potion"}],"is_trial":false,"path_per_floor":["M","?","M","T","M","R","?","M","T","?","?","R","M","$","R","B",null,"M","M","?","M","M","R","M","M","T","?","R","M","M","M"],"character_chosen":"WATCHER","items_purchased":[],"campfire_rested":3,"item_purchase_floors":[],"current_hp_per_floor":[72,77,64,64,63,63,63,48,48,41,34,34,34,34,57,37,77,77,74,74,73,50,73,52,27,27,27,50,17,3,3,3],"gold":344,"neow_bonus":"","is_daily":true,"chose_seed":false,"campfire_upgraded":2,"win_rate":0.0,"timestamp":1613503770,"path_taken":["M","?","M","?","M","R","?","?","T","?","?","R","M","?","R","BOSS","M","?","?","M","M","R","M","M","T","?","R","M","M","M"],"items_purchased_type":[],"build_version":"2020-12-22","purchased_purges":1,"victory":false,"max_hp_per_floor":[72,77,77,77,77,77,77,77,77,77,77,77,77,77,77,77,77,77,77,77,77,77,77,77,77,77,77,77,77,77,77,77],"card_choices":[{"not_picked":["DeceiveReality","ForeignInfluence"],"picked":"FollowUp","floor":1.0},{"not_picked":["CrushJoints","FearNoEvil","ThirdEye"],"picked":"SKIP","floor":3.0},{"not_picked":["ClearTheMind","CutThroughFate"],"picked":"SignatureMove","floor":5.0},{"not_picked":["SandsOfTime","EmptyFist"],"picked":"FlurryOfBlows","floor":8.0},{"not_picked":["PathToVictory","Study","Wallop"],"picked":"SKIP","floor":13.0},{"not_picked":["DevaForm","MasterReality"],"picked":"Alpha","floor":16.0},{"not_picked":["ThirdEye+1","EmptyMind","SashWhip"],"picked":"SKIP","floor":18.0},{"not_picked":["BowlingBash","Protect"],"picked":"FollowUp","floor":19.0},{"not_picked":["Protect","JustLucky+1","Tantrum"],"picked":"SKIP","floor":21.0},{"not_picked":["Evaluate+1","Worship","FearNoEvil"],"picked":"SKIP","floor":22.0},{"not_picked":["TalkToTheHand","CutThroughFate","Consecrate"],"picked":"SKIP","floor":24.0},{"not_picked":["FollowUp","InnerPeace","Halt"],"picked":"SKIP","floor":25.0},{"not_picked":["DeceiveReality","EmptyBody+1"],"picked":"Weave","floor":29.0},{"not_picked":["WaveOfTheHand","SignatureMove"],"picked":"Brilliance","floor":30}],"player_experience":392034,"relics_obtained":[{"floor":4.0,"key":"Omamori"},{"floor":9.0,"key":"War Paint"},{"floor":26.0,"key":"Tiny Chest"}],"event_choices":[{"damage_healed":0.0,"max_hp_gain":5.0,"max_hp_loss":0.0,"gold_gain":0.0,"event_name":"Big Fish","player_choice":"Donut","floor":2.0,"gold_loss":0.0,"damage_taken":0.0},{"damage_healed":0.0,"max_hp_gain":0.0,"max_hp_loss":0.0,"gold_gain":0.0,"event_name":"The Woman in Blue","player_choice":"Bought 0 Potions","floor":7.0,"gold_loss":0.0,"damage_taken":0.0},{"damage_healed":0.0,"max_hp_gain":0.0,"max_hp_loss":0.0,"gold_gain":0.0,"event_name":"Scrap Ooze","player_choice":"Success","floor":10.0,"gold_loss":0.0,"damage_taken":7.0,"relics_obtained":["Bag of Preparation"]},{"cards_removed":["Strike_P"],"damage_healed":0.0,"max_hp_gain":0.0,"max_hp_loss":0.0,"gold_gain":0.0,"event_name":"Golden Wing","player_choice":"Card Removal","floor":11.0,"gold_loss":0.0,"damage_taken":7.0},{"damage_healed":0.0,"max_hp_gain":0.0,"max_hp_loss":0.0,"gold_gain":0.0,"event_name":"The Mausoleum","player_choice":"Opened","floor":20.0,"gold_loss":0.0,"damage_taken":0.0,"relics_obtained":["Yang"]},{"damage_healed":0.0,"max_hp_gain":0.0,"max_hp_loss":0.0,"gold_gain":0.0,"event_name":"Cursed Tome","player_choice":"Ignored","floor":27.0,"gold_loss":0.0,"damage_taken":0.0}],"is_beta":false,"boss_relics":[{"not_picked":["Black Star","Calling Bell"],"picked":"HolyWater"}],"items_purged_floors":[14],"is_endless":false,"potions_floor_spawned":[1,3,13,16,19,24,30],"killed_by":"Sentry and Sphere","ascension_level":0}}