{"host":"o88u0awh8mkwl1l8","time":1613461744,"event":{"mods":["BaseMod","Colored Map","Highlight Path","Minty Spire (QoL Compilation)","Relic Sorter"],"gold_per_floor":[117,42,60,105,124,124,157,157,183,195,209,236,236,255,255,326,326,340,353,174,192,212,212,238,238,263,263,282,311,323,338,338,414,414,433,444,241,241,255,255,288,288,288,298,312,340,356,119,119,119,119,119,119,119,149,149,149],"floor_reached":56,"language":"JPN","playtime":9509,"items_purged":["Strike_P","Strike_P","Defend_P","Strike_P+1"],"score":1926,"play_id":"f1f1a05b-c6f6-4028-9ad7-a0b0586e236f","local_time":"20210216164904","is_ascension_mode":true,"campfire_choices":[{"data":"Eruption","floor":6.0,"key":"SMITH"},{"data":"Protect","floor":13.0,"key":"SMITH"},{"data":"FlurryOfBlows","floor":15.0,"key":"SMITH"},{"floor":23.0,"key":"REST"},{"floor":25.0,"key":"REST"},{"floor":32.0,"key":"REST"},{"floor":40.0,"key":"REST"},{"floor":42.0,"key":"REST"},{"floor":49.0,"key":"RECALL"},{"floor":53,"key":"REST"}],"circlet_count":0,"master_deck":["AscendersBane","Strike_P+1","Defend_P+1","Defend_P+1","Eruption+1","Vigilance+1","FollowUp+1","EmptyFist+1","Wireheading+1","LessonLearned+1","BowlingBash+1","Vault+1","Protect+1","FlurryOfBlows+1","ConjureBlade+1","MentalFortress+1","Evaluate+1","DevaForm+1","ClearTheMind+1","Wireheading+1","Vault+1","EmptyMind+1","MentalFortress","WheelKick","Wireheading","Study+1","Meditate"],"relics":["PureWater","Sundial","Pen Nib","Whetstone","Bag of Preparation","Omamori","VioletLotus","Ancient Tea Set","Sozu","Bird Faced Urn","Question Card","War Paint","InkBottle"],"acts_visited":["TheCity","TheBeyond","TheEnding"],"potions_floor_usage":[],"damage_taken":[{"damage":1.0,"enemies":"Cultist","floor":1.0,"turns":3.0},{"damage":0.0,"enemies":"Jaw Worm","floor":3.0,"turns":2.0},{"damage":4.0,"enemies":"Small Slimes","floor":5.0,"turns":3.0},{"damage":12.0,"enemies":"Lagavulin","floor":7.0,"turns":4.0},{"damage":0.0,"enemies":"Exordium Wildlife","floor":10.0,"turns":2.0},{"damage":0.0,"enemies":"Gremlin Gang","floor":11.0,"turns":3.0},{"damage":0.0,"enemies":"Gremlin Nob","floor":12.0,"turns":3.0},{"damage":0.0,"enemies":"3 Louse","floor":14.0,"turns":2.0},{"damage":3.0,"enemies":"Hexaghost","floor":16.0,"turns":8.0},{"damage":8.0,"enemies":"Chosen","floor":18.0,"turns":7.0},{"damage":3.0,"enemies":"2 Thieves","floor":19.0,"turns":4.0},{"damage":7.0,"enemies":"3 Cultists","floor":21.0,"turns":6.0},{"damage":15.0,"enemies":"Snake Plant","floor":22.0,"turns":5.0},{"damage":2.0,"enemies":"Gremlin Leader","floor":24.0,"turns":6.0},{"damage":14.0,"enemies":"Sentry and Sphere","floor":28.0,"turns":4.0},{"damage":41.0,"enemies":"Slavers","floor":29.0,"turns":9.0},{"damage":15.0,"enemies":"Centurion and Healer","floor":30.0,"turns":5.0},{"damage":3.0,"enemies":"Snecko","floor":31.0,"turns":5.0},{"damage":20.0,"enemies":"Collector","floor":33.0,"turns":6.0},{"damage":32.0,"enemies":"Orb Walker","floor":35.0,"turns":6.0},{"damage":5.0,"enemies":"3 Darklings","floor":36.0,"turns":5.0},{"damage":0.0,"enemies":"Jaw Worm Horde","floor":39.0,"turns":3.0},{"damage":2.0,"enemies":"Nemesis","floor":41.0,"turns":7.0},{"damage":0.0,"enemies":"Maw","floor":44.0,"turns":8.0},{"damage":6.0,"enemies":"4 Shapes","floor":45.0,"turns":9.0},{"damage":1.0,"enemies":"Giant Head","floor":46.0,"turns":8.0},{"damage":0.0,"enemies":"Writhing Mass","floor":47.0,"turns":7.0},{"damage":32,"enemies":"Awakened One","floor":50,"turns":8},{"damage":38,"enemies":"Donu and Deca","floor":51,"turns":10},{"damage":35,"enemies":"Shield and Spear","floor":55,"turns":7},{"damage":58,"enemies":"The Heart","floor":56,"turns":2}],"seed_played":"-6088536189686140983","potions_obtained":[{"floor":5.0,"key":"Swift Potion"},{"floor":7.0,"key":"Explosive Potion"},{"floor":12.0,"key":"Energy Potion"},{"floor":16.0,"key":"FearPotion"},{"floor":18.0,"key":"SpeedPotion"},{"floor":21.0,"key":"SteroidPotion"},{"floor":24.0,"key":"FairyPotion"},{"floor":29.0,"key":"StancePotion"}],"is_trial":false,"path_per_floor":["M","$","M","T","M","R","E","?","T","M","M","E","R","M","R","B",null,"M","M","$","M","M","R","E","R","T","?","M","E","M","M","R","B",null,"M","M","$","?","M","R","E","R","T","M","M","E","M","$","R","B","B",null,"R","$","E","B"],"character_chosen":"WATCHER","items_purchased":["MentalFortress","EmptyMind","Study"],"campfire_rested":6,"item_purchase_floors":[20,37,48],"current_hp_per_floor":[60,60,60,60,56,56,44,24,24,24,24,24,24,24,24,21,56,48,45,45,38,23,43,41,61,61,61,47,6,19,16,36,16,55,23,18,18,18,18,38,36,56,56,66,63,68,68,68,68,40,16,55,68,68,35,0,0],"gold":149,"neow_bonus":"THREE_CARDS","is_daily":false,"chose_seed":false,"campfire_upgraded":3,"win_rate":0.0,"timestamp":1613461744,"path_taken":["M","?","M","?","M","R","E","?","T","M","M","E","R","M","R","BOSS","M","M","$","M","M","R","E","R","T","?","M","E","M","M","R","BOSS","M","?","$","?","M","R","E","R","T","M","M","E","?","$","R","BOSS","BOSS","R","$","E","BOSS"],"items_purchased_type":["Card","Card","Card"],"build_version":"2020-12-22","purchased_purges":4,"victory":false,"max_hp_per_floor":[68,68,68,68,68,68,68,68,68,68,68,68,68,68,68,68,68,68,68,68,68,68,68,68,68,68,68,68,68,68,68,68,68,68,68,68,68,68,68,68,68,68,68,68,68,68,68,68,68,68,68,68,68,68,68,68,68],"card_choices":[{"not_picked":["Halt","JustLucky"],"picked":"FollowUp","floor":0.0},{"not_picked":["ThirdEye","SashWhip"],"picked":"EmptyFist","floor":1.0},{"not_picked":["Halt","FlyingSleeves","Pray"],"picked":"SKIP","floor":3.0},{"not_picked":["Evaluate","Indignation"],"picked":"Wireheading","floor":5.0},{"not_picked":["PathToVictory","Perseverance"],"picked":"LessonLearned","floor":7.0},{"not_picked":["EmptyBody","Fasting2"],"picked":"BowlingBash","floor":10.0},{"not_picked":["FlyingSleeves","SashWhip"],"picked":"Vault","floor":11.0},{"not_picked":["PathToVictory","SandsOfTime"],"picked":"Protect","floor":12.0},{"not_picked":["Halt","ClearTheMind"],"picked":"FlurryOfBlows","floor":14.0},{"not_picked":["Omniscience","Ragnarok"],"picked":"ConjureBlade","floor":16.0},{"not_picked":["BowlingBash","Consecrate","CarveReality+1"],"picked":"SKIP","floor":18.0},{"not_picked":["Prostrate","FlurryOfBlows","ForeignInfluence"],"picked":"SKIP","floor":19.0},{"not_picked":["Prostrate","JustLucky"],"picked":"Evaluate","floor":21.0},{"not_picked":["EmptyFist","Consecrate","EmptyBody"],"picked":"SKIP","floor":22.0},{"not_picked":["SashWhip","FollowUp"],"picked":"DevaForm","floor":24.0},{"not_picked":["Consecrate","SashWhip"],"picked":"ClearTheMind","floor":28.0},{"not_picked":["Vengeance","Crescendo"],"picked":"Wireheading","floor":29.0},{"not_picked":["FollowUp","DeceiveReality","PathToVictory"],"picked":"SKIP","floor":30.0},{"not_picked":["Blasphemy","Swivel","Pray"],"picked":"SKIP","floor":31.0},{"not_picked":["DevaForm","SpiritShield"],"picked":"Vault","floor":33.0},{"not_picked":["JustLucky+1","Pray+1","SashWhip+1"],"picked":"SKIP","floor":35.0},{"not_picked":["Worship","ClearTheMind","EmptyBody"],"picked":"SKIP","floor":36.0},{"not_picked":["Halt+1","Collect","Sanctity"],"picked":"SKIP","floor":39.0},{"not_picked":["Omniscience","Protect"],"picked":"MentalFortress","floor":41.0},{"not_picked":["ThirdEye+1","CutThroughFate","SignatureMove","Perseverance"],"picked":"SKIP","floor":44.0},{"not_picked":["DeceiveReality","EmptyBody","FlyingSleeves+1"],"picked":"WheelKick","floor":45.0},{"not_picked":["ClearTheMind+1","Halt","Worship"],"picked":"Wireheading","floor":46.0},{"not_picked":["Collect","FlyingSleeves+1","Crescendo+1","Perseverance"],"picked":"SKIP","floor":47.0},{"not_picked":["Collect","FlyingSleeves+1","Crescendo+1","Perseverance"],"picked":"SKIP","floor":47.0},{"not_picked":["Evaluate","CrushJoints","Prostrate","Meditate"],"picked":"SKIP","floor":55},{"not_picked":["Evaluate","CrushJoints","Prostrate"],"picked":"Meditate","floor":55}],"player_experience":1270133,"relics_obtained":[{"floor":4.0,"key":"Whetstone"},{"floor":7.0,"key":"Bag of Preparation"},{"floor":9.0,"key":"Omamori"},{"floor":12.0,"key":"Sundial"},{"floor":24.0,"key":"Pen Nib"},{"floor":29.0,"key":"Ancient Tea Set"},{"floor":41.0,"key":"Bird Faced Urn"},{"floor":43.0,"key":"Question Card"},{"floor":46.0,"key":"War Paint"},{"floor":55,"key":"InkBottle"}],"event_choices":[{"damage_healed":0.0,"max_hp_gain":0.0,"max_hp_loss":0.0,"gold_gain":0.0,"event_name":"Shining Light","player_choice":"Entered Light","floor":8.0,"gold_loss":0.0,"damage_taken":20.0,"cards_upgraded":["Wireheading","FollowUp"]},{"cards_removed":["Defend_P"],"damage_healed":0.0,"max_hp_gain":0.0,"max_hp_loss":0.0,"gold_gain":0.0,"event_name":"Purifier","player_choice":"Purged","floor":27.0,"gold_loss":0.0,"damage_taken":0.0},{"damage_healed":0.0,"max_hp_gain":0.0,"max_hp_loss":0.0,"gold_gain":0.0,"event_name":"Upgrade Shrine","player_choice":"Upgraded","floor":38.0,"gold_loss":0.0,"damage_taken":0.0,"cards_upgraded":["EmptyMind"]}],"is_beta":false,"boss_relics":[{"not_picked":["Pandora\u0027s Box","Empty Cage"],"picked":"VioletLotus"},{"not_picked":["Philosopher\u0027s Stone","SacredBark"],"picked":"Sozu"}],"items_purged_floors":[2,20,37,48],"is_endless":false,"potions_floor_spawned":[5,7,12,14,16,18,21,22,24,29,36,39,41,44],"killed_by":"The Heart","ascension_level":20}}