{"host":"1agqffaqtx5s6ju2","time":1613503448,"event":{"mods":["Aspiration","BaseMod","Better Third Choice","Block Reminder","Colored Map","Colored Powertips","Downfall","Highlight Path","Infinite Spire","Minty Spire (QoL Compilation)","Permanent Neow","Rare Cards Sparkle","Relic Sorter","Relic Stats","StSLib","SuperFastMode"],"gold_per_floor":[117,128,142,159,179,179,212,212,239,239,259,272,320,337,337,432,432,444,444,444,457,457,457,491,491,567,3,3,3,18,53,53,153,153,170,170,180,180,32,66,78,78,103,103,120,120,151,168,168,264,264,249,249,249,232,224,230,246,246,246,246,238,235,235,235,235,298,298,268,268,268,243,243,243,208,208,234,234,159,135,116,116,116,203,203,185,185,140,140,89,33,33,25,48,48,32,32,35,36,36,103,103,92,92,80,80,78,78,76,76,76,76,90,90,87,80,80,143,143,134,134,116,116,120,141,132,118,118,118,128,117,130,125,125,181,181,165,166,166,148,148,152,179,191,203,201,184,172,184,183,195,240,252,264,276,303,295],"floor_reached":158,"language":"ENG","playtime":13897,"items_purged":["Strike_G","Strike_G","Strike_G","Strike_G"],"score":4885,"play_id":"1ebd32e2-ea4e-4725-8efe-3c2a35de543e","local_time":"20210216212408","is_ascension_mode":true,"campfire_choices":[{"data":"Acrobatics","floor":6,"key":"SMITH"},{"data":"Corpse Explosion","floor":8,"key":"SMITH"},{"data":"Neutralize","floor":10,"key":"SMITH"},{"data":"Deflect","floor":15,"key":"SMITH"},{"data":"Prepared","floor":23,"key":"SMITH"},{"data":"Prepared","floor":25,"key":"SMITH"},{"data":"Outmaneuver","floor":28,"key":"SMITH"},{"data":"infinitespire:NeuralNetwork","floor":32,"key":"SMITH"},{"data":"Outmaneuver","floor":42,"key":"SMITH"},{"data":"Reflex","floor":44,"key":"SMITH"},{"data":"Corpse Explosion","floor":49,"key":"SMITH"},{"data":"Tactician","floor":59,"key":"SMITH"},{"data":"Finesse","floor":61,"key":"SMITH"},{"data":"Burst","floor":66,"key":"SMITH"},{"data":"infinitespire:UltimateForm","floor":74,"key":"SMITH"},{"data":"A Thousand Cuts","floor":78,"key":"SMITH"},{"data":"infinitespire:Starlight","floor":83,"key":"SMITH"},{"data":"Adrenaline","floor":92,"key":"SMITH"},{"data":"Acrobatics","floor":97,"key":"SMITH"},{"data":"Reflex","floor":100,"key":"SMITH"},{"data":"Blur","floor":108,"key":"SMITH"},{"data":"Backflip","floor":112,"key":"SMITH"},{"data":"Survivor","floor":114,"key":"SMITH"},{"data":"Escape Plan","floor":117,"key":"SMITH"},{"data":"After Image","floor":129,"key":"SMITH"},{"data":"Defend_G","floor":134,"key":"SMITH"},{"data":"Defend_G","floor":144,"key":"SMITH"},{"data":"Footwork","floor":149,"key":"SMITH"},{"floor":151,"key":"REST"},{"floor":154,"key":"REST"}],"circlet_count":0,"master_deck":["Defend_G+1","Defend_G+1","Defend_G+1","Defend_G+1","Survivor+1","Neutralize+1","Blur+1","Acrobatics+1","Backflip+1","Corpse Explosion+1","Outmaneuver+1","Deflect+1","Prepared+1","Prepared+1","Escape Plan+1","Outmaneuver+1","Finesse+1","Outmaneuver+1","infinitespire:NeuralNetwork+1","Footwork+1","Corpse Explosion+1","Tactician+1","Reflex+1","Catalyst+1","Caltrops+1","Burst+1","Tactician+1","Backflip+1","Reflex+1","A Thousand Cuts+1","infinitespire:UltimateForm+1","infinitespire:Starlight+1","Acrobatics+1","Blur+1","Adrenaline+1","Clumsy","downfall:Haunted","downfall:Haunted","Skewer+1","After Image+1","Injury","downfall:Aged","Decay","Footwork+1"],"relics":["Ring of the Snake","Kunai","Ice Cream","Pen Nib","infinitespire:Cupcake","Meat on the Bone","PreservedInsect","infinitespire:PuzzleCube","Smiling Mask","Pantograph","aspiration:FetidBarrel","aspiration:StickyExplosives_weak","Medical Kit","Bag of Preparation","Potion Belt","MealTicket","Sozu","Sling","Snake Skull","StoneCalendar","Boot","Cursed Key","aspiration:RitualStick","aspiration:VileToxins","infinitespire:Lucky Rock","aspiration:FrozenJewel","Philosopher\u0027s Stone","Molten Egg 2","Question Card","Vajra","Ornamental Fan","Happy Flower","Eternal Feather","HoveringKite","Anchor","infinitespire:Beetle Shell","Dream Catcher","aspiration:RitualDagger","Regal Pillow","Tiny Chest","infinitespire:FocusingShard","Red Mask","Paper Crane","Busted Crown","Tough Bandages","MawBank","War Paint","aspiration:HiddenCompartment","Omamori","Bag of Marbles","Calling Bell","Nunchaku","Mummified Hand","infinitespire:Golems Mask","aspiration:ChemicalBlood"],"acts_visited":["Exordium","TheCity","TheBeyond","Exordium","TheCity","TheBeyond","Exordium","TheCity","TheBeyond","TheEnding"],"potions_floor_usage":[7,7,7,16,24,33,33,41,47,47,50,50,50,50,50,101],"damage_taken":[{"damage":0,"enemies":"Cultist","floor":1,"turns":5},{"damage":1,"enemies":"2 Louse","floor":2,"turns":3},{"damage":0,"enemies":"Jaw Worm","floor":3,"turns":9},{"damage":5,"enemies":"2 Fungi Beasts","floor":4,"turns":8},{"damage":5,"enemies":"Gremlin Gang","floor":5,"turns":11},{"damage":7,"enemies":"Lagavulin","floor":7,"turns":10},{"damage":8,"enemies":"Large Slime","floor":11,"turns":4},{"damage":11,"enemies":"Exordium Thugs","floor":12,"turns":4},{"damage":0,"enemies":"Exordium Wildlife","floor":14,"turns":5},{"damage":26,"enemies":"The Guardian","floor":16,"turns":12},{"damage":0,"enemies":"3 Byrds","floor":18,"turns":3},{"damage":0,"enemies":"Shell Parasite","floor":21,"turns":8},{"damage":10,"enemies":"Slavers","floor":24,"turns":2},{"damage":0,"enemies":"Centurion and Healer","floor":30,"turns":6},{"damage":5,"enemies":"Nightmare","floor":31,"turns":9},{"damage":0,"enemies":"Automaton","floor":33,"turns":11},{"damage":4,"enemies":"Orb Walker","floor":35,"turns":6},{"damage":0,"enemies":"3 Darklings","floor":37,"turns":4},{"damage":6,"enemies":"Nemesis","floor":40,"turns":7},{"damage":9,"enemies":"Writhing Mass","floor":41,"turns":7},{"damage":0,"enemies":"Spire Growth","floor":45,"turns":4},{"damage":1,"enemies":"Reptomancer","floor":47,"turns":6},{"damage":22,"enemies":"Transient","floor":48,"turns":5},{"damage":5,"enemies":"infinitespire:MassOfShapes","floor":50,"turns":9},{"damage":14,"enemies":"Jaw Worm","floor":52,"turns":3},{"damage":0,"enemies":"Cultist","floor":55,"turns":4},{"damage":10,"enemies":"2 Louse","floor":56,"turns":3},{"damage":0,"enemies":"Gremlin Nob","floor":57,"turns":3},{"damage":0,"enemies":"Blue Slaver","floor":58,"turns":1},{"damage":0,"enemies":"Large Slime","floor":62,"turns":2},{"damage":0,"enemies":"Looter","floor":63,"turns":2},{"damage":0,"enemies":"Lagavulin","floor":64,"turns":3},{"damage":28,"enemies":"Hexaghost","floor":67,"turns":4},{"damage":0,"enemies":"Chosen","floor":69,"turns":4},{"damage":2,"enemies":"Shell Parasite","floor":72,"turns":3},{"damage":0,"enemies":"Book of Stabbing","floor":75,"turns":5},{"damage":16,"enemies":"Nightmare","floor":80,"turns":5},{"damage":0,"enemies":"Snecko","floor":81,"turns":2},{"damage":0,"enemies":"Automaton","floor":84,"turns":1},{"damage":0,"enemies":"3 Shapes","floor":86,"turns":3},{"damage":0,"enemies":"Orb Walker","floor":88,"turns":4},{"damage":0,"enemies":"Writhing Mass","floor":90,"turns":5},{"damage":0,"enemies":"Giant Head","floor":91,"turns":5},{"damage":30,"enemies":"Reptomancer","floor":93,"turns":3},{"damage":45,"enemies":"Giant Head","floor":96,"turns":6},{"damage":23,"enemies":"Nemesis","floor":98,"turns":3},{"damage":0,"enemies":"Jaw Worm Horde","floor":99,"turns":2},{"damage":56,"enemies":"Donu and Deca","floor":101,"turns":5},{"damage":0,"enemies":"Cultist","floor":103,"turns":2},{"damage":11,"enemies":"Jaw Worm","floor":105,"turns":3},{"damage":0,"enemies":"2 Louse","floor":107,"turns":2},{"damage":0,"enemies":"Gremlin Nob","floor":109,"turns":2},{"damage":0,"enemies":"3 Sentries","floor":113,"turns":3},{"damage":0,"enemies":"Lagavulin","floor":115,"turns":4},{"damage":0,"enemies":"2 Fungi Beasts","floor":116,"turns":2},{"damage":0,"enemies":"Slime Boss","floor":118,"turns":3},{"damage":12,"enemies":"2 Thieves","floor":120,"turns":4},{"damage":12,"enemies":"Chosen","floor":122,"turns":4},{"damage":9,"enemies":"Snecko","floor":124,"turns":3},{"damage":3,"enemies":"Slavers","floor":125,"turns":1},{"damage":6,"enemies":"Chosen and Byrds","floor":126,"turns":2},{"damage":12,"enemies":"Book of Stabbing","floor":127,"turns":4},{"damage":9,"enemies":"Masked Bandits","floor":130,"turns":3},{"damage":6,"enemies":"3 Cultists","floor":131,"turns":2},{"damage":47,"enemies":"Slavers","floor":132,"turns":2},{"damage":9,"enemies":"Snecko","floor":133,"turns":3},{"damage":15,"enemies":"Champ","floor":135,"turns":5},{"damage":9,"enemies":"3 Shapes","floor":137,"turns":3},{"damage":6,"enemies":"3 Darklings","floor":138,"turns":2},{"damage":39,"enemies":"Writhing Mass","floor":140,"turns":3},{"damage":42,"enemies":"Nemesis","floor":142,"turns":3},{"damage":15,"enemies":"Giant Head","floor":146,"turns":5},{"damage":15,"enemies":"Maw","floor":147,"turns":5},{"damage":41,"enemies":"Nemesis","floor":148,"turns":5},{"damage":18,"enemies":"Reptomancer","floor":150,"turns":4},{"damage":19,"enemies":"infinitespire:MassOfShapes","floor":152,"turns":6},{"damage":6,"enemies":"Shield and Spear","floor":156,"turns":2},{"damage":86,"enemies":"The Heart","floor":157,"turns":9}],"seed_played":"-4399564718564047940","potions_obtained":[{"floor":3,"key":"Poison Potion"},{"floor":4,"key":"AttackPotion"},{"floor":5,"key":"SteroidPotion"},{"floor":11,"key":"Ancient Potion"},{"floor":16,"key":"bronze:BurnAndBuffPotion"},{"floor":21,"key":"Explosive Potion"},{"floor":24,"key":"PowerPotion"},{"floor":31,"key":"GamblersBrew"},{"floor":33,"key":"Poison Potion"},{"floor":37,"key":"Fire Potion"},{"floor":40,"key":"EntropicBrew"},{"floor":48,"key":"Weak Potion"},{"floor":50,"key":"SteroidPotion"}],"is_trial":false,"path_per_floor":["M","M","M","M","M","R","E","R","T","R","M","M","T","M","R","B",null,"M","AVR","?","M","?","R","E","R","T","$","R","?","M","NM","R","B",null,"M","AVR","M","?","$","E","M","R","T","R","M","?","E","M","R","B",null,"M","AVR","?","M","M","E","M","R","T","R","M","M","E","?","R","B",null,"M","?","?","M","?","R","E","$","T","R","?","NM","M","AVR","R","B",null,"M","?","M","?","M","E","R","E","T","T","E","R","E","M","R","B",null,"M","?","M","?","M","R","E","?","T","R","E","R","E","M","R","B",null,"M","?","M","$","M","E","M","E","T","R","?","M","E","M","R","B",null,"M","M","?","M","?","E","T","R","T","E","M","E","R","E","R","B",null,"R","$","E","B",null],"character_chosen":"THE_SILENT","items_purchased":["Escape Plan","Ice Cream","Outmaneuver","Finesse","Medical Kit"],"campfire_rested":2,"item_purchase_floors":[27,27,27,27,39],"current_hp_per_floor":[70,69,69,64,59,59,52,52,52,52,44,45,45,45,45,31,70,70,70,64,64,64,64,54,54,54,54,54,54,54,49,49,70,70,66,66,66,66,66,60,51,51,51,51,51,51,50,40,40,60,70,56,56,56,56,46,46,46,46,46,46,46,46,46,46,46,42,70,70,56,39,37,37,37,37,52,52,52,52,36,46,46,46,70,70,70,70,70,70,70,70,70,55,55,55,37,37,41,56,70,41,70,70,75,75,75,75,75,75,75,75,75,75,75,75,75,75,75,75,69,69,57,72,63,75,69,66,66,75,66,75,40,46,70,69,75,66,75,75,51,75,39,39,63,63,63,63,49,73,55,75,56,75,75,75,69,75],"gold":307,"neow_bonus":"REMOVE_CARD","is_daily":false,"chose_seed":false,"campfire_upgraded":28,"win_rate":0.0,"timestamp":1613503448,"path_taken":["M","M","?","M","M","R","E","R","T","R","M","M","?","M","R","BOSS","M","AVR","?","?","?","R","E","R","T","$","R","?","?","NM","R","BOSS","M","AVR","M","?","$","E","M","R","T","R","M","?","E","?","R","BOSS","M","AVR","?","?","M","E","M","R","T","R","M","M","E","?","R","BOSS","M","?","?","M","?","R","E","$","T","R","?","NM","?","AVR","R","BOSS","M","?","?","?","M","E","R","E","T","?","E","R","E","M","R","BOSS","M","?","M","?","M","R","E","?","T","R","E","R","E","M","R","BOSS","M","?","M","?","?","E","M","E","T","R","?","M","E","M","R","BOSS","M","M","?","M","?","E","?","R","T","E","?","E","R","E","R","BOSS","R","$","E","BOSS"],"items_purchased_type":["Card","Relic","Card","Card","Relic"],"build_version":"2020-12-13","purchased_purges":4,"victory":true,"max_hp_per_floor":[70,70,70,70,70,70,70,70,70,70,70,70,70,70,70,70,70,70,70,70,70,70,70,70,70,70,70,70,70,70,70,70,70,70,70,70,70,70,70,70,70,70,70,70,70,70,70,70,70,70,70,70,70,70,70,70,70,70,70,70,70,70,70,70,70,70,70,70,70,70,70,70,70,70,70,70,70,70,70,70,70,70,70,70,70,70,70,70,70,70,70,70,70,70,70,70,70,70,70,70,70,70,70,75,75,75,75,75,75,75,75,75,75,75,75,75,75,75,75,75,75,75,75,75,75,75,75,75,75,75,75,75,75,75,75,75,75,75,75,75,75,75,75,75,75,75,75,75,75,75,75,75,75,75,75,75,75],"relic_stats":{"Regal Pillow":0,"HoveringKite":[73],"StoneCalendar":[0],"Snake Skull":[634],"Bag of Preparation":[118],"Smiling Mask":25,"Boot":[78],"Cursed Key":7,"aspiration:RitualStick":[0],"Sozu":25,"Dream Catcher":2,"Tough Bandages":[309],"Nunchaku":[0],"Mummified Hand":[10],"Pantograph":105,"MealTicket":30,"Tiny Chest":1,"Kunai":[1],"Ring of the Snake":[156],"Happy Flower":[37],"counters":[78,339],"Eternal Feather":115,"Pen Nib":[16],"PreservedInsect":2053,"War Paint":["Defend_G","Defend_G"],"Medical Kit":[45],"Question Card":50,"MawBank":180,"Busted Crown":40,"Ornamental Fan":[4],"obtain_stats":[{"Ice Cream":27,"Vajra":94,"HoveringKite":102,"Sling":53,"Boot":64,"aspiration:RitualStick":70,"Sozu":51,"MealTicket":47,"Philosopher\u0027s Stone":85,"infinitespire:Golems Mask":153,"Kunai":115,"Happy Flower":96,"Eternal Feather":98,"Pen Nib":31,"infinitespire:Beetle Shell":111,"Paper Crane":132,"War Paint":145,"Question Card":93,"aspiration:HiddenCompartment":146,"aspiration:FrozenJewel":80,"Molten Egg 2":91,"infinitespire:PuzzleCube":13,"Meat on the Bone":7,"infinitespire:Cupcake":17,"Regal Pillow":125,"StoneCalendar":60,"Snake Skull":57,"Bag of Preparation":40,"Smiling Mask":19,"Cursed Key":68,"aspiration:StickyExplosives_weak":36,"Dream Catcher":113,"Tough Bandages":142,"Nunchaku":153,"Mummified Hand":153,"Pantograph":24,"Tiny Chest":127,"Red Mask":130,"Ring of the Snake":0,"aspiration:ChemicalBlood":156,"Potion Belt":43,"aspiration:VileToxins":75,"aspiration:FetidBarrel":26,"PreservedInsect":9,"infinitespire:FocusingShard":128,"Omamori":148,"infinitespire:Lucky Rock":77,"Medical Kit":39,"MawBank":143,"Calling Bell":153,"Anchor":109,"Busted Crown":136,"Ornamental Fan":95,"Bag of Marbles":150,"aspiration:RitualDagger":119},{"Ice Cream":13,"Vajra":44,"HoveringKite":48,"Sling":25,"Boot":32,"aspiration:RitualStick":34,"Sozu":24,"MealTicket":22,"Philosopher\u0027s Stone":39,"infinitespire:Golems Mask":76,"Kunai":54,"Happy Flower":45,"Eternal Feather":46,"Pen Nib":15,"infinitespire:Beetle Shell":52,"Paper Crane":65,"War Paint":71,"Question Card":44,"aspiration:HiddenCompartment":72,"aspiration:FrozenJewel":37,"Molten Egg 2":43,"infinitespire:PuzzleCube":8,"Meat on the Bone":6,"infinitespire:Cupcake":10,"Regal Pillow":60,"StoneCalendar":29,"Snake Skull":28,"Bag of Preparation":19,"Smiling Mask":11,"Cursed Key":33,"aspiration:StickyExplosives_weak":17,"Dream Catcher":53,"Tough Bandages":71,"Nunchaku":76,"Mummified Hand":76,"Pantograph":13,"Tiny Chest":62,"Red Mask":63,"Ring of the Snake":0,"aspiration:ChemicalBlood":77,"Potion Belt":20,"aspiration:VileToxins":36,"aspiration:FetidBarrel":13,"PreservedInsect":6,"infinitespire:FocusingShard":62,"Omamori":74,"infinitespire:Lucky Rock":36,"Medical Kit":18,"MawBank":71,"Calling Bell":76,"Anchor":52,"Busted Crown":67,"Ornamental Fan":44,"Bag of Marbles":75,"aspiration:RitualDagger":56},{"Ice Cream":84,"Vajra":223,"HoveringKite":239,"Sling":161,"Boot":179,"aspiration:RitualStick":187,"Sozu":158,"MealTicket":144,"Philosopher\u0027s Stone":203,"infinitespire:Golems Mask":328,"Kunai":255,"Happy Flower":229,"Eternal Feather":232,"Pen Nib":99,"infinitespire:Beetle Shell":248,"Paper Crane":285,"War Paint":303,"Question Card":223,"aspiration:HiddenCompartment":308,"aspiration:FrozenJewel":200,"Molten Egg 2":220,"infinitespire:PuzzleCube":54,"Meat on the Bone":46,"infinitespire:Cupcake":71,"Regal Pillow":272,"StoneCalendar":172,"Snake Skull":171,"Bag of Preparation":127,"Smiling Mask":74,"Cursed Key":183,"aspiration:StickyExplosives_weak":116,"Dream Catcher":251,"Tough Bandages":303,"Nunchaku":328,"Mummified Hand":328,"Pantograph":84,"Tiny Chest":278,"Red Mask":281,"Ring of the Snake":0,"aspiration:ChemicalBlood":330,"Potion Belt":134,"aspiration:VileToxins":195,"aspiration:FetidBarrel":84,"PreservedInsect":46,"infinitespire:FocusingShard":278,"Omamori":318,"infinitespire:Lucky Rock":195,"Medical Kit":120,"MawBank":303,"Calling Bell":328,"Anchor":248,"Busted Crown":292,"Ornamental Fan":223,"Bag of Marbles":322,"aspiration:RitualDagger":260}],"Meat on the Bone":96},"card_choices":[{"not_picked":["Tactician","Underhanded Strike"],"picked":"Blur","floor":1},{"not_picked":["PiercingWail","Blade Dance"],"picked":"Acrobatics","floor":2},{"not_picked":["Slice","Dagger Spray","Poisoned Stab"],"picked":"SKIP","floor":3},{"not_picked":["PiercingWail","Underhanded Strike","Slice"],"picked":"SKIP","floor":4},{"not_picked":["Flying Knee","Poisoned Stab"],"picked":"Backflip","floor":5},{"not_picked":["Phantasmal Killer","Riddle With Holes"],"picked":"Corpse Explosion","floor":7},{"not_picked":["Choke","Slice"],"picked":"Outmaneuver","floor":11},{"not_picked":["Flying Knee","Distraction"],"picked":"Deflect","floor":12},{"not_picked":["Deadly Poison","PiercingWail","Outmaneuver"],"picked":"SKIP","floor":14},{"not_picked":["Masterful Stab","Finisher"],"picked":"Prepared","floor":18},{"not_picked":["All Out Attack","Crippling Poison","Terror"],"picked":"SKIP","floor":21},{"not_picked":["Blade Dance","Expertise","Underhanded Strike+1"],"picked":"SKIP","floor":24},{"not_picked":["Blade Dance","Expertise","Underhanded Strike+1"],"picked":"SKIP","floor":24},{"not_picked":["All Out Attack+1","Slice"],"picked":"Outmaneuver+1","floor":30},{"not_picked":["infinitespire:Oblivion","infinitespire:Starlight"],"picked":"infinitespire:NeuralNetwork","floor":31},{"not_picked":["Finisher","Dodge and Roll"],"picked":"Footwork+1","floor":31},{"not_picked":["infinitespire:Neurotoxin","Envenom"],"picked":"Corpse Explosion","floor":33},{"not_picked":["Quick Slash+1","Deadly Poison"],"picked":"Tactician+1","floor":35},{"not_picked":["Crippling Poison+1","Calculated Gamble+1"],"picked":"Reflex","floor":37},{"not_picked":["Blade Dance","Dodge and Roll+1","Terror+1"],"picked":"SKIP","floor":40},{"not_picked":["Dagger Spray+1","PiercingWail"],"picked":"Catalyst+1","floor":41},{"not_picked":["Flechettes","Slice"],"picked":"Caltrops+1","floor":45},{"not_picked":["Well Laid Plans+1","Poisoned Stab+1","Backstab"],"picked":"SKIP","floor":47},{"not_picked":["PiercingWail+1","Flying Knee","Outmaneuver"],"picked":"SKIP","floor":48},{"not_picked":["Corpse Explosion","Night Terror"],"picked":"Burst","floor":50},{"not_picked":["Flechettes","Acrobatics"],"picked":"Tactician","floor":52},{"not_picked":["Quick Slash","All Out Attack","Dodge and Roll"],"picked":"SKIP","floor":55},{"not_picked":["Dodge and Roll","Outmaneuver","Dagger Spray"],"picked":"SKIP","floor":56},{"not_picked":["Phantasmal Killer","Riddle With Holes","Flying Knee"],"picked":"SKIP","floor":57},{"not_picked":["Phantasmal Killer","Riddle With Holes","Flying Knee"],"picked":"SKIP","floor":57},{"not_picked":["Catalyst","Dash"],"picked":"Backflip","floor":58},{"not_picked":["Outmaneuver","Choke"],"picked":"Reflex","floor":62},{"not_picked":["PiercingWail","Underhanded Strike","Flechettes"],"picked":"SKIP","floor":63},{"not_picked":["Expertise","Blade Dance","Sucker Punch"],"picked":"SKIP","floor":64},{"not_picked":["Burst","Wraith Form v2"],"picked":"A Thousand Cuts","floor":67},{"not_picked":["Slice","Skewer","Outmaneuver+1"],"picked":"SKIP","floor":69},{"not_picked":["infinitespire:TheBestDefense","infinitespire:Oblivion"],"picked":"infinitespire:UltimateForm","floor":71},{"not_picked":["Deadly Poison","Blade Dance","Infinite Blades+1"],"picked":"SKIP","floor":72},{"not_picked":["Outmaneuver","Finisher","Sucker Punch+1"],"picked":"SKIP","floor":75},{"not_picked":["infinitespire:DeathsTouch","infinitespire:Oblivion"],"picked":"infinitespire:Starlight","floor":80},{"not_picked":["Backflip","Flechettes+1"],"picked":"Acrobatics","floor":80},{"not_picked":["Bullet Time","Bane"],"picked":"Blur+1","floor":81},{"not_picked":["Tools of the Trade","Unload"],"picked":"Adrenaline","floor":84},{"not_picked":["Underhanded Strike","Slice+1","Catalyst+1"],"picked":"SKIP","floor":86},{"not_picked":["Poisoned Stab+1","Sucker Punch+1","Dagger Spray"],"picked":"SKIP","floor":88},{"not_picked":["Terror+1","PiercingWail","All Out Attack+1"],"picked":"SKIP","floor":90},{"not_picked":["Endless Agony+1","Prepared","After Image"],"picked":"SKIP","floor":91},{"not_picked":["Footwork","Escape Plan","Malaise"],"picked":"SKIP","floor":93},{"not_picked":["Dodge and Roll","Blade Dance","Deadly Poison+1","Predator+1"],"picked":"SKIP","floor":96},{"not_picked":["Quick Slash+1","Deflect","Catalyst+1","Outmaneuver+1"],"picked":"SKIP","floor":98},{"not_picked":["Dagger Throw+1","Prepared+1","Underhanded Strike+1","Caltrops+1"],"picked":"SKIP","floor":99},{"not_picked":["Quick Slash+1","Catalyst","Underhanded Strike+1","Blade Dance"],"picked":"SKIP","floor":103},{"not_picked":["Noxious Fumes","Blur","Escape Plan","Backflip"],"picked":"SKIP","floor":105},{"not_picked":["Crippling Poison","Dagger Throw+1","Bullet Time","Eviscerate+1"],"picked":"SKIP","floor":107},{"not_picked":["Crippling Poison","Dagger Spray+1","Poisoned Stab+1","Tools of the Trade"],"picked":"SKIP","floor":109},{"not_picked":["Leg Sweep","Distraction","PiercingWail","Finisher+1"],"picked":"SKIP","floor":113},{"not_picked":["Underhanded Strike+1","Flechettes+1","Leg Sweep"],"picked":"Skewer+1","floor":115},{"not_picked":["Deflect","Riddle With Holes+1","PiercingWail","Prepared"],"picked":"SKIP","floor":116},{"not_picked":["Envenom","Venomology","Tools of the Trade"],"picked":"After Image","floor":118},{"not_picked":["Poisoned Stab+1","All Out Attack+1","Backflip","Underhanded Strike+1"],"picked":"SKIP","floor":120},{"not_picked":["Noxious Fumes","Dagger Spray+1","Deadly Poison","PiercingWail"],"picked":"SKIP","floor":122},{"not_picked":["Backflip","Poisoned Stab+1","Caltrops+1","Dagger Spray+1"],"picked":"SKIP","floor":124},{"not_picked":["PiercingWail","Reflex","Phantasmal Killer","Prepared"],"picked":"SKIP","floor":125},{"not_picked":["Sucker Punch+1","Underhanded Strike+1","Bane+1","Acrobatics"],"picked":"SKIP","floor":126},{"not_picked":["PiercingWail","Underhanded Strike+1","Deadly Poison","Finisher+1"],"picked":"SKIP","floor":127},{"not_picked":["Dagger Spray+1","Skewer+1","Underhanded Strike+1","Outmaneuver"],"picked":"SKIP","floor":131},{"not_picked":["Dagger Spray+1","Skewer+1","Underhanded Strike+1","Outmaneuver"],"picked":"SKIP","floor":131},{"not_picked":["Heel Hook+1","Eviscerate+1","Leg Sweep","Endless Agony+1"],"picked":"SKIP","floor":132},{"not_picked":["Tactician","Dash+1","Sucker Punch+1"],"picked":"Riddle With Holes+1","floor":133},{"not_picked":["Dodge and Roll","Dash+1"],"picked":"SKIP","floor":137},{"not_picked":["Eviscerate+1","PiercingWail+1"],"picked":"SKIP","floor":138},{"not_picked":["PiercingWail","Quick Slash+1"],"picked":"SKIP","floor":140},{"not_picked":["aspiration:Lunge+1","Dagger Throw+1"],"picked":"SKIP","floor":142},{"not_picked":["Riddle With Holes+1"],"picked":"Footwork","floor":146},{"not_picked":["Sucker Punch+1","Wraith Form v2"],"picked":"SKIP","floor":147},{"not_picked":["Leg Sweep+1","Dagger Throw+1"],"picked":"SKIP","floor":148},{"not_picked":["Poisoned Stab+1","Deflect+1"],"picked":"SKIP","floor":150},{"not_picked":["Slice+1","Caltrops"],"picked":"SKIP","floor":156}],"player_experience":27625,"relics_obtained":[{"floor":7,"key":"Meat on the Bone"},{"floor":9,"key":"PreservedInsect"},{"floor":13,"key":"infinitespire:PuzzleCube"},{"floor":24,"key":"Pantograph"},{"floor":26,"key":"aspiration:FetidBarrel"},{"floor":31,"key":"Pen Nib"},{"floor":40,"key":"Bag of Preparation"},{"floor":43,"key":"Potion Belt"},{"floor":47,"key":"MealTicket"},{"floor":57,"key":"Snake Skull"},{"floor":60,"key":"StoneCalendar"},{"floor":64,"key":"Boot"},{"floor":75,"key":"aspiration:VileToxins"},{"floor":77,"key":"infinitespire:Lucky Rock"},{"floor":80,"key":"aspiration:FrozenJewel"},{"floor":91,"key":"Molten Egg 2"},{"floor":93,"key":"Question Card"},{"floor":94,"key":"Vajra"},{"floor":95,"key":"Ornamental Fan"},{"floor":96,"key":"Happy Flower"},{"floor":98,"key":"Eternal Feather"},{"floor":109,"key":"Anchor"},{"floor":111,"key":"infinitespire:Beetle Shell"},{"floor":113,"key":"Dream Catcher"},{"floor":115,"key":"Kunai"},{"floor":125,"key":"Regal Pillow"},{"floor":127,"key":"Tiny Chest"},{"floor":128,"key":"infinitespire:FocusingShard"},{"floor":130,"key":"Red Mask"},{"floor":132,"key":"Paper Crane"},{"floor":142,"key":"Tough Bandages"},{"floor":143,"key":"MawBank"},{"floor":145,"key":"War Paint"},{"floor":146,"key":"aspiration:HiddenCompartment"},{"floor":148,"key":"Omamori"},{"floor":150,"key":"Bag of Marbles"},{"floor":153,"key":"Nunchaku"},{"floor":153,"key":"Mummified Hand"},{"floor":153,"key":"infinitespire:Golems Mask"},{"floor":156,"key":"aspiration:ChemicalBlood"}],"event_choices":[{"damage_healed":0,"gold_gain":0,"player_choice":"","damage_taken":6,"max_hp_gain":0,"max_hp_loss":0,"event_name":"Knowing Skull","floor":20,"potions_obtained":[],"gold_loss":0,"cards_obtained":[]},{"damage_healed":0,"gold_gain":0,"player_choice":"Read","damage_taken":0,"max_hp_gain":0,"max_hp_loss":0,"event_name":"The Library","floor":22,"gold_loss":0,"cards_obtained":["Prepared"]},{"damage_healed":0,"gold_gain":0,"player_choice":"Memory 1","damage_taken":0,"max_hp_gain":0,"max_hp_loss":0,"event_name":"SensoryStone","floor":38,"gold_loss":0},{"damage_healed":0,"gold_gain":0,"player_choice":"0 cards matched","damage_taken":0,"max_hp_gain":0,"max_hp_loss":0,"event_name":"Match and Keep!","floor":46,"gold_loss":0,"cards_obtained":[]},{"damage_healed":0,"gold_gain":0,"player_choice":"Ignored","damage_taken":0,"max_hp_gain":0,"max_hp_loss":0,"event_name":"Transmorgrifier","floor":54,"gold_loss":0},{"damage_healed":0,"gold_gain":0,"player_choice":"Ignored","damage_taken":235,"max_hp_gain":0,"max_hp_loss":0,"event_name":"betterThird:BetterSerpent","floor":65,"gold_loss":0},{"damage_healed":0,"gold_gain":0,"player_choice":"Ignored","damage_taken":0,"max_hp_gain":0,"max_hp_loss":0,"event_name":"Ghosts","floor":73,"gold_loss":0},{"cards_removed":["downfall:Malfunctioning"],"damage_healed":0,"gold_gain":0,"player_choice":"Gave Gold","damage_taken":0,"max_hp_gain":0,"max_hp_loss":0,"event_name":"Beggar","floor":79,"gold_loss":75},{"cards_removed":["Defend_G"],"damage_healed":0,"gold_gain":0,"player_choice":"Offered Basic","damage_taken":0,"max_hp_gain":0,"max_hp_loss":0,"event_name":"Bonfire Elementals","floor":87,"gold_loss":0},{"damage_healed":0,"gold_gain":0,"player_choice":"Ignored","damage_taken":0,"max_hp_gain":0,"max_hp_loss":0,"event_name":"Tomb of Lord Red Mask","floor":89,"gold_loss":0},{"damage_healed":0,"gold_gain":0,"player_choice":"Donut","damage_taken":0,"max_hp_gain":5,"max_hp_loss":0,"event_name":"Big Fish","floor":104,"gold_loss":0},{"damage_healed":0,"gold_gain":0,"player_choice":"Ignored","damage_taken":0,"max_hp_gain":0,"max_hp_loss":0,"event_name":"Golden Wing","floor":110,"gold_loss":0},{"damage_healed":0,"gold_gain":0,"player_choice":"Ignored","damage_taken":0,"max_hp_gain":0,"max_hp_loss":0,"event_name":"WeMeetAgain","floor":121,"gold_loss":0},{"damage_healed":0,"gold_gain":0,"player_choice":"Fought Bandits","damage_taken":0,"max_hp_gain":0,"max_hp_loss":0,"event_name":"Masked Bandits","floor":130,"gold_loss":0},{"damage_healed":0,"gold_gain":0,"player_choice":"Memory 1","damage_taken":0,"max_hp_gain":0,"max_hp_loss":0,"event_name":"SensoryStone","floor":139,"gold_loss":0},{"cards_removed":["Riddle With Holes"],"damage_healed":24,"gold_gain":0,"player_choice":"Offered Uncommon","damage_taken":0,"max_hp_gain":0,"max_hp_loss":0,"event_name":"Bonfire Elementals","floor":141,"gold_loss":0}],"is_beta":false,"boss_relics":[{"not_picked":["Ring of the Serpent","SacredBark"],"picked":"infinitespire:Cupcake"},{"not_picked":["aspiration:PoetsPen_weak","bronze:MakeshiftBattery","aspiration:WatcherSkillbook"]},{"not_picked":["SlaversCollar","Velvet Choker"],"picked":"Sozu"},{"not_picked":["Runic Dome","SacredBark"],"picked":"Cursed Key"},{"not_picked":["Snecko Eye","aspiration:DefectSkillbook"],"picked":"Philosopher\u0027s Stone"},{"not_picked":["Black Star","aspiration:IroncladSkillbook"],"picked":"HoveringKite"},{"not_picked":["WristBlade","SacredBark"],"picked":"aspiration:RitualDagger"},{"not_picked":["aspiration:SecretTechniqueScroll","SlaversCollar"],"picked":"Busted Crown"},{"not_picked":["bronze:MakeshiftBattery","Black Star"],"picked":"Calling Bell"}],"items_purged_floors":[19,27,36,53],"is_endless":true,"potions_floor_spawned":[3,4,5,11,16,21,24,31,33,37,40,48,50,58,62,63,75,84,86,90,99,101,103,107,109,115,120,122,127,132,133,135,140,146,148,150,156,157],"ascension_level":1}}