{"host":"qj2ynjh122p6ybyd","time":1613477127,"event":{"mods":["AchievementEnabler","Aspiration","BaseMod","Better Match","Better Note","Highlight Path","Infinite Spire","Minty Spire (QoL Compilation)","Quick Restart","Relic Stats","Reliquary","Replay The Spire","StSLib","SuperFastMode","The Blackbeard","The Gatherer"],"gold_per_floor":[111,186,199,199,349,384,384,403,403,403,403,416,416,429,429,429,429],"floor_reached":16,"language":"RUS","playtime":279,"items_purged":[],"score":175,"play_id":"341e5820-10dd-4140-b85f-a2f4551253a8","local_time":"20210216140527","is_ascension_mode":true,"campfire_choices":[{"floor":7,"key":"REST"},{"floor":11,"key":"REST"},{"floor":15,"key":"REST"}],"circlet_count":0,"master_deck":["AscendersBane","Strike_B","Strike_B","Strike_B","Strike_B","Defend_B","Defend_B","Defend_B","Defend_B","Zap","Dualcast","Rip and Tear+1","Doubt","Barricade","Steam","Coolheaded","Buffer"],"relics":["Burning Blood","aspiration:Nostalgia","Iron Core","Solar Panel","reliquary:Conveyor","Cables","infinitespire:Cubic Diamond"],"acts_visited":["Exordium"],"potions_floor_usage":[16,16],"damage_taken":[{"damage":7,"enemies":"2 Louse","floor":1,"turns":2},{"damage":2,"enemies":"Jaw Worm","floor":3,"turns":3},{"damage":31,"enemies":"Gremlin Nob","floor":6,"turns":4},{"damage":0,"enemies":"Small Slimes","floor":8,"turns":3},{"damage":13,"enemies":"Blue Slaver","floor":12,"turns":3},{"damage":14,"enemies":"3 Louse","floor":14,"turns":4},{"damage":70,"enemies":"Fading Forest","floor":16,"turns":7}],"seed_played":"1234121348906115706","potions_obtained":[{"floor":6,"key":"Elixir"},{"floor":8,"key":"Energy Potion"}],"is_trial":false,"path_per_floor":["M","?","M","?","?","E","R","M","T","?","R","M","?","M","R","B"],"character_chosen":"DEFECT","items_purchased":[],"campfire_rested":3,"item_purchase_floors":[],"current_hp_per_floor":[57,46,44,44,44,13,34,34,34,34,55,44,44,38,59,0,0],"gold":429,"neow_bonus":"NOSTALGIA","is_daily":false,"chose_seed":false,"campfire_upgraded":0,"win_rate":0.0,"timestamp":1613477127,"path_taken":["M","?","M","?","?","E","R","?","T","?","R","M","?","?","R","BOSS"],"items_purchased_type":[],"build_version":"2020-12-22","purchased_purges":0,"victory":false,"max_hp_per_floor":[71,71,71,71,71,71,71,71,71,71,71,71,71,71,71,71,71],"relic_stats":{"counters":[7,26],"obtain_stats":[{"Solar Panel":6,"reliquary:Conveyor":9,"Iron Core":0,"aspiration:Nostalgia":0,"infinitespire:Cubic Diamond":13,"Cracked Core":0,"Burning Blood":13,"Cables":10},{"Solar Panel":3,"reliquary:Conveyor":4,"Iron Core":0,"aspiration:Nostalgia":0,"infinitespire:Cubic Diamond":5,"Cracked Core":0,"Burning Blood":5,"Cables":4},{"Solar Panel":9,"reliquary:Conveyor":12,"Iron Core":0,"aspiration:Nostalgia":0,"infinitespire:Cubic Diamond":15,"Cracked Core":0,"Burning Blood":15,"Cables":12}],"Burning Blood":6,"Cables":[4,3,1,0,0]},"card_choices":[{"not_picked":["Beam Cell","Anger"],"picked":"Rip and Tear","floor":1},{"not_picked":["Recycle","Panic Button","Anger"],"picked":"SKIP","floor":3},{"not_picked":["Heavy Blade","Fusion"],"picked":"Barricade","floor":6},{"not_picked":["Compile Driver","Gash"],"picked":"Steam","floor":8},{"not_picked":["Panic Button","Heavy Blade"],"picked":"Coolheaded","floor":12},{"not_picked":["Clash","Whirlwind"],"picked":"Buffer","floor":14}],"player_experience":388744,"relics_obtained":[{"floor":6,"key":"Solar Panel"},{"floor":9,"key":"reliquary:Conveyor"}],"event_choices":[{"damage_healed":0,"gold_gain":75,"player_choice":"Gather Gold","damage_taken":11,"max_hp_gain":0,"max_hp_loss":0,"event_name":"World of Goop","floor":2,"gold_loss":0},{"damage_healed":0,"gold_gain":0,"player_choice":"Grow","damage_taken":0,"max_hp_gain":0,"max_hp_loss":0,"event_name":"Living Wall","floor":4,"gold_loss":0,"cards_upgraded":["Rip and Tear"]},{"damage_healed":0,"gold_gain":150,"player_choice":"AGREE","damage_taken":0,"max_hp_gain":0,"max_hp_loss":0,"event_name":"Liars Game","floor":5,"gold_loss":0,"cards_obtained":["Doubt"]},{"damage_healed":0,"gold_gain":0,"player_choice":"Searched \u00271\u0027 times","damage_taken":0,"relics_obtained":["Cables"],"max_hp_gain":0,"max_hp_loss":0,"event_name":"Dead Adventurer","floor":10,"gold_loss":0}],"is_beta":false,"boss_relics":[],"items_purged_floors":[],"is_endless":false,"potions_floor_spawned":[6,8],"killed_by":"Fading Forest","ascension_level":15}}