{"host":"syfsfjmzue8y1a6l","time":1613458448,"event":{"mods":["AchievementEnabler","BaseMod","Colored Map","DeckTracker","Minty Spire (QoL Compilation)","Permanent Neow","SuperFastMode"],"gold_per_floor":[111,57,132,145,159,187,187,207,207,220,250,262,274,290,290,386,386,401,223,241,261,274,299,147,147,147,157,157,157],"floor_reached":28,"language":"KOR","playtime":1958,"items_purged":["Defend_P","Strike_P"],"score":331,"play_id":"45eb5017-7815-4aba-bff9-29918d766f38","local_time":"20210216155408","is_ascension_mode":false,"campfire_choices":[{"data":"Eruption","floor":7,"key":"SMITH"},{"data":"Vault","floor":15,"key":"SMITH"},{"data":"ClearTheMind","floor":25,"key":"SMITH"}],"circlet_count":0,"master_deck":["Strike_P","Strike_P","Strike_P","Defend_P","Defend_P","Defend_P","Eruption+1","Vigilance","Vault+1","Crescendo","CutThroughFate","FlurryOfBlows","Adaptation","Consecrate","FollowUp","JustLucky","Halt","InnerPeace","Judgement","FlurryOfBlows","ClearTheMind+1","Meditate+1","Vengeance","Scrawl","EmptyFist"],"relics":["PureWater","PreservedInsect","Anchor","Meat on the Bone","Black Star","Mummified Hand","InkBottle","Eternal Feather"],"acts_visited":["Exordium","TheCity"],"potions_floor_usage":[6,11,14,23,27],"damage_taken":[{"damage":0,"enemies":"Small Slimes","floor":1,"turns":4},{"damage":0,"enemies":"Cultist","floor":4,"turns":2},{"damage":6,"enemies":"Jaw Worm","floor":5,"turns":3},{"damage":7,"enemies":"Gremlin Nob","floor":6,"turns":3},{"damage":0,"enemies":"Exordium Wildlife","floor":8,"turns":3},{"damage":14,"enemies":"2 Fungi Beasts","floor":10,"turns":4},{"damage":20,"enemies":"Lagavulin","floor":11,"turns":4},{"damage":0,"enemies":"Looter","floor":12,"turns":3},{"damage":0,"enemies":"Red Slaver","floor":13,"turns":2},{"damage":4,"enemies":"Exordium Thugs","floor":14,"turns":4},{"damage":0,"enemies":"Slime Boss","floor":16,"turns":6},{"damage":0,"enemies":"Spheric Guardian","floor":18,"turns":3},{"damage":0,"enemies":"Chosen","floor":20,"turns":4},{"damage":14,"enemies":"Centurion and Healer","floor":21,"turns":4},{"damage":4,"enemies":"Sentry and Sphere","floor":22,"turns":3},{"damage":0,"enemies":"Gremlin Leader","floor":23,"turns":3},{"damage":53,"enemies":"Snake Plant","floor":27,"turns":6},{"damage":16,"enemies":"Book of Stabbing","floor":28,"turns":3}],"seed_played":"-9128751072431886893","potions_obtained":[{"floor":5,"key":"Weak Potion"},{"floor":6,"key":"SpeedPotion"},{"floor":12,"key":"PowerPotion"},{"floor":14,"key":"CultistPotion"},{"floor":20,"key":"Dexterity Potion"},{"floor":27,"key":"BottledMiracle"}],"is_trial":false,"path_per_floor":["M","$","?","M","M","E","R","M","T","M","E","M","M","M","R","B",null,"M","$","M","M","M","E","$","R","T","M","E"],"character_chosen":"WATCHER","items_purchased":["CutThroughFate","FlurryOfBlows","ClearTheMind","EmptyFist"],"campfire_rested":0,"item_purchase_floors":[2,19,19,24],"current_hp_per_floor":[72,72,61,61,55,48,48,48,48,34,14,26,38,46,46,46,72,72,72,72,58,54,54,54,54,54,13,0,0],"gold":157,"neow_bonus":"ONE_RANDOM_RARE_CARD","is_daily":false,"chose_seed":false,"campfire_upgraded":3,"win_rate":0.0,"timestamp":1613458448,"path_taken":["M","$","?","M","M","E","R","M","T","M","E","M","M","M","R","BOSS","M","$","M","M","M","E","$","R","T","M","E"],"items_purchased_type":["Card","Card","Card","Card"],"build_version":"2020-12-22","purchased_purges":2,"victory":false,"max_hp_per_floor":[72,72,72,72,72,72,72,72,72,72,72,72,72,72,72,72,72,72,72,72,72,72,72,72,72,72,72,72,72],"card_choices":[{"not_picked":["CrushJoints","FlyingSleeves"],"picked":"Crescendo","floor":1},{"not_picked":["EmptyBody","WaveOfTheHand"],"picked":"FlurryOfBlows","floor":4},{"not_picked":["CutThroughFate","DevaForm","PathToVictory"],"picked":"SKIP","floor":5},{"not_picked":["CrushJoints","JustLucky"],"picked":"Adaptation","floor":6},{"not_picked":["BowlingBash","WreathOfFlame"],"picked":"Consecrate","floor":8},{"not_picked":["EmptyBody","Crescendo"],"picked":"FollowUp","floor":10},{"not_picked":["ThirdEye","Establishment"],"picked":"JustLucky","floor":11},{"not_picked":["JustLucky","Protect"],"picked":"Halt","floor":12},{"not_picked":["WheelKick","Worship","ThirdEye"],"picked":"SKIP","floor":13},{"not_picked":["ReachHeaven","Collect"],"picked":"InnerPeace","floor":14},{"not_picked":["Ragnarok","Omniscience"],"picked":"Judgement","floor":16},{"not_picked":["Conclude","WaveOfTheHand","CutThroughFate"],"picked":"SKIP","floor":18},{"not_picked":["Halt","SashWhip","Evaluate+1"],"picked":"SKIP","floor":20},{"not_picked":["SashWhip+1","Devotion"],"picked":"Meditate+1","floor":21},{"not_picked":["FlyingSleeves+1","Meditate"],"picked":"Vengeance","floor":22},{"not_picked":["SashWhip","Fasting2"],"picked":"Scrawl","floor":23},{"not_picked":["Protect","Nirvana","PathToVictory"],"picked":"SKIP","floor":27}],"player_experience":82897,"relics_obtained":[{"floor":6,"key":"PreservedInsect"},{"floor":9,"key":"Anchor"},{"floor":11,"key":"Meat on the Bone"},{"floor":23,"key":"Mummified Hand"},{"floor":23,"key":"InkBottle"},{"floor":26,"key":"Eternal Feather"}],"event_choices":[{"damage_healed":0,"gold_gain":75,"player_choice":"Gather Gold","damage_taken":11,"max_hp_gain":0,"max_hp_loss":0,"event_name":"World of Goop","floor":3,"gold_loss":0}],"is_beta":false,"boss_relics":[{"not_picked":["Velvet Choker","SacredBark"],"picked":"Black Star"}],"items_purged_floors":[19,24],"is_endless":false,"potions_floor_spawned":[5,6,12,14,20,27],"killed_by":"Book of Stabbing","ascension_level":0}}