{"host":"246dowtjelprzoik","time":1613484903,"event":{"mods":["BaseMod","Minty Spire (QoL Compilation)","Relic Stats","StSLib"],"gold_per_floor":[110,127,42,74,106,118,142,184,242,283,307,346,376,17,17,94,94,111,126,126,126,51,51,51,51,51,82,82,114,214,241,241,316,316,327,56,56,56,73,99,99,99,99,109,123,148,38,56,56,56,56,56],"floor_reached":51,"language":"ENG","playtime":2603,"items_purged":["Strike_B"],"score":1506,"play_id":"078a6dd2-670b-4767-877a-35d709bdc40d","local_time":"20210216151503","daily_mods":["Chimera","Diverse"],"is_ascension_mode":true,"campfire_choices":[{"data":"Eruption","floor":6.0,"key":"SMITH"},{"floor":15.0,"key":"REST"},{"floor":23.0,"key":"REST"},{"data":"Apotheosis","floor":25.0,"key":"SMITH"},{"floor":32,"key":"REST"},{"data":"Double Energy","floor":49,"key":"SMITH"}],"circlet_count":0,"master_deck":["AscendersBane","Bash","Survivor","Zap","Eruption+1","Strike_G","Defend_R+1","Defend_G","Defend_P","Beam Cell","EmptyFist","CutThroughFate","Endless Agony","Die Die Die","Apotheosis+1","Ball Lightning","Sunder","RitualDagger","Iron Wave","RitualDagger+1","Double Energy+1"],"relics":["Ring of the Snake","MawBank","White Beast Statue","Juzu Bracelet","Lantern","HornCleat","Regal Pillow","Black Star","Paper Crane","The Courier","Boot","Anchor","Meat on the Bone","Dead Branch","Shuriken","Ninja Scroll","Ginger","Cursed Key","Membership Card","Ice Cream","PreservedInsect","TungstenRod","Happy Flower"],"acts_visited":["Exordium","TheCity","TheBeyond"],"potions_floor_usage":[30,33,40,50,51],"damage_taken":[{"damage":8.0,"enemies":"Small Slimes","floor":1.0,"turns":4.0},{"damage":1.0,"enemies":"Cultist","floor":2.0,"turns":3.0},{"damage":0.0,"enemies":"2 Louse","floor":4.0,"turns":3.0},{"damage":0.0,"enemies":"Large Slime","floor":5.0,"turns":4.0},{"damage":0.0,"enemies":"3 Louse","floor":7.0,"turns":4.0},{"damage":19.0,"enemies":"3 Sentries","floor":8.0,"turns":7.0},{"damage":6.0,"enemies":"Lagavulin","floor":10.0,"turns":3.0},{"damage":0.0,"enemies":"Looter","floor":11.0,"turns":2.0},{"damage":22.0,"enemies":"3 Sentries","floor":12.0,"turns":8.0},{"damage":0.0,"enemies":"Gremlin Gang","floor":13.0,"turns":5.0},{"damage":36.0,"enemies":"The Guardian","floor":16.0,"turns":5.0},{"damage":6.0,"enemies":"2 Thieves","floor":18.0,"turns":3.0},{"damage":0.0,"enemies":"Chosen","floor":19.0,"turns":3.0},{"damage":10,"enemies":"Slavers","floor":27,"turns":2},{"damage":31,"enemies":"Book of Stabbing","floor":29,"turns":5},{"damage":0,"enemies":"Colosseum Slavers","floor":30,"turns":3},{"damage":0,"enemies":"Colosseum Nobs","floor":30,"turns":3},{"damage":6,"enemies":"Slavers","floor":31,"turns":2},{"damage":15,"enemies":"Champ","floor":33,"turns":6},{"damage":0,"enemies":"3 Darklings","floor":35,"turns":2},{"damage":0,"enemies":"Orb Walker","floor":39,"turns":2},{"damage":0,"enemies":"Reptomancer","floor":40,"turns":2},{"damage":0,"enemies":"Jaw Worm Horde","floor":44,"turns":3},{"damage":0,"enemies":"Transient","floor":45,"turns":6},{"damage":0,"enemies":"Mind Bloom Boss Battle","floor":46,"turns":1},{"damage":0,"enemies":"4 Shapes","floor":48,"turns":1},{"damage":44,"enemies":"Awakened One","floor":50,"turns":10},{"damage":38,"enemies":"Time Eater","floor":51,"turns":7}],"seed_played":"-7162943101051983483","potions_obtained":[{"floor":1.0,"key":"Weak Potion"},{"floor":5.0,"key":"LiquidMemories"},{"floor":7.0,"key":"SteroidPotion"},{"floor":8.0,"key":"EssenceOfSteel"},{"floor":10.0,"key":"Dexterity Potion"},{"floor":11.0,"key":"Fire Potion"},{"floor":12.0,"key":"CultistPotion"},{"floor":30,"key":"Energy Potion"},{"floor":31,"key":"CunningPotion"},{"floor":33,"key":"SkillPotion"},{"floor":35,"key":"EssenceOfSteel"},{"floor":40,"key":"Poison Potion"}],"is_trial":true,"path_per_floor":["M","M","?","M","M","R","M","E","T","E","M","E","M","$","R","B",null,"M","M","?","?","$","R","?","R","T","E","?","E","?","E","R","B",null,"M","$","?","?","M","E","?","?","T","M","M","?","?","M","R","B","B"],"character_chosen":"THE_SILENT","items_purchased":["Regal Pillow","Apotheosis","Membership Card","Ice Cream"],"campfire_rested":3,"item_purchase_floors":[14,14,36,36],"current_hp_per_floor":[51,50,50,50,50,50,50,31,31,25,25,3,3,3,37,1,50,44,44,44,26,26,62,56,56,56,46,46,15,39,45,71,56,67,67,67,67,67,67,67,67,67,67,67,67,67,67,67,67,35,0,0],"gold":56,"neow_bonus":"","is_daily":false,"chose_seed":false,"campfire_upgraded":3,"win_rate":0.0,"timestamp":1613484903,"path_taken":["M","M","?","?","M","R","M","E","T","E","M","E","M","$","R","BOSS","M","M","?","?","$","R","?","R","T","E","?","E","?","E","R","BOSS","M","$","?","?","M","E","?","?","T","M","M","?","?","M","R","BOSS","BOSS"],"items_purchased_type":["Relic","Card","Relic","Relic"],"build_version":"2020-12-22","purchased_purges":1,"victory":false,"max_hp_per_floor":[66,66,66,66,66,66,66,66,66,66,66,66,66,66,66,66,66,66,66,66,71,71,71,71,71,71,71,71,71,71,71,71,71,71,71,71,71,67,67,67,67,67,67,67,67,67,67,67,67,67,67,67],"relic_stats":{"Regal Pillow":35,"Happy Flower":[9],"counters":[28,109],"Dead Branch":[103],"PreservedInsect":0,"Juzu Bracelet":2,"Ginger":[3],"MawBank":132,"Boot":[20],"Cursed Key":1,"Shuriken":[45],"Black Star":4,"obtain_stats":[{"Ice Cream":36,"Lantern":10,"Regal Pillow":14,"Happy Flower":43,"Dead Branch":30,"The Courier":27,"PreservedInsect":40,"Juzu Bracelet":9,"Ginger":31,"Paper Crane":26,"MawBank":3,"Boot":27,"Cursed Key":34,"White Beast Statue":8,"Anchor":29,"HornCleat":12,"Shuriken":30,"Ninja Scroll":31,"Black Star":17,"Membership Card":36,"TungstenRod":40,"Ring of the Snake":0,"Meat on the Bone":29},{"Ice Cream":20,"Lantern":7,"Regal Pillow":10,"Happy Flower":22,"Dead Branch":17,"The Courier":14,"PreservedInsect":22,"Juzu Bracelet":6,"Ginger":18,"Paper Crane":13,"MawBank":2,"Boot":14,"Cursed Key":19,"White Beast Statue":6,"Anchor":15,"HornCleat":9,"Shuriken":17,"Ninja Scroll":18,"Black Star":11,"Membership Card":20,"TungstenRod":22,"Ring of the Snake":0,"Meat on the Bone":15},{"Ice Cream":77,"Lantern":28,"Regal Pillow":43,"Happy Flower":81,"Dead Branch":67,"The Courier":56,"PreservedInsect":81,"Juzu Bracelet":25,"Ginger":69,"Paper Crane":54,"MawBank":7,"Boot":56,"Cursed Key":75,"White Beast Statue":25,"Anchor":61,"HornCleat":38,"Shuriken":67,"Ninja Scroll":69,"Black Star":48,"Membership Card":77,"TungstenRod":81,"Ring of the Snake":0,"Meat on the Bone":61}],"TungstenRod":13,"Ring of the Snake":[55],"Meat on the Bone":48},"card_choices":[{"not_picked":["Pray","Dagger Spray"],"picked":"Beam Cell","floor":1.0},{"not_picked":["Noxious Fumes","Protect"],"picked":"EmptyFist","floor":2.0},{"not_picked":["Underhanded Strike","Evolve","Grand Finale"],"picked":"SKIP","floor":4.0},{"not_picked":["Sweeping Beam","Choke"],"picked":"Deflect","floor":5.0},{"not_picked":["Shrug It Off","PiercingWail"],"picked":"CutThroughFate","floor":7.0},{"not_picked":["FollowUp","Defragment"],"picked":"Endless Agony","floor":8.0},{"not_picked":["PathToVictory","Bane","Protect"],"picked":"SKIP","floor":10.0},{"not_picked":["Tactician","Clash","FlyingSleeves"],"picked":"SKIP","floor":11.0},{"not_picked":["WaveOfTheHand","Slice","Turbo"],"picked":"SKIP","floor":12.0},{"not_picked":["Wireheading","Perfected Strike"],"picked":"Die Die Die","floor":13.0},{"not_picked":["Coolheaded","Caltrops"],"picked":"Ball Lightning","floor":18.0},{"not_picked":["Wild Strike+1","PiercingWail"],"picked":"Sunder","floor":19.0},{"not_picked":["Conclude","Sweeping Beam","Poisoned Stab"],"picked":"SKIP","floor":27},{"not_picked":["Headbutt","Thunderclap","Swivel"],"picked":"SKIP","floor":29},{"not_picked":["Distraction","LikeWater+1","CrushJoints"],"picked":"SKIP","floor":31},{"not_picked":["Wireheading","All Out Attack"],"picked":"Iron Wave","floor":35},{"not_picked":["Rip and Tear","Redo","Consecrate"],"picked":"SKIP","floor":39},{"not_picked":["Stack","Twin Strike+1","ThirdEye"],"picked":"SKIP","floor":40},{"not_picked":["FollowUp","Underhanded Strike+1","Sweeping Beam"],"picked":"SKIP","floor":44},{"not_picked":["Meditate+1","Flex","Entrench"],"picked":"SKIP","floor":45},{"not_picked":["Gash","Coolheaded"],"picked":"Double Energy","floor":46},{"not_picked":["EmptyBody","Perfected Strike","Sword Boomerang"],"picked":"SKIP","floor":48}],"player_experience":213893,"relics_obtained":[{"floor":8.0,"key":"White Beast Statue"},{"floor":9.0,"key":"Juzu Bracelet"},{"floor":10.0,"key":"Lantern"},{"floor":12.0,"key":"HornCleat"},{"floor":26.0,"key":"Paper Crane"},{"floor":27,"key":"The Courier"},{"floor":27,"key":"Boot"},{"floor":29,"key":"Anchor"},{"floor":29,"key":"Meat on the Bone"},{"floor":30,"key":"Dead Branch"},{"floor":30,"key":"Shuriken"},{"floor":31,"key":"Ninja Scroll"},{"floor":31,"key":"Ginger"},{"floor":40,"key":"PreservedInsect"},{"floor":40,"key":"TungstenRod"},{"floor":43,"key":"Happy Flower"}],"event_choices":[{"damage_healed":0.0,"max_hp_gain":0.0,"max_hp_loss":0.0,"gold_gain":0.0,"event_name":"WeMeetAgain","player_choice":"Paid Gold","floor":3.0,"gold_loss":85.0,"damage_taken":0.0,"relics_obtained":["MawBank"]},{"damage_healed":0.0,"max_hp_gain":0.0,"max_hp_loss":0.0,"gold_gain":0.0,"event_name":"Vampires","player_choice":"Ignored","floor":20.0,"gold_loss":0.0,"damage_taken":0.0},{"damage_healed":0.0,"max_hp_gain":5.0,"max_hp_loss":0.0,"gold_gain":0.0,"event_name":"Forgotten Altar","player_choice":"Shed Blood","floor":21.0,"gold_loss":0.0,"damage_taken":23.0},{"damage_healed":0.0,"max_hp_gain":0.0,"max_hp_loss":0.0,"gold_gain":0.0,"event_name":"Nest","player_choice":"Joined the Cult","floor":24.0,"gold_loss":0.0,"damage_taken":6.0,"cards_obtained":["RitualDagger"]},{"cards_removed":["Strike_R"],"damage_healed":0,"gold_gain":0,"player_choice":"Elegance","damage_taken":0,"max_hp_gain":0,"max_hp_loss":0,"event_name":"Back to Basics","floor":28,"gold_loss":0},{"damage_healed":0,"gold_gain":0,"player_choice":"Fight","damage_taken":0,"max_hp_gain":0,"max_hp_loss":0,"event_name":"Colosseum","floor":30,"gold_loss":0},{"damage_healed":0,"gold_gain":0,"player_choice":"Fought Nobs","damage_taken":0,"max_hp_gain":0,"max_hp_loss":0,"event_name":"Colosseum","floor":30,"gold_loss":0},{"damage_healed":0,"gold_gain":0,"player_choice":"Copied","damage_taken":0,"max_hp_gain":0,"max_hp_loss":0,"event_name":"Duplicator","floor":37,"gold_loss":0,"cards_obtained":["RitualDagger"]},{"damage_healed":0,"gold_gain":0,"player_choice":"Max HP","damage_taken":0,"max_hp_gain":0,"max_hp_loss":4,"event_name":"Winding Halls","floor":38,"gold_loss":0},{"cards_removed":["Deflect"],"damage_healed":0,"gold_gain":0,"player_choice":"Removed Skill","damage_taken":0,"max_hp_gain":0,"max_hp_loss":0,"event_name":"Falling","floor":41,"gold_loss":0},{"damage_healed":0,"gold_gain":0,"player_choice":"Forge","damage_taken":0,"max_hp_gain":0,"max_hp_loss":0,"event_name":"Accursed Blacksmith","floor":42,"gold_loss":0,"cards_upgraded":["RitualDagger"]},{"damage_healed":0,"gold_gain":0,"player_choice":"Fight","damage_taken":0,"max_hp_gain":0,"max_hp_loss":0,"event_name":"MindBloom","floor":46,"gold_loss":0},{"cards_removed":["Writhe"],"damage_healed":0,"gold_gain":0,"player_choice":"Upgrade and Remove","damage_taken":0,"max_hp_gain":0,"max_hp_loss":0,"event_name":"Designer","floor":47,"gold_loss":110,"cards_upgraded":["Defend_R"]}],"is_beta":false,"boss_relics":[{"not_picked":["HoveringKite","Busted Crown"],"picked":"Black Star"},{"not_picked":["Empty Cage","Astrolabe"],"picked":"Cursed Key"}],"items_purged_floors":[22],"is_endless":false,"potions_floor_spawned":[1,5,7,8,10,11,12,13,16,18,19,27,29,30,30,31,33,35,39,40,44,45,46,48],"killed_by":"Time Eater","ascension_level":20}}