{"host":"0tv4c0zqspoploqh","time":1613499086,"event":{"mods":["Aspiration","BaseMod","Colored Map","Colored Powertips","Downfall","Minty Spire (QoL Compilation)","Replay The Spire","StSLib"],"gold_per_floor":[116,129,145,320,338,338,348,383,410,427,427,427,463,487,487,617,617,640,661,63,81,94,94,94],"floor_reached":23,"language":"ENG","playtime":2008,"items_purged":["Injury"],"score":232,"play_id":"915b84e3-6105-456e-95cc-15cfd31f88f8","local_time":"20210216191126","is_ascension_mode":false,"campfire_choices":[{"data":"Dualcast","floor":6.0,"key":"SMITH"},{"floor":15,"key":"REST"}],"circlet_count":0,"master_deck":["Strike_B","Strike_B","Strike_B","Strike_B","Defend_B","Defend_B","Defend_B","Defend_B","Zap+1","Dualcast+1","Turbo","ReplayTheSpireMod:System Scan","Cold Snap","Steam","ReplayTheSpireMod:Omega Cannon","Conserve Battery","Gash","Gash","Seek","Steam+1","Capacitor","Hologram+1","Rainbow"],"relics":["Cracked Core","InkBottle","Golden Idol","PreservedInsect","aspiration:Stellarator","DataDisk","Replay:Frozen Program","Gremlin Food"],"acts_visited":["Exordium","TheCity"],"potions_floor_usage":[8,13,16,23],"damage_taken":[{"damage":0.0,"enemies":"2 Louse","floor":1.0,"turns":2.0},{"damage":6.0,"enemies":"Jaw Worm","floor":2.0,"turns":2.0},{"damage":0.0,"enemies":"Small Slimes","floor":3.0,"turns":3.0},{"damage":5.0,"enemies":"Blue Slaver","floor":5.0,"turns":4.0},{"damage":17.0,"enemies":"Exordium Thugs","floor":7.0,"turns":7.0},{"damage":0,"enemies":"3 Sentries","floor":8,"turns":2},{"damage":0,"enemies":"Lots of Slimes","floor":10,"turns":2},{"damage":25,"enemies":"Gremlin Nob","floor":13,"turns":5},{"damage":12,"enemies":"Gremlin Gang","floor":14,"turns":3},{"damage":23,"enemies":"Hexaghost","floor":16,"turns":12},{"damage":23,"enemies":"Chosen","floor":18,"turns":5},{"damage":8,"enemies":"Shell Parasite","floor":19,"turns":5},{"damage":14,"enemies":"Shelled Parasite and Fungi","floor":21,"turns":6},{"damage":16,"enemies":"Centurion and Healer","floor":22,"turns":8},{"damage":24,"enemies":"Slavers","floor":23,"turns":1}],"seed_played":"836714164434140481","potions_obtained":[{"floor":2.0,"key":"Ancient Potion"},{"floor":3.0,"key":"SteroidPotion"},{"floor":5.0,"key":"SteroidPotion"},{"floor":8,"key":"LiquidMemories"},{"floor":10,"key":"Weak Potion"},{"floor":19,"key":"Strength Potion"}],"is_trial":false,"path_per_floor":["M","M","M","?","M","R","M","E","T","M","?","?","E","M","R","B",null,"M","M","$","M","M","E"],"character_chosen":"DEFECT","items_purchased":["Capacitor","DataDisk","Replay:Frozen Program","Gremlin Food"],"campfire_rested":1,"item_purchase_floors":[20,20,20,20],"current_hp_per_floor":[75,69,69,69,64,64,47,47,47,47,40,40,15,3,25,2,75,52,44,44,30,14,0,0],"gold":94,"neow_bonus":"UPGRADE_CARD","is_daily":false,"chose_seed":false,"campfire_upgraded":1,"win_rate":0.0,"timestamp":1613499086,"path_taken":["M","M","M","?","M","R","M","E","T","M","?","?","E","M","R","BOSS","M","M","$","M","M","E"],"items_purchased_type":["Card","Relic","Relic","Relic"],"build_version":"2020-12-22","purchased_purges":1,"victory":false,"max_hp_per_floor":[75,75,75,75,75,75,75,75,75,75,75,75,75,75,75,75,75,75,75,75,75,75,75,75],"card_choices":[{"not_picked":["Steam","Rip and Tear"],"picked":"Turbo","floor":1.0},{"not_picked":["Melter","Double Energy"],"picked":"ReplayTheSpireMod:System Scan","floor":2.0},{"not_picked":["Streamline","Consume"],"picked":"Cold Snap","floor":3.0},{"not_picked":["Leap","Turbo"],"picked":"Steam","floor":5.0},{"not_picked":["Stack","Leap"],"picked":"ReplayTheSpireMod:Omega Cannon","floor":7.0},{"not_picked":["Coolheaded","Storm"],"picked":"Conserve Battery","floor":8},{"not_picked":["BasicCrystalCard","Beam Cell"],"picked":"Gash","floor":10},{"not_picked":["Panic Button","Rebound","Turbo"],"picked":"SKIP","floor":13},{"not_picked":["Go for the Eyes","BootSequence"],"picked":"Gash","floor":14},{"not_picked":["Electrodynamics","Reboot"],"picked":"Seek","floor":16},{"not_picked":["Darkness","Rebound","Storm"],"picked":"SKIP","floor":18},{"not_picked":["Panic Button","ReplaySort+1"],"picked":"Steam+1","floor":19},{"not_picked":["Streamline","ReplayTheSpireMod:System Scan"],"picked":"Hologram+1","floor":21},{"not_picked":["Leap","Compile Driver"],"picked":"Rainbow","floor":22}],"player_experience":1257730,"relics_obtained":[{"floor":8,"key":"InkBottle"},{"floor":13,"key":"PreservedInsect"}],"event_choices":[{"damage_healed":0.0,"max_hp_gain":0.0,"max_hp_loss":0.0,"gold_gain":175.0,"event_name":"Liars Game","player_choice":"AGREE","floor":4.0,"gold_loss":0.0,"damage_taken":0.0,"cards_obtained":["Doubt"]},{"cards_removed":["Doubt"],"damage_healed":0,"gold_gain":0,"player_choice":"Card Removal","damage_taken":7,"max_hp_gain":0,"max_hp_loss":0,"event_name":"Golden Wing","floor":11,"gold_loss":0},{"damage_healed":0,"gold_gain":0,"player_choice":"Take Wound","damage_taken":0,"relics_obtained":["Golden Idol"],"max_hp_gain":0,"max_hp_loss":0,"event_name":"Golden Idol","floor":12,"gold_loss":0,"cards_obtained":["Injury"]}],"is_beta":false,"boss_relics":[{"not_picked":["Calling Bell","SlaversCollar"],"picked":"aspiration:Stellarator"}],"items_purged_floors":[20],"is_endless":false,"potions_floor_spawned":[2,3,5,8,10,19],"killed_by":"Slavers","ascension_level":0}}