{"host":"p9vmbvw2hh2n16dn","time":1613477440,"event":{"mods":["AchievementEnabler","BaseMod","Block Reminder","Minty Spire (QoL Compilation)","Relic Stats","SuperFastMode"],"gold_per_floor":[115,115,126,138,157,188,188,222,222,240,265,340,340,381,381,381,381],"floor_reached":16,"language":"ENG","playtime":418,"items_purged":[],"score":238,"play_id":"b4850b79-f87e-40b3-98e4-4b8f602ad626","local_time":"20210216131040","is_ascension_mode":true,"campfire_choices":[{"floor":13.0,"key":"REST"},{"floor":15.0,"key":"REST"}],"circlet_count":0,"master_deck":["AscendersBane","Strike_R","Strike_R","Strike_R","Strike_R","Strike_R","Defend_R","Defend_R","Defend_R","Defend_R","Bash","Armaments+1","Cleave","Twin Strike","True Grit","Body Slam","Carnage","Spot Weakness","Disarm"],"relics":["Burning Blood","NeowsBlessing","Calipers","Golden Idol","Mercury Hourglass","Prayer Wheel","StoneCalendar"],"acts_visited":["Exordium"],"potions_floor_usage":[],"damage_taken":[{"damage":0.0,"enemies":"Small Slimes","floor":1.0,"turns":1.0},{"damage":0.0,"enemies":"2 Louse","floor":3.0,"turns":1.0},{"damage":0.0,"enemies":"Jaw Worm","floor":4.0,"turns":1.0},{"damage":0.0,"enemies":"Large Slime","floor":5.0,"turns":4.0},{"damage":39.0,"enemies":"Lagavulin","floor":6.0,"turns":7.0},{"damage":35.0,"enemies":"3 Sentries","floor":8.0,"turns":9.0},{"damage":10.0,"enemies":"Lots of Slimes","floor":10.0,"turns":3.0},{"damage":0.0,"enemies":"3 Louse","floor":11.0,"turns":2.0},{"damage":10.0,"enemies":"Gremlin Nob","floor":14.0,"turns":3.0},{"damage":42,"enemies":"The Guardian","floor":16,"turns":6}],"seed_played":"-1723508036257460240","potions_obtained":[{"floor":1.0,"key":"Swift Potion"},{"floor":8.0,"key":"PowerPotion"},{"floor":11.0,"key":"SkillPotion"}],"is_trial":false,"path_per_floor":["M","?","M","M","M","E","?","E","T","M","M","?","R","E","R","B"],"character_chosen":"IRONCLAD","items_purchased":[],"campfire_rested":2,"item_purchase_floors":[],"current_hp_per_floor":[74,74,75,75,75,42,42,13,13,9,15,4,24,20,40,0,0],"gold":381,"neow_bonus":"THREE_ENEMY_KILL","is_daily":false,"chose_seed":false,"campfire_upgraded":0,"win_rate":0.0,"timestamp":1613477440,"path_taken":["M","?","M","M","M","E","?","E","T","M","M","?","R","E","R","BOSS"],"items_purchased_type":[],"build_version":"2020-12-22","purchased_purges":0,"victory":false,"max_hp_per_floor":[75,75,75,75,75,75,68,68,68,68,68,68,68,68,68,68,68],"relic_stats":{"counters":[10,36],"Golden Idol":24,"Prayer Wheel":2,"StoneCalendar":[0],"obtain_stats":[{"Calipers":6,"NeowsBlessing":0,"Golden Idol":7,"Prayer Wheel":9,"StoneCalendar":14,"Burning Blood":0,"Mercury Hourglass":8},{"Calipers":5,"NeowsBlessing":0,"Golden Idol":5,"Prayer Wheel":6,"StoneCalendar":9,"Burning Blood":0,"Mercury Hourglass":6},{"Calipers":14,"NeowsBlessing":0,"Golden Idol":14,"Prayer Wheel":23,"StoneCalendar":30,"Burning Blood":0,"Mercury Hourglass":23}],"Burning Blood":37,"Mercury Hourglass":[64]},"card_choices":[{"not_picked":["Rage","Sever Soul"],"picked":"Armaments","floor":1.0},{"not_picked":["Anger","Flex"],"picked":"Cleave","floor":3.0},{"not_picked":["Clash","Pummel"],"picked":"Twin Strike","floor":4.0},{"not_picked":["Infernal Blade","Pommel Strike"],"picked":"True Grit","floor":5.0},{"not_picked":["Rupture","Anger"],"picked":"Body Slam","floor":6.0},{"not_picked":["Sword Boomerang","Clothesline"],"picked":"Carnage","floor":8.0},{"not_picked":["Berserk","Flex"],"picked":"Spot Weakness","floor":10.0},{"not_picked":["Perfected Strike","Cleave","True Grit"],"picked":"SKIP","floor":10.0},{"not_picked":["Intimidate","Warcry"],"picked":"Disarm","floor":11.0},{"not_picked":["Thunderclap","Anger","Reckless Charge"],"picked":"SKIP","floor":11.0},{"not_picked":["Warcry","Searing Blow","Thunderclap"],"picked":"SKIP","floor":14.0}],"player_experience":343404,"relics_obtained":[{"floor":6.0,"key":"Calipers"},{"floor":8.0,"key":"Mercury Hourglass"},{"floor":9.0,"key":"Prayer Wheel"},{"floor":14.0,"key":"StoneCalendar"}],"event_choices":[{"damage_healed":0.0,"max_hp_gain":0.0,"max_hp_loss":0.0,"gold_gain":0.0,"event_name":"Living Wall","player_choice":"Grow","floor":2.0,"gold_loss":0.0,"damage_taken":0.0,"cards_upgraded":["Armaments"]},{"damage_healed":0.0,"max_hp_gain":0.0,"max_hp_loss":7.0,"gold_gain":0.0,"event_name":"Golden Idol","player_choice":"Lose Max HP","floor":7.0,"gold_loss":0.0,"damage_taken":0.0,"relics_obtained":["Golden Idol"]},{"damage_healed":0.0,"max_hp_gain":0.0,"max_hp_loss":0.0,"gold_gain":75.0,"event_name":"World of Goop","player_choice":"Gather Gold","floor":12.0,"gold_loss":0.0,"damage_taken":11.0}],"is_beta":false,"boss_relics":[],"items_purged_floors":[],"is_endless":false,"potions_floor_spawned":[1,8,11],"killed_by":"The Guardian","ascension_level":19}}