{"host":"0kk91h4bq4kgfj0u","time":1613512647,"event":{"mods":["BaseMod","Bestiary","Block Reminder","Colored Map","Colored Powertips","Curses Come First","Downfall","Highlight Path","Minty Spire (QoL Compilation)","Relic Stats","StSLib"],"gold_per_floor":[0,65,215,215,215,227,296,196,207,220,250,267,267,277,290,390,390,390,400,415,425,444,444,467,467,21,36,136,147,147,159,178,278,278,278,297,12,32,32,32,103,119,119,138,158,176,176,202,215,215],"floor_reached":51,"language":"ENG","playtime":3175,"items_purged":[],"score":732,"play_id":"ad2aa45e-239f-4f49-a579-3fbd12d91f45","local_time":"20210216165727","is_ascension_mode":false,"campfire_choices":[{"floor":1,"key":"RECALL"},{"floor":8,"key":"REST"},{"data":"bronze:WhirlingStrike","floor":13,"key":"SMITH"},{"data":"bronze:Verify","floor":18,"key":"SMITH"},{"floor":23,"key":"REST"},{"floor":30,"key":"REST"},{"data":"bronze:Optimize","floor":35,"key":"SMITH"},{"data":"expansioncontent:StudyTheSpire","floor":40,"key":"SMITH"},{"data":"bronze:DelayedSlice","floor":43,"key":"SMITH"},{"floor":47,"key":"REST"}],"circlet_count":0,"master_deck":["bronze:Strike","bronze:Strike","bronze:Defend","bronze:Defend","bronze:Defend","bronze:Defend","bronze:Replicate","bronze:Goto","bronze:CutThrough","downfall:Icky","bronze:WhirlingStrike+1","bronze:Iterate","bronze:Shield+1","bronze:Constructor+1","bronze:Turbo+1","bronze:DelayedSlice+1","bronze:Fortify","bronze:Verify+1","bronze:Refactor+1","bronze:GetLatest+1","bronze:Overload+1","RitualDagger","bronze:DelayedSlice+1","bronze:Optimize+1","expansioncontent:YouAreMine+1","bronze:Separator","bronze:Goto+1","bronze:BitShift+1","bronze:DarkDash","bronze:InfiniteLoop","Bandage Up+1","downfall:Icky","bronze:BuggyMess+1","bronze:Allocate+1","bronze:CleanCode","bronze:Flail+1","bronze:Branch+1","expansioncontent:StudyTheSpire+1","expansioncontent:GuardianWhirl","bronze:ChildClass+1","bronze:FineTuning+1","bronze:ItsAFeature"],"relics":["bronze:PlatinumCore","Pocketwatch","Kunai","Toxic Egg 2","Pantograph","downfall:HeartBlessingRed","Matryoshka","bronze:MakeshiftBattery","Bag of Preparation","Juzu Bracelet","Calipers","downfall:GremlinSack","Mummified Hand","Question Card","Ancient Tea Set"],"acts_visited":["Exordium","TheCity","TheBeyond"],"potions_floor_usage":[21,33,33,33,36,50],"damage_taken":[{"damage":24,"enemies":"3 Sentries","floor":2,"turns":10},{"damage":9,"enemies":"Jaw Worm","floor":6,"turns":4},{"damage":0,"enemies":"Small Slimes","floor":9,"turns":2},{"damage":1,"enemies":"2 Louse","floor":10,"turns":2},{"damage":2,"enemies":"Lagavulin","floor":11,"turns":5},{"damage":1,"enemies":"Exordium Wildlife","floor":12,"turns":3},{"damage":6,"enemies":"Lots of Slimes","floor":14,"turns":2},{"damage":7,"enemies":"Gremlin Gang","floor":15,"turns":3},{"damage":21,"enemies":"SI_SHIV_ARCHETYPE","floor":16,"turns":14},{"damage":12,"enemies":"Shell Parasite","floor":19,"turns":5},{"damage":0,"enemies":"Spheric Guardian","floor":20,"turns":3},{"damage":14,"enemies":"Snake Plant","floor":21,"turns":4},{"damage":2,"enemies":"Sentry and Sphere","floor":22,"turns":6},{"damage":1,"enemies":"downfall:FleeingMerchant","floor":26,"turns":4},{"damage":0,"enemies":"3 Cultists","floor":27,"turns":3},{"damage":24,"enemies":"3 Cultists","floor":28,"turns":3},{"damage":10,"enemies":"Chosen and Byrds","floor":29,"turns":4},{"damage":8,"enemies":"Centurion and Healer","floor":31,"turns":4},{"damage":1,"enemies":"Snake Plant","floor":32,"turns":3},{"damage":0,"enemies":"WA_ARCHETYPE_CALM","floor":33,"turns":7},{"damage":14,"enemies":"3 Shapes","floor":36,"turns":5},{"damage":0,"enemies":"downfall:FleeingMerchant","floor":37,"turns":4},{"damage":14,"enemies":"3 Darklings","floor":38,"turns":6},{"damage":0,"enemies":"Jaw Worm Horde","floor":42,"turns":3},{"damage":22,"enemies":"Transient","floor":44,"turns":5},{"damage":0,"enemies":"Sphere and 2 Shapes","floor":45,"turns":2},{"damage":2,"enemies":"4 Shapes","floor":46,"turns":4},{"damage":4,"enemies":"Maw","floor":49,"turns":6},{"damage":34,"enemies":"IC_BLOCK_ARCHETYPE","floor":50,"turns":13}],"seed_played":"-8741489083553633414","potions_obtained":[{"floor":9,"key":"LiquidMemories"},{"floor":12,"key":"PowerPotion"},{"floor":14,"key":"Strength Potion"},{"floor":20,"key":"LiquidBronze"},{"floor":21,"key":"Fruit Juice"},{"floor":22,"key":"SkillPotion"},{"floor":33,"key":"Swift Potion"},{"floor":36,"key":"PowerPotion"},{"floor":38,"key":"SpeedPotion"},{"floor":44,"key":"bronze:FreeFunctionsPotion"}],"is_trial":false,"path_per_floor":["R","?","?","?","T","M","T","R","M","M","E","M","R","M","M","B",null,"R","M","M","M","M","R","T","?","$","M","?","M","R","M","M","B",null,"R","M","$","M","?","R","T","M","R","M","M","M","R","?","M","B",null],"character_chosen":"THE_AUTOMATON","items_purchased":["Calipers","bronze:Optimize","expansioncontent:YouAreMine","expansioncontent:StudyTheSpire","expansioncontent:GuardianWhirl"],"campfire_rested":4,"item_purchase_floors":[26,26,26,37,37],"current_hp_per_floor":[70,46,46,46,46,37,37,58,58,57,55,54,54,48,41,45,70,70,58,58,49,47,69,69,63,62,62,38,34,56,48,53,75,75,75,61,67,59,59,59,59,59,59,43,43,47,69,69,71,47],"gold":215,"neow_bonus":"ONE_RARE_RELIC","is_daily":false,"chose_seed":false,"campfire_upgraded":5,"win_rate":0.0,"timestamp":1613512647,"path_taken":["R","?","?","?","?","M","T","R","M","M","E","?","R","M","M","BOSS","R","M","?","?","M","R","T","?","$","M","?","M","R","M","M","BOSS","R","M","$","M","?","R","T","M","R","M","M","M","R","?","M","BOSS"],"items_purchased_type":["Relic","Card","Card","Card","Card"],"build_version":"2020-12-22","purchased_purges":0,"victory":true,"max_hp_per_floor":[70,70,70,70,70,70,70,70,70,70,70,70,70,70,70,70,70,70,70,70,75,75,75,75,75,75,75,75,75,75,75,75,75,75,75,75,75,75,75,75,75,75,75,75,75,75,75,75,75,75],"relic_stats":{"counters":[29,139],"Mummified Hand":[29],"Pantograph":51,"Bag of Preparation":[32],"Juzu Bracelet":1,"Kunai":[84],"Question Card":5,"obtain_stats":[{"bronze:PlatinumCore":34,"bronze:BronzeCore":0,"Calipers":26,"downfall:HeartBlessingRed":8,"Bag of Preparation":24,"Juzu Bracelet":24,"Question Card":41,"Ancient Tea Set":48,"Matryoshka":11,"downfall:GremlinSack":28,"Mummified Hand":41,"Pantograph":7,"Kunai":2,"Toxic Egg 2":5,"bronze:MakeshiftBattery":17,"Pocketwatch":0},{"bronze:PlatinumCore":20,"bronze:BronzeCore":0,"Calipers":14,"downfall:HeartBlessingRed":2,"Bag of Preparation":13,"Juzu Bracelet":13,"Question Card":23,"Ancient Tea Set":27,"Matryoshka":5,"downfall:GremlinSack":16,"Mummified Hand":23,"Pantograph":2,"Kunai":1,"Toxic Egg 2":1,"bronze:MakeshiftBattery":9,"Pocketwatch":0},{"bronze:PlatinumCore":91,"bronze:BronzeCore":0,"Calipers":67,"downfall:HeartBlessingRed":14,"Bag of Preparation":63,"Juzu Bracelet":63,"Question Card":106,"Ancient Tea Set":120,"Matryoshka":23,"downfall:GremlinSack":73,"Mummified Hand":106,"Pantograph":14,"Kunai":10,"Toxic Egg 2":10,"bronze:MakeshiftBattery":45,"Pocketwatch":0}],"Pocketwatch":[108]},"card_choices":[{"not_picked":["bronze:Branch","bronze:CloningBeam"],"picked":"bronze:CutThrough","floor":2},{"not_picked":["bronze:BronzeArmor+1","bronze:Branch"],"picked":"bronze:WhirlingStrike","floor":6},{"not_picked":["bronze:Repulsor","bronze:Branch"],"picked":"bronze:Iterate","floor":9},{"not_picked":["bronze:BitShift+1","bronze:BronzeOrb"],"picked":"bronze:Shield+1","floor":10},{"not_picked":["bronze:Return+1","bronze:WildBeam"],"picked":"bronze:Constructor+1","floor":11},{"not_picked":["bronze:FindAndReplace+1","bronze:Shell+1"],"picked":"bronze:Turbo+1","floor":12},{"not_picked":["bronze:Philosophize+1","bronze:Return+1"],"picked":"bronze:DelayedSlice","floor":14},{"not_picked":["bronze:BugBarrage","bronze:Return+1"],"picked":"bronze:Fortify","floor":15},{"not_picked":["bronze:AlphaBuild","bronze:Assembly+1"],"picked":"bronze:Verify","floor":16},{"not_picked":["bronze:DarkDash","bronze:WhirlingStrike"],"picked":"bronze:Refactor+1","floor":19},{"not_picked":["bronze:Return+1","bronze:Overload+1"],"picked":"bronze:GetLatest+1","floor":20},{"not_picked":["bronze:Turbo+1","bronze:Constructor+1","bronze:BugBarrage"],"picked":"SKIP","floor":21},{"not_picked":["bronze:DelayedSlice","bronze:Fortify"],"picked":"bronze:Overload+1","floor":22},{"not_picked":["bronze:Break","bronze:Invalidate+1"],"picked":"bronze:DelayedSlice+1","floor":26},{"not_picked":["bronze:GetLatest+1","bronze:Turbo+1"],"picked":"bronze:Separator","floor":27},{"not_picked":["bronze:CutThrough","bronze:Separator"],"picked":"bronze:BuggyMess+1","floor":28},{"not_picked":["bronze:WhirlingStrike","bronze:Deprecate+1","bronze:BugBarrage+1"],"picked":"SKIP","floor":29},{"not_picked":["bronze:CutThrough","bronze:Iterate+1"],"picked":"bronze:Allocate+1","floor":31},{"not_picked":["bronze:Virus","bronze:Overload+1","bronze:Invalidate+1"],"picked":"SKIP","floor":32},{"not_picked":["bronze:ShipIt","bronze:ThunderWave"],"picked":"bronze:CleanCode","floor":33},{"not_picked":["bronze:ChosenStrike+1","bronze:Deprecate+1"],"picked":"bronze:Flail+1","floor":36},{"not_picked":["bronze:Philosophize+1","bronze:DelayedSlice+1"],"picked":"bronze:Branch+1","floor":37},{"not_picked":["bronze:DarkDash","bronze:Flail+1"],"picked":"bronze:ChildClass+1","floor":38},{"not_picked":["bronze:WildBeam+1","bronze:DigitalCarnage+1","bronze:WhirlingStrike"],"picked":"bronze:FineTuning+1","floor":42},{"not_picked":["bronze:Refactor+1","bronze:Invalidate+1","bronze:ForLoop+1","bronze:Shield+1"],"picked":"SKIP","floor":44},{"not_picked":["bronze:DarkDash+1","bronze:Refactor+1","bronze:Branch+1"],"picked":"bronze:ItsAFeature","floor":45},{"not_picked":["bronze:CutThrough+1","bronze:Turbo+1","bronze:Deprecate+1","bronze:Shield+1"],"picked":"SKIP","floor":46},{"not_picked":["bronze:ForceShield+1","bronze:BugBarrage+1","bronze:FindAndReplace+1","bronze:Iterate+1"],"picked":"SKIP","floor":49}],"player_experience":939827,"relics_obtained":[{"floor":2,"key":"Kunai"},{"floor":5,"key":"Toxic Egg 2"},{"floor":7,"key":"Pantograph"},{"floor":11,"key":"Matryoshka"},{"floor":24,"key":"Bag of Preparation"},{"floor":24,"key":"Juzu Bracelet"},{"floor":28,"key":"downfall:GremlinSack"},{"floor":41,"key":"Mummified Hand"},{"floor":41,"key":"Question Card"},{"floor":48,"key":"Ancient Tea Set"}],"event_choices":[{"cards_removed":["bronze:Strike"],"damage_healed":0,"gold_gain":0,"player_choice":"Removed Attack","damage_taken":0,"max_hp_gain":0,"max_hp_loss":0,"event_name":"Falling","floor":39,"gold_loss":0}],"is_beta":false,"boss_relics":[{"not_picked":["Velvet Choker","Sozu"],"picked":"bronze:MakeshiftBattery"},{"not_picked":["SacredBark","Runic Dome"],"picked":"bronze:PlatinumCore"}],"items_purged_floors":[],"is_endless":false,"potions_floor_spawned":[9,12,14,15,20,21,22,29,33,36,38,44],"ascension_level":0}}