{"host":"dl909bjyolgrn2uw","time":1613445811,"event":{"mods":["2.2 Compatiblity","BaseMod","Bestiary","Better Altar","Better Note","Better Sensory Stone","Better Skull","Better Third Choice","Better Vampires","Better-Laid Plans","BetterRewards","Colored Powertips","Curses Come First","Disable Question Mark Monsters","Displayed Cursed Tome","Emptier Cage","Minty Spire (QoL Compilation)","Morshu Shopkeeper","Permanent Neow","Rare Cards Sparkle","Relic Stats","Shop Mod","Spicy Shops","StSLib","SuperFastMode","Transform Curses"],"gold_per_floor":[118,132,144,144,155,155,174,174,174,11,21,21,21,48,48,131,131,131,51,51,51,51,51,51,51,51,51,26,26,26,26,26,26,26],"floor_reached":33,"language":"ENG","playtime":2984,"items_purged":[],"score":550,"play_id":"cf9380d4-b73e-4061-a58f-2392b7fae588","local_time":"20210215212331","is_ascension_mode":true,"campfire_choices":[{"data":"Eruption","floor":6.0,"key":"SMITH"},{"data":"CutThroughFate","floor":8.0,"key":"SMITH"},{"floor":13.0,"key":"REST"},{"data":"LikeWater","floor":15.0,"key":"SMITH"},{"floor":23.0,"key":"REST"},{"floor":27.0,"key":"REST"},{"floor":30.0,"key":"REST"},{"data":"SashWhip","floor":32,"key":"SMITH"}],"circlet_count":0,"master_deck":["AscendersBane","Strike_P","Strike_P","Strike_P","Strike_P","Defend_P","Defend_P","Defend_P+1","Defend_P","Eruption+1","Vigilance","SashWhip+1","Weave","FollowUp","CutThroughFate+1","Crescendo+1","LikeWater+1","DeusExMachina","JustLucky+1","EmptyFist+1","Writhe","FlurryOfBlows+1","RitualDagger+1","LessonLearned+1","EmptyBody+1","ThirdEye+1","CutThroughFate+1"],"relics":["Runic Pyramid","HornCleat","Vajra","CeramicFish","Ectoplasm","Molten Egg 2","Matryoshka","Toxic Egg 2","Bag of Marbles","War Paint"],"acts_visited":["Exordium","TheCity"],"potions_floor_usage":[31],"damage_taken":[{"damage":0.0,"enemies":"Cultist","floor":1.0,"turns":3.0},{"damage":4.0,"enemies":"Jaw Worm","floor":2.0,"turns":4.0},{"damage":16.0,"enemies":"2 Louse","floor":3.0,"turns":3.0},{"damage":7.0,"enemies":"2 Fungi Beasts","floor":5.0,"turns":3.0},{"damage":0.0,"enemies":"Blue Slaver","floor":7.0,"turns":3.0},{"damage":0.0,"enemies":"3 Louse","floor":11.0,"turns":2.0},{"damage":1.0,"enemies":"Looter","floor":14.0,"turns":3.0},{"damage":26.0,"enemies":"The Guardian","floor":16.0,"turns":8.0},{"damage":17.0,"enemies":"Shell Parasite","floor":18.0,"turns":6.0},{"damage":9.0,"enemies":"2 Thieves","floor":19.0,"turns":3.0},{"damage":28.0,"enemies":"Sentry and Sphere","floor":22.0,"turns":6.0},{"damage":2.0,"enemies":"Gremlin Leader","floor":25.0,"turns":4.0},{"damage":15,"enemies":"Slavers","floor":31,"turns":4},{"damage":44,"enemies":"Collector","floor":33,"turns":5}],"seed_played":"-3482202799313550940","potions_obtained":[{"floor":3.0,"key":"FearPotion"},{"floor":7.0,"key":"Block Potion"},{"floor":11.0,"key":"PowerPotion"},{"floor":22.0,"key":"Swift Potion"},{"floor":25.0,"key":"SteroidPotion"}],"is_trial":false,"path_per_floor":["M","M","M","?","M","R","M","R","T","$","M","?","R","M","R","B",null,"M","M","?","?","M","R","?","E","T","R","$","?","R","E","R","B"],"character_chosen":"WATCHER","items_purchased":["Vajra","EmptyBody+1"],"campfire_rested":4,"item_purchase_floors":[10,28],"current_hp_per_floor":[61,57,41,46,39,39,39,39,39,39,39,13,34,33,33,7,57,40,31,31,31,3,24,18,16,16,37,37,37,58,43,43,0,0],"gold":26,"neow_bonus":"BOSS_RELIC","is_daily":false,"chose_seed":false,"campfire_upgraded":4,"win_rate":0.0,"timestamp":1613445811,"path_taken":["M","M","M","?","M","R","M","R","T","$","M","?","R","M","R","BOSS","M","M","?","?","M","R","?","E","T","R","?","?","R","E","R","BOSS"],"items_purchased_type":["Relic","Card"],"build_version":"2020-12-22","purchased_purges":0,"victory":false,"max_hp_per_floor":[68,68,68,73,73,73,73,73,73,73,73,73,73,73,73,73,73,73,73,73,73,73,73,73,73,73,73,73,73,73,73,73,73,73],"relic_stats":{"counters":[14,57],"CeramicFish":18,"Ectoplasm":291,"War Paint":["Defend_P","Crescendo"],"obtain_stats":[{"HornCleat":9,"Matryoshka":25,"CeramicFish":12,"Vajra":10,"Molten Egg 2":21,"Ectoplasm":17,"Bag of Marbles":26,"PureWater":0,"Toxic Egg 2":26,"War Paint":31,"Runic Pyramid":0},{"HornCleat":5,"Matryoshka":12,"CeramicFish":6,"Vajra":5,"Molten Egg 2":10,"Ectoplasm":8,"Bag of Marbles":12,"PureWater":0,"Toxic Egg 2":12,"War Paint":13,"Runic Pyramid":0},{"HornCleat":16,"Matryoshka":48,"CeramicFish":18,"Vajra":16,"Molten Egg 2":38,"Ectoplasm":29,"Bag of Marbles":48,"PureWater":0,"Toxic Egg 2":48,"War Paint":52,"Runic Pyramid":0}]},"card_choices":[{"not_picked":["PathToVictory","DeceiveReality"],"picked":"SashWhip","floor":1.0},{"not_picked":["Nirvana","Consecrate"],"picked":"Weave","floor":2.0},{"not_picked":["Indignation","Worship"],"picked":"FollowUp","floor":3.0},{"not_picked":["FlurryOfBlows","CrushJoints"],"picked":"CutThroughFate","floor":5.0},{"not_picked":["Prostrate","Consecrate","InnerPeace"],"picked":"SKIP","floor":7.0},{"not_picked":["FollowUp","BattleHymn"],"picked":"Crescendo","floor":11.0},{"not_picked":["FlyingSleeves","Prostrate"],"picked":"LikeWater","floor":14.0},{"not_picked":["Omniscience","DevaForm"],"picked":"DeusExMachina","floor":16.0},{"not_picked":["ClearTheMind","Collect"],"picked":"JustLucky+1","floor":18.0},{"not_picked":["SandsOfTime","Indignation"],"picked":"EmptyFist","floor":19.0},{"not_picked":["Pray","Consecrate+1"],"picked":"FlurryOfBlows+1","floor":22.0},{"not_picked":["Swivel","ThirdEye"],"picked":"LessonLearned+1","floor":25.0},{"not_picked":["Nirvana","Omniscience+1"],"picked":"CutThroughFate+1","floor":31}],"player_experience":444596,"relics_obtained":[{"floor":9.0,"key":"HornCleat"},{"floor":25.0,"key":"Matryoshka"},{"floor":26.0,"key":"Toxic Egg 2"},{"floor":26.0,"key":"Bag of Marbles"},{"floor":31,"key":"War Paint"}],"event_choices":[{"damage_healed":0.0,"max_hp_gain":5.0,"max_hp_loss":0.0,"gold_gain":0.0,"event_name":"Big Fish","player_choice":"Donut","floor":4.0,"gold_loss":0.0,"damage_taken":0.0},{"damage_healed":0.0,"max_hp_gain":0.0,"max_hp_loss":0.0,"gold_gain":0.0,"event_name":"betterThird:BetterScrap","player_choice":"Relic ","floor":12.0,"gold_loss":0.0,"damage_taken":26.0,"cards_obtained":["Electrodynamics"]},{"damage_healed":0.0,"max_hp_gain":0.0,"max_hp_loss":0.0,"gold_gain":0.0,"event_name":"The Mausoleum","player_choice":"Opened","floor":21.0,"gold_loss":0.0,"damage_taken":0.0,"relics_obtained":["Molten Egg 2"],"cards_obtained":["Writhe"]},{"damage_healed":0.0,"max_hp_gain":0.0,"max_hp_loss":0.0,"gold_gain":0.0,"event_name":"betterThird:BetterNest","player_choice":"Dagger","floor":24.0,"gold_loss":0.0,"damage_taken":6.0,"cards_obtained":["RitualDagger"]},{"damage_healed":0.0,"max_hp_gain":0.0,"max_hp_loss":0.0,"gold_gain":0.0,"event_name":"The Library","player_choice":"Read","floor":29.0,"gold_loss":0.0,"damage_taken":0.0,"cards_obtained":["ThirdEye"]}],"is_beta":false,"boss_relics":[{"not_picked":["Empty Cage","Velvet Choker"],"picked":"Ectoplasm"}],"items_purged_floors":[],"is_endless":false,"potions_floor_spawned":[3,7,11,22,25],"killed_by":"Collector","ascension_level":20}}