{"host":"8anmd7ibyxevnonj","time":1613483806,"event":{"mods":["BaseMod","Curses Come First","Minty Spire (QoL Compilation)","Reliquary","StSLib"],"gold_per_floor":[114,114,39,39,62,62,105,105,180,180,198,276,314,339,339,458,458,476,200,218,236,252,252,267,281,307,355,367,160,179,179,179,179,179],"floor_reached":33,"language":"ENG","playtime":1475,"items_purged":["Regret"],"score":302,"play_id":"da262351-0d27-4f02-9913-502e5d7e2c46","local_time":"20210216145646","is_ascension_mode":false,"campfire_choices":[{"data":"Compile Driver","floor":6,"key":"SMITH"},{"data":"Defragment","floor":8,"key":"SMITH"},{"data":"Leap","floor":10,"key":"SMITH"},{"data":"Conserve Battery","floor":15,"key":"SMITH"},{"data":"Static Discharge","floor":23,"key":"SMITH"},{"data":"Electrodynamics","floor":32,"key":"SMITH"}],"circlet_count":0,"master_deck":["Strike_B+1","Strike_B+1","Strike_B+1","Strike_B+1","Defend_B+1","Defend_B+1","Defend_B+1","Defend_B+1","Zap+1","Compile Driver+1","Leap+1","Defragment+1","Ball Lightning","Leap","Conserve Battery+1","Electrodynamics+1","Static Discharge+1","Leap+1","Conserve Battery","Rip and Tear+1","Conserve Battery","Static Discharge","Lockon"],"relics":["Cracked Core","NeowsBlessing","War Paint","Golden Idol","Matryoshka","Oddly Smooth Stone","reliquary:BallBearing","Mango","reliquary:PurpleTingedLeaf","reliquary:RedCape","reliquary:HotPoker","reliquary:FeatherDuster","MawBank","reliquary:TatteredRug","reliquary:RoseTintedGlasses","reliquary:PorcupineQuills"],"acts_visited":["Exordium","TheCity"],"potions_floor_usage":[16,33],"damage_taken":[{"damage":0,"enemies":"Small Slimes","floor":1,"turns":1},{"damage":0,"enemies":"Cultist","floor":5,"turns":1},{"damage":0,"enemies":"Lagavulin","floor":7,"turns":1},{"damage":0,"enemies":"Jaw Worm","floor":11,"turns":2},{"damage":3,"enemies":"3 Sentries","floor":12,"turns":6},{"damage":11,"enemies":"Gremlin Nob","floor":13,"turns":4},{"damage":5,"enemies":"2 Fungi Beasts","floor":14,"turns":3},{"damage":3,"enemies":"The Guardian","floor":16,"turns":9},{"damage":10,"enemies":"2 Thieves","floor":18,"turns":3},{"damage":0,"enemies":"Chosen","floor":20,"turns":4},{"damage":14,"enemies":"Snecko","floor":21,"turns":5},{"damage":10,"enemies":"Snake Plant","floor":22,"turns":4},{"damage":14,"enemies":"Cultist and Chosen","floor":24,"turns":4},{"damage":13,"enemies":"Sentry and Sphere","floor":25,"turns":5},{"damage":1,"enemies":"Book of Stabbing","floor":27,"turns":6},{"damage":0,"enemies":"3 Cultists","floor":30,"turns":3},{"damage":39,"enemies":"Automaton","floor":33,"turns":6}],"seed_played":"-1296345167737411676","potions_obtained":[{"floor":11,"key":"DuplicationPotion"},{"floor":12,"key":"Strength Potion"},{"floor":13,"key":"PowerPotion"},{"floor":18,"key":"BlessingOfTheForge"},{"floor":25,"key":"LiquidBronze"}],"is_trial":false,"path_per_floor":["M","?","$","?","M","R","E","R","T","R","M","?","E","M","R","B",null,"M","$","M","M","M","R","M","M","T","E","?","$","M","?","R","B"],"character_chosen":"DEFECT","items_purchased":["reliquary:HotPoker","Static Discharge","Static Discharge","reliquary:PorcupineQuills"],"campfire_rested":0,"item_purchase_floors":[19,19,29,29],"current_hp_per_floor":[75,75,75,57,57,57,57,57,57,57,57,68,57,53,53,53,89,80,80,81,68,59,59,46,34,34,35,35,35,36,36,36,0,0],"gold":179,"neow_bonus":"THREE_ENEMY_KILL","is_daily":false,"chose_seed":false,"campfire_upgraded":6,"win_rate":0.0,"timestamp":1613483806,"path_taken":["M","?","$","?","M","R","E","R","T","R","M","?","E","M","R","BOSS","M","$","M","M","M","R","M","M","T","E","?","$","?","?","R","BOSS"],"items_purchased_type":["Relic","Card","Card","Relic"],"build_version":"2020-12-13","purchased_purges":1,"victory":false,"max_hp_per_floor":[75,75,75,75,75,75,75,75,75,75,75,89,89,89,89,89,89,89,89,89,89,89,89,89,89,89,89,89,89,89,89,89,89,89],"card_choices":[{"not_picked":["Leap","Hologram"],"picked":"Compile Driver","floor":1},{"not_picked":["Reprogram","Compile Driver"],"picked":"Leap","floor":5},{"not_picked":["Redo","Darkness"],"picked":"Defragment","floor":7},{"not_picked":["Redo","Go for the Eyes"],"picked":"Ball Lightning","floor":11},{"not_picked":["Double Energy","Darkness"],"picked":"Leap","floor":12},{"not_picked":["Hologram","Rip and Tear"],"picked":"Redo","floor":13},{"not_picked":["Compile Driver","Steam Power"],"picked":"Conserve Battery","floor":14},{"not_picked":["Reboot","Fission"],"picked":"Electrodynamics","floor":16},{"not_picked":["Aggregate","Hello World"],"picked":"Barrage","floor":18},{"not_picked":["Aggregate+1","Chaos"],"picked":"Sweeping Beam","floor":20},{"not_picked":["Reprogram+1","Coolheaded+1"],"picked":"Leap+1","floor":21},{"not_picked":["Leap","Redo"],"picked":"Conserve Battery","floor":22},{"not_picked":["All For One","Cold Snap+1"],"picked":"Rip and Tear+1","floor":24},{"not_picked":["Chaos","Aggregate"],"picked":"Redo","floor":25},{"not_picked":["Gash","All For One"],"picked":"Conserve Battery","floor":27},{"not_picked":["Coolheaded","Heatsinks"],"picked":"Lockon","floor":30}],"player_experience":4165,"relics_obtained":[{"floor":7,"key":"Matryoshka"},{"floor":9,"key":"Oddly Smooth Stone"},{"floor":9,"key":"reliquary:BallBearing"},{"floor":12,"key":"Mango"},{"floor":13,"key":"reliquary:PurpleTingedLeaf"},{"floor":26,"key":"reliquary:FeatherDuster"},{"floor":26,"key":"MawBank"},{"floor":27,"key":"reliquary:TatteredRug"}],"event_choices":[{"damage_healed":0,"gold_gain":0,"player_choice":"Box","damage_taken":0,"relics_obtained":["War Paint"],"max_hp_gain":0,"max_hp_loss":0,"event_name":"Big Fish","floor":2,"gold_loss":0,"cards_obtained":["Regret"]},{"damage_healed":0,"gold_gain":0,"player_choice":"Take Damage","damage_taken":18,"relics_obtained":["Golden Idol"],"max_hp_gain":0,"max_hp_loss":0,"event_name":"Golden Idol","floor":4,"gold_loss":0},{"damage_healed":0,"gold_gain":0,"player_choice":"Searched \u00271\u0027 times","damage_taken":0,"max_hp_gain":0,"max_hp_loss":0,"event_name":"Dead Adventurer","floor":12,"gold_loss":0},{"cards_removed":["Sweeping Beam"],"damage_healed":0,"gold_gain":0,"player_choice":"Gave Card","damage_taken":0,"relics_obtained":["reliquary:RoseTintedGlasses"],"max_hp_gain":0,"max_hp_loss":0,"event_name":"WeMeetAgain","floor":28,"gold_loss":0},{"damage_healed":0,"gold_gain":0,"player_choice":"Simplicity","damage_taken":0,"max_hp_gain":0,"max_hp_loss":0,"event_name":"Back to Basics","floor":31,"gold_loss":0,"cards_upgraded":["Strike_B","Strike_B","Strike_B","Strike_B","Defend_B","Defend_B","Defend_B"]}],"is_beta":false,"boss_relics":[{"not_picked":["Philosopher\u0027s Stone","Calling Bell"],"picked":"reliquary:RedCape"}],"items_purged_floors":[3],"is_endless":false,"potions_floor_spawned":[11,12,13,18,20,25,27,30],"killed_by":"Automaton","ascension_level":0}}