{"host":"j1dv7kwky60lg19i","time":1613454031,"event":{"mods":["ATMod(阿瑾Mod)","AchievementEnabler","Act Like it!","BaseMod","Better Vampires","Bossed Relics","Colored Powertips","Conspire","Friendly Minions","Gensokyo","Gold Saver","Highlight Path","KinomotoSakuraMod(木之本樱)","Minty Spire (QoL Compilation)","MostiFishMod","Quarter Circle Forward PUNCH!","Quick Restart","Rare Cards Sparkle","Reimu（博丽灵梦）","Reliquary","Replay The Spire","RumiaBox-露米娅的神秘盒子","StSLib","TestMod","The Servant 0.9.4","noobMod","【功能Mod】强力的原版药水","【功能Mod】混沌之环修复补丁","【遗物Mod】简单游戏","【遗物卡牌】REMEMod","篝火指南"],"gold_per_floor":[-180,-167,-87,-73,-63,-63,-50,-50,-26,-10,3,35,51,68,68,169,169,184,184,184,199,217,217,251,263,263,275,275,290,290,303,303,400,400,413,135,135,191,39,49,49,67,67,67,82,96,96,96,96,96,96,96,59,91,91],"floor_reached":56,"language":"ZHS","playtime":4660,"items_purged":[],"score":1402,"play_id":"d1a5beea-0df3-4bca-a922-ceddf8378d54","local_time":"20210216134031","is_ascension_mode":false,"campfire_choices":[{"data":"ClowCardTheMove","floor":6.0,"key":"SMITH"},{"data":"ClowCardTheFlower","floor":8.0,"key":"SMITH"},{"data":"AT_BodySlamDance","floor":15.0,"key":"SMITH"},{"data":"ClowCardTheFirey","floor":23.0,"key":"SMITH"},{"data":"ClowCardTheMirror","floor":28.0,"key":"SMITH"},{"data":"ClowCardTheFly","floor":30.0,"key":"SMITH"},{"floor":32.0,"key":"RECALL"},{"data":"Gensokyo:ManorOfTheDishes","floor":41,"key":"SMITH"},{"data":"ClowCardTheThunder","floor":47,"key":"SMITH"},{"data":"ClowCardTheFloat","floor":49,"key":"SMITH"},{"data":"ClowCardTheWatery","floor":52,"key":"SMITH"}],"circlet_count":0,"master_deck":["SakuraCardTheGlow+","SakuraCardTheFight+","ClowCardTheSword","ClowCardTheSword","ClowCardTheSword","ClowCardTheShield","ClowCardTheShield","ClowCardTheShield","ClowCardTheShield","SpellCardSeal","SpellCardRelease","AT_BodySlamDance+1","ClowCardTheFirey+1","ClowCardTheFlower+1","ClowCardTheWindy","ClowCardTheMove+1","ClowCardTheShadow","ClowCardTheTwin","ClowCardTheShot","ClowCardTheShadow","ClowCardTheWatery+1","ClowCardTheDash","ClowCardTheEarthy+1","ClowCardTheGlow","ClowCardTheEarthy+1","ClowCardTheSand","ClowCardTheMirror+1","ClowCardTheWave","ClowCardTheFly+1","ClowCardTheArrow","Gensokyo:ManorOfTheDishes+1","ClowCardTheMaze","ClowCardTheBubbles","ClowCardTheMist+1","ClowCardTheThunder+1","ClowCardTheFloat+1","ClowCardTheDream+1","ClowCardTheLight"],"relics":["KSMOD_SealedBook","KSMOD_SealedWand","testmod-TestBox","EasyRelic","REME_ComplimentaryCards","ice","DaveBox","AT_ATBox","testmod-ChristmasGift","SynthV:MejaisSoulstealer","SynthV:TestCard","AT_EbonyIvory","ZombieArmy","Sozu","Vajra","conspire:RoyalGoblet","KSMOD_SwordJade","testmod-AssaultLearning","testmod-ArcanaOfDestiny","reliquary:PurpleTingedLeaf","Eternal Feather","reliquary:IridiumChain","SSSystem","reliquary:RosewoodLute"],"acts_visited":["Gensokyo:Gensokyo","TheCity","Gensokyo:Gensokyoest","TheEnding"],"potions_floor_usage":[45,55,55],"damage_taken":[{"damage":0.0,"enemies":"Gensokyo:Python","floor":1.0,"turns":2.0},{"damage":0.0,"enemies":"Gensokyo:2_Kodama","floor":2.0,"turns":1.0},{"damage":0.0,"enemies":"Gensokyo:Gryphon","floor":4.0,"turns":1.0},{"damage":4.0,"enemies":"Gensokyo:CorruptedTreant","floor":5.0,"turns":2.0},{"damage":3.0,"enemies":"Gensokyo:3_Kodama","floor":7.0,"turns":2.0},{"damage":0.0,"enemies":"Gensokyo:VengefulSpirit","floor":10.0,"turns":2.0},{"damage":0.0,"enemies":"Gensokyo:Python_and_Kodama","floor":11.0,"turns":2.0},{"damage":0.0,"enemies":"Gensokyo:Cirno","floor":12.0,"turns":4.0},{"damage":0.0,"enemies":"Gensokyo:5_Fairies","floor":13.0,"turns":3.0},{"damage":0.0,"enemies":"Gensokyo:3_Kodama","floor":14.0,"turns":3.0},{"damage":0.0,"enemies":"Gensokyo:Reimu","floor":16.0,"turns":4.0},{"damage":0.0,"enemies":"Shell Parasite","floor":18.0,"turns":2.0},{"damage":0.0,"enemies":"2 Thieves","floor":21.0,"turns":1.0},{"damage":15.0,"enemies":"Shelled Parasite and Fungi","floor":22.0,"turns":2.0},{"damage":0.0,"enemies":"Replay:Snechameleon","floor":24.0,"turns":3.0},{"damage":0.0,"enemies":"Snecko","floor":25.0,"turns":2.0},{"damage":0.0,"enemies":"Cultist and Chosen","floor":27.0,"turns":3.0},{"damage":0.0,"enemies":"Shelled Parasite and Fungi","floor":29.0,"turns":2.0},{"damage":0.0,"enemies":"Snecko","floor":31.0,"turns":3.0},{"damage":0.0,"enemies":"Pondfish","floor":33.0,"turns":6.0},{"damage":0,"enemies":"Gensokyo:AncientGuardian","floor":35,"turns":2},{"damage":0,"enemies":"Gensokyo:3_Boulders","floor":40,"turns":3},{"damage":0,"enemies":"Gensokyo:AtlasGolem","floor":42,"turns":4},{"damage":7,"enemies":"Gensokyo:4_Bats","floor":45,"turns":2},{"damage":0,"enemies":"Gensokyo:Sharpion","floor":46,"turns":2},{"damage":0,"enemies":"Gensokyo:Shinki","floor":50,"turns":5},{"damage":39,"enemies":"Shield and Spear","floor":54,"turns":5},{"damage":35,"enemies":"The Heart","floor":55,"turns":6}],"seed_played":"-1231018240581515850","potions_obtained":[{"floor":4.0,"key":"Weak Potion"},{"floor":5.0,"key":"Fire Potion"},{"floor":7.0,"key":"ZuzhouPotion:ReiMu"},{"floor":10.0,"key":"Fruit Juice"},{"floor":12.0,"key":"DuplicationPotion"}],"is_trial":false,"path_per_floor":["M","M","?","M","M","R","M","R","T","M","M","E","M","M","R","B",null,"M","?","?","M","M","R","E","M","T","M","R","M","R","M","R","B",null,"M","COS","?","?","$","M","R","M","T","$","M","M","R","T","R","B",null,"R","$","E","B",null],"character_chosen":"KINOMOTOSAKURA","items_purchased":["testmod-AssaultLearning","ClowCardTheDream+1"],"campfire_rested":0,"item_purchase_floors":[39,53],"current_hp_per_floor":[70,70,70,70,66,66,69,69,69,80,80,80,80,80,80,80,80,80,80,80,80,69,69,77,80,80,80,80,80,80,80,80,80,80,80,80,80,80,80,80,80,80,80,80,78,80,80,80,80,80,80,80,80,54,41],"gold":91,"neow_bonus":"REMOVE_CARD","is_daily":false,"chose_seed":false,"campfire_upgraded":10,"win_rate":0.0,"timestamp":1613454031,"path_taken":["M","M","?","M","M","R","M","R","T","M","?","E","M","M","R","BOSS","M","?","?","M","M","R","E","M","T","M","R","M","R","M","R","BOSS","M","COS","?","?","$","M","R","?","T","?","M","M","R","?","R","BOSS","R","$","E","BOSS"],"items_purchased_type":["Relic","Card"],"build_version":"2020-12-22","purchased_purges":0,"victory":true,"max_hp_per_floor":[70,70,70,70,70,70,70,70,70,80,80,80,80,80,80,80,80,80,80,80,80,80,80,80,80,80,80,80,80,80,80,80,80,80,80,80,80,80,80,80,80,80,80,80,80,80,80,80,80,80,80,80,80,80,80],"card_choices":[{"not_picked":["ClowCardTheLibra","ClowCardTheLittle"],"picked":"ClowCardTheFirey","floor":1.0},{"not_picked":["ClowCardTheShadow","ClowCardTheCloud","ClowCardTheMist","ClowCardTheSilent"],"picked":"ClowCardTheFlower","floor":2.0},{"not_picked":["ClowCardTheSilent","ClowCardTheMirror","ClowCardTheCloud","ClowCardTheLittle"],"picked":"ClowCardTheWindy","floor":4.0},{"not_picked":["ClowCardTheDream","ClowCardTheWood","ClowCardTheLibra","ClowCardTheTwin"],"picked":"ClowCardTheMove","floor":5.0},{"not_picked":["ClowCardTheWood","ClowCardTheErase","ClowCardTheVoice","ClowCardTheFirey"],"picked":"ClowCardTheShadow","floor":7.0},{"not_picked":["ClowCardTheLittle","ClowCardTheIllusion","ClowCardTheDream","ClowCardTheMist"],"picked":"ClowCardTheTwin","floor":10.0},{"not_picked":["ClowCardTheErase","ClowCardTheIllusion","ClowCardTheShadow","ClowCardTheLibra"],"picked":"ClowCardTheShot","floor":11.0},{"not_picked":["ClowCardTheSweet","ClowCardTheMaze","ClowCardTheCloud","ClowCardTheSleep"],"picked":"ClowCardTheFight","floor":12.0},{"not_picked":["ClowCardTheMirror","ClowCardTheDream","ClowCardTheWood","ClowCardTheShot"],"picked":"ClowCardTheShadow","floor":13.0},{"not_picked":["ClowCardTheSnow","ClowCardTheSweet","ClowCardTheRain","ClowCardThePower"],"picked":"ClowCardTheWatery","floor":14.0},{"not_picked":["ClowCardTheTwin","ClowCardTheFight","ClowCardTheDark","ClowCardTheThrough"],"picked":"ClowCardTheDash","floor":16.0},{"not_picked":["ClowCardTheIllusion+1","ClowCardTheSweet","ClowCardTheArrow","ClowCardTheLittle"],"picked":"ClowCardTheEarthy+1","floor":18.0},{"not_picked":["ClowCardTheSweet","ClowCardTheVoice","ClowCardThePower+1","ClowCardTheLoop"],"picked":"ClowCardTheEarthy+1","floor":21.0},{"not_picked":["ClowCardTheLittle","ClowCardTheFly","ClowCardTheSong","ClowCardTheLoop"],"picked":"ClowCardTheSand","floor":22.0},{"not_picked":["ClowCardTheArrow","ClowCardTheCloud","ClowCardTheSand","ClowCardTheLock"],"picked":"ClowCardTheMirror","floor":24.0},{"not_picked":["ClowCardTheSleep","ClowCardTheSilent","ClowCardTheGlow","ClowCardTheFloat+1"],"picked":"ClowCardTheWave","floor":25.0},{"not_picked":["ClowCardTheWood+1","ClowCardTheWave","ClowCardTheTwin","ClowCardTheIllusion","ClowCardTheSand"],"picked":"SKIP","floor":27.0},{"not_picked":["ClowCardTheArrow","ClowCardTheCloud","ClowCardTheSilent","ClowCardTheLibra"],"picked":"ClowCardTheFly","floor":29.0},{"not_picked":["ClowCardTheWood+1","ClowCardTheCloud","ClowCardTheLoop+1","ClowCardTheVoice+1"],"picked":"ClowCardTheArrow","floor":31.0},{"not_picked":["ClowCardTheLight","ClowCardTheReturn","ClowCardTheDark","ClowCardTheTwin"],"picked":"ClowCardTheCreate","floor":33.0},{"not_picked":["ClowCardTheSand+1","ClowCardTheCloud","ClowCardTheWood+1","ClowCardTheShot+1","ClowCardTheSilent"],"picked":"SKIP","floor":35},{"not_picked":["ClowCardTheSleep+1","ClowCardTheWood+1","ClowCardTheTime","ClowCardTheShadow"],"picked":"ClowCardTheMaze","floor":38},{"not_picked":["ClowCardTheStorm","ClowCardTheBig+1","ClowCardTheFreeze","ClowCardTheSand+1"],"picked":"ClowCardTheBubbles","floor":38},{"not_picked":["ClowCardTheEarthy","ClowCardTheShadow","ClowCardThePower+1","ClowCardTheSnow"],"picked":"ClowCardTheGlow","floor":40},{"not_picked":["ClowCardTheSand+1","ClowCardTheWindy","ClowCardTheIllusion+1","ClowCardTheLibra+1"],"picked":"ClowCardTheMist+1","floor":42},{"not_picked":["ClowCardTheArrow+1","ClowCardTheBig","ClowCardTheShadow+1","ClowCardTheShot"],"picked":"ClowCardTheThunder","floor":45},{"not_picked":["ClowCardTheVoice","ClowCardThePower+1","ClowCardTheArrow","ClowCardTheJump"],"picked":"ClowCardTheFloat","floor":46},{"not_picked":["ClowCardTheStorm+1","ClowCardTheLock+1","ClowCardTheLibra","ClowCardTheThrough"],"picked":"ClowCardTheLight","floor":54}],"player_experience":198119,"relics_obtained":[{"floor":1.0,"key":"SynthV:TestCard"},{"floor":9.0,"key":"AT_EbonyIvory"},{"floor":12.0,"key":"ZombieArmy"},{"floor":24.0,"key":"Vajra"},{"floor":38,"key":"KSMOD_SwordJade"},{"floor":43,"key":"testmod-ArcanaOfDestiny"},{"floor":45,"key":"reliquary:PurpleTingedLeaf"},{"floor":48,"key":"Eternal Feather"},{"floor":54,"key":"SSSystem"}],"event_choices":[{"damage_healed":0.0,"max_hp_gain":0.0,"max_hp_loss":0.0,"gold_gain":0.0,"event_name":"Ghosts","player_choice":"Ignored","floor":19.0,"gold_loss":0.0,"damage_taken":0.0},{"damage_healed":0.0,"max_hp_gain":0.0,"max_hp_loss":0.0,"gold_gain":0.0,"event_name":"The Library","player_choice":"Read","floor":20.0,"gold_loss":0.0,"damage_taken":0.0,"cards_obtained":["ClowCardTheGlow"]}],"is_beta":false,"boss_relics":[{"not_picked":["testmod-PortableAltar","Kintsugi"],"picked":"Sozu"},{"not_picked":["testmod-EnergyCheck","MoonlightInvasionPlan"],"picked":"conspire:RoyalGoblet"}],"items_purged_floors":[],"is_endless":false,"potions_floor_spawned":[4,5,7,10,12,18,21,24,29,33,46],"ascension_level":0}}