{"host":"rs956zbefct9hzhl","time":1613504586,"event":{"mods":["BaseMod","BetterRewards","Downfall","Minty Spire (QoL Compilation)","Shop Mod","Spikes Relics","StSLib"],"gold_per_floor":[99,112,128,128,62,62,62,74,74,85,85,105,5,5,18,120,120,120,140,160,160,170,194,194,294,306,325,325,325,325,22,34,34,34,34],"floor_reached":33,"language":"ENG","playtime":2319,"items_purged":["Regret"],"score":259,"play_id":"e2ff63bf-57c3-47fc-8b00-6e012f4da21e","local_time":"20210216204306","is_ascension_mode":false,"campfire_choices":[{"data":"hexamod:ChargedBarrage","floor":1,"key":"SMITH"},{"data":"hexamod:SpectralAdrenaline","floor":6,"key":"SMITH"},{"data":"hexamod:Rewind","floor":9,"key":"SMITH"},{"data":"hexamod:CatchUp","floor":13,"key":"SMITH"},{"data":"hexamod:GhostflameInferno","floor":18,"key":"SMITH"},{"floor":30,"key":"DIG"}],"circlet_count":0,"master_deck":["hexamod:Strike","hexamod:Strike","hexamod:Strike","hexamod:Defend","hexamod:Defend","hexamod:Defend","hexamod:Sear","hexamod:Float","hexamod:SpectralAdrenaline+1","hexamod:ChargedBarrage+1","hexamod:Rewind+1","hexamod:RecurringNightmare","hexamod:HauntingEcho","hexamod:ShieldOfDarkness","hexamod:FastForward","hexamod:FourthSeal","hexamod:CatchUp+1","hexamod:GhostflameInferno+1","hexamod:TimeOfNeed","hexamod:SoulSteal","Writhe","hexamod:ExtraCrispy","hexamod:BurningTouch+1","hexamod:HeatCrush+1","hexamod:SecondSeal","hexamod:Incineration"],"relics":["hexamod:SpiritBrand","downfall:BrokenWingStatue","downfall:HeartBlessingBlue","Meat on the Bone","CosmicIsotope","Toxic Egg 2","Centennial Puzzle","Blue Candle","Shovel","Letter Opener","Mercury Hourglass","MerchantsRug"],"acts_visited":["Exordium","TheCity"],"potions_floor_usage":[16,22,22,22,22,26,27,28,28,28,33,33],"damage_taken":[{"damage":1,"enemies":"Jaw Worm","floor":2,"turns":3},{"damage":0,"enemies":"Small Slimes","floor":3,"turns":3},{"damage":0,"enemies":"downfall:FleeingMerchant","floor":5,"turns":4},{"damage":0,"enemies":"2 Louse","floor":8,"turns":3},{"damage":2,"enemies":"Exordium Wildlife","floor":10,"turns":4},{"damage":0,"enemies":"downfall:LooterAlt","floor":12,"turns":3},{"damage":14,"enemies":"3 Louse","floor":15,"turns":3},{"damage":34,"enemies":"WA_ARCHETYPE_RETAIN","floor":16,"turns":6},{"damage":9,"enemies":"Shell Parasite","floor":19,"turns":6},{"damage":19,"enemies":"3 Byrds","floor":20,"turns":6},{"damage":33,"enemies":"Snecko","floor":22,"turns":8},{"damage":1,"enemies":"DF_ARCHETYPE_STREAMLINE","floor":25,"turns":6},{"damage":12,"enemies":"Snake Plant","floor":26,"turns":3},{"damage":13,"enemies":"Centurion and Healer","floor":27,"turns":3},{"damage":8,"enemies":"Slavers","floor":28,"turns":2},{"damage":11,"enemies":"downfall:FleeingMerchant","floor":31,"turns":4},{"damage":0,"enemies":"Snecko","floor":32,"turns":3},{"damage":46,"enemies":"SI_MIRROR_ARCHETYPE","floor":33,"turns":8}],"seed_played":"5472398415934559944","potions_obtained":[{"floor":2,"key":"ColorlessPotion"},{"floor":10,"key":"SteroidPotion"},{"floor":12,"key":"champ:CounterPotion"},{"floor":12,"key":"LiquidMemories"},{"floor":16,"key":"FearPotion"},{"floor":20,"key":"EntropicBrew"},{"floor":22,"key":"PowerPotion"},{"floor":22,"key":"DuplicationPotion"},{"floor":26,"key":"Weak Potion"},{"floor":27,"key":"SmokeBomb"},{"floor":31,"key":"DuplicationPotion"},{"floor":32,"key":"AttackPotion"}],"is_trial":false,"path_per_floor":["R","M","M","?","$","R","T","M","R","M","?","M","R","?","M","B",null,"R","M","M","?","M","T","T","?","M","M","E","?","R","$","M","B"],"character_chosen":"THE_SPIRIT","items_purchased":["hexamod:ShieldOfDarkness","MerchantsRug","hexamod:Incineration"],"campfire_rested":0,"item_purchase_floors":[5,31,31],"current_hp_per_floor":[63,62,62,62,62,62,62,62,62,60,60,60,70,70,56,34,73,73,64,45,45,24,24,24,35,35,34,38,38,38,39,39,0,0,0],"gold":34,"neow_bonus":"TRANSFORM_TWO_CARDS","is_daily":false,"chose_seed":false,"campfire_upgraded":5,"win_rate":0.0,"timestamp":1613504586,"path_taken":["R","M","M","?","$","R","T","M","R","M","?","M","R","?","M","BOSS","R","M","M","?","M","?","T","?","M","M","E","?","R","$","M","BOSS"],"items_purchased_type":["Card","Relic","Card"],"build_version":"2020-12-22","purchased_purges":1,"victory":false,"max_hp_per_floor":[63,63,63,63,63,63,63,63,63,63,63,63,73,73,73,73,73,73,73,73,73,73,73,73,73,73,73,73,73,73,73,73,73,73,73],"card_choices":[{"not_picked":["hexamod:NightmareStrike","hexamod:SpectersWail"],"picked":"hexamod:Rewind","floor":2},{"not_picked":["hexamod:NecessarySacrifice","hexamod:NightmareGuise"],"picked":"hexamod:RecurringNightmare","floor":3},{"not_picked":["hexamod:GhostShield","hexamod:SwordOfDarkness"],"picked":"hexamod:HauntingEcho","floor":5},{"not_picked":["hexamod:Hexaguard","hexamod:Firestarter","hexamod:NightmareStrike"],"picked":"SKIP","floor":8},{"not_picked":["hexamod:NightmareGuise","hexamod:GhostLash"],"picked":"hexamod:FastForward","floor":10},{"not_picked":["hexamod:NightmareStrike","hexamod:NightmareGuise"],"picked":"hexamod:CatchUp","floor":12},{"not_picked":["hexamod:GhostShield","hexamod:Firestarter"],"picked":"hexamod:GhostflameInferno","floor":15},{"not_picked":["hexamod:VolcanoVisage","hexamod:GhostflameInferno"],"picked":"hexamod:TimeOfNeed","floor":16},{"not_picked":["hexamod:BacktrackSmack","hexamod:RecurringNightmare"],"picked":"hexamod:SoulSteal","floor":19},{"not_picked":["hexamod:GhostOfSpirePast","hexamod:NightmareGuise","hexamod:NightmareStrike+1"],"picked":"SKIP","floor":20},{"not_picked":["hexamod:SpectersWail","hexamod:NightmareGuise+1","hexamod:BacktrackSmack"],"picked":"SKIP","floor":22},{"not_picked":["hexamod:SpectersWail","hexamod:GhostShield+1"],"picked":"hexamod:ExtraCrispy","floor":25},{"not_picked":["hexamod:SpectralAdrenaline+1","hexamod:PhantomFireball"],"picked":"hexamod:BurningTouch+1","floor":26},{"not_picked":["hexamod:NightmareGuise+1","hexamod:ThermalTransfer"],"picked":"hexamod:HeatCrush+1","floor":27},{"not_picked":["hexamod:GhostShield+1","hexamod:GhostOfSpirePresent"],"picked":"hexamod:SecondSeal","floor":31},{"not_picked":["hexamod:FourthSeal","hexamod:ThermalTransfer","hexamod:ExtraCrispy"],"picked":"SKIP","floor":32}],"player_experience":516629,"relics_obtained":[{"floor":23,"key":"Centennial Puzzle"},{"floor":24,"key":"Blue Candle"},{"floor":25,"key":"Shovel"},{"floor":25,"key":"Letter Opener"},{"floor":30,"key":"Mercury Hourglass"}],"event_choices":[{"damage_healed":0,"gold_gain":0,"player_choice":"Box","damage_taken":0,"relics_obtained":["Meat on the Bone"],"max_hp_gain":0,"max_hp_loss":0,"event_name":"Big Fish","floor":14,"gold_loss":0,"cards_obtained":["Regret"]}],"is_beta":false,"boss_relics":[{"not_picked":["Fusion Hammer","Tiny House"],"picked":"CosmicIsotope"}],"items_purged_floors":[31],"is_endless":false,"potions_floor_spawned":[2,10,12,22,25,26,27],"killed_by":"SI_MIRROR_ARCHETYPE","ascension_level":0}}