{"host":"q786d26vp7h4gpli","time":1613479631,"event":{"mods":["BaseMod","Downfall","Minty Spire (QoL Compilation)","Quick Restart","Remove Card Discount Mod","StSLib","Td1madao Mod"],"gold_per_floor":[112,112,62,86,104,104,140,159,213,213,191,38,118,118,118,238,238,257,257,257,257,269,269,269],"floor_reached":23,"language":"ENG","playtime":1142,"items_purged":["Injury"],"score":187,"play_id":"bd70e7de-d3a1-4114-9891-01a01f122f74","local_time":"20210216204711","is_ascension_mode":false,"campfire_choices":[{"data":"Eruption","floor":6,"key":"SMITH"},{"floor":10,"key":"REST"},{"floor":15,"key":"REST"}],"circlet_count":0,"master_deck":["Strike_P","Strike_P","Strike_P","Strike_P","Defend_P","Defend_P","Defend_P","Defend_P","Eruption+1","Vigilance","EmptyBody","FollowUp","BowlingBash","PathToVictory","FearNoEvil","Consecrate","FlurryOfBlows","PathToVictory","MentalFortress","Consecrate","DevaForm","Consecrate","WreathOfFlame"],"relics":["HolyWater","Nunchaku","Bloody Idol","Bottled Flame","Potion Belt","Toy Ornithopter","Unceasing Top","MutagenicStrength"],"acts_visited":["Exordium","TheCity"],"potions_floor_usage":[16,23],"damage_taken":[{"damage":1,"enemies":"Jaw Worm","floor":1,"turns":5},{"damage":0,"enemies":"2 Louse","floor":4,"turns":3},{"damage":0,"enemies":"Small Slimes","floor":5,"turns":2},{"damage":22,"enemies":"Gremlin Nob","floor":7,"turns":4},{"damage":1,"enemies":"2 Fungi Beasts","floor":8,"turns":3},{"damage":36,"enemies":"Lagavulin Event","floor":13,"turns":4},{"damage":61,"enemies":"The Guardian","floor":16,"turns":11},{"damage":11,"enemies":"Chosen","floor":18,"turns":3},{"damage":23,"enemies":"Shell Parasite","floor":22,"turns":5},{"damage":52,"enemies":"Book of Stabbing","floor":23,"turns":4}],"seed_played":"-3930570537441435003","potions_obtained":[{"floor":5,"key":"FairyPotion"},{"floor":7,"key":"bronze:BurnAndBuffPotion"},{"floor":16,"key":"PowerPotion"}],"is_trial":false,"path_per_floor":["M","?","$","M","M","R","E","M","T","R","?","$","?","T","R","B",null,"M","?","?","?","M","E"],"character_chosen":"WATCHER","items_purchased":["FollowUp","FlurryOfBlows","PathToVictory","MentalFortress"],"campfire_rested":2,"item_purchase_floors":[3,12,12,12],"current_hp_per_floor":[71,71,71,71,71,71,49,48,48,69,69,69,33,33,54,19,72,61,61,61,61,43,0,0],"gold":269,"neow_bonus":"RANDOM_COMMON_RELIC","is_daily":false,"chose_seed":false,"campfire_upgraded":1,"win_rate":0.0,"timestamp":1613479631,"path_taken":["M","?","$","M","M","R","E","M","T","R","?","$","?","?","R","BOSS","M","?","?","?","M","E"],"items_purchased_type":["Card","Card","Card","Card"],"build_version":"2020-12-22","purchased_purges":1,"victory":false,"max_hp_per_floor":[72,72,72,72,72,72,72,72,72,72,72,72,72,72,72,72,72,72,72,72,72,72,72,72],"card_choices":[{"not_picked":["Weave","SashWhip"],"picked":"EmptyBody","floor":1},{"not_picked":["CutThroughFate","JustLucky"],"picked":"BowlingBash","floor":4},{"not_picked":["Prostrate","Evaluate"],"picked":"PathToVictory","floor":5},{"not_picked":["FollowUp","JustLucky"],"picked":"FearNoEvil","floor":7},{"not_picked":["FearNoEvil","Crescendo"],"picked":"Consecrate","floor":8},{"not_picked":["Prostrate","JustLucky"],"picked":"Consecrate","floor":13},{"not_picked":["Ragnarok","Vault"],"picked":"DevaForm","floor":16},{"not_picked":["Fasting2","Protect+1"],"picked":"Consecrate","floor":18},{"not_picked":["Wallop","Weave"],"picked":"WreathOfFlame","floor":22}],"player_experience":596935,"relics_obtained":[{"floor":7,"key":"Bottled Flame"},{"floor":9,"key":"Potion Belt"},{"floor":13,"key":"Toy Ornithopter"},{"floor":14,"key":"Unceasing Top"}],"event_choices":[{"damage_healed":0,"gold_gain":0,"player_choice":"Take Wound","damage_taken":0,"relics_obtained":["Golden Idol"],"max_hp_gain":0,"max_hp_loss":0,"event_name":"Golden Idol","floor":2,"gold_loss":0,"cards_obtained":["Injury"]},{"damage_healed":0,"gold_gain":0,"player_choice":"Left Gold","damage_taken":0,"max_hp_gain":0,"max_hp_loss":0,"event_name":"World of Goop","floor":11,"gold_loss":22},{"damage_healed":0,"gold_gain":0,"player_choice":"Searched \u00271\u0027 times","damage_taken":0,"max_hp_gain":0,"max_hp_loss":0,"event_name":"Dead Adventurer","floor":13,"gold_loss":0},{"damage_healed":0,"gold_gain":0,"player_choice":"Gave Idol","damage_taken":0,"relics_obtained":["Bloody Idol"],"max_hp_gain":0,"max_hp_loss":0,"event_name":"Forgotten Altar","floor":19,"relics_lost":["Golden Idol"],"gold_loss":0},{"damage_healed":0,"gold_gain":0,"player_choice":"Inject Mutagens","damage_taken":0,"relics_obtained":["MutagenicStrength"],"max_hp_gain":0,"max_hp_loss":0,"event_name":"Drug Dealer","floor":21,"gold_loss":0}],"is_beta":false,"boss_relics":[{"not_picked":["Sozu","Fusion Hammer"],"picked":"HolyWater"}],"items_purged_floors":[3],"is_endless":false,"potions_floor_spawned":[5,7,16],"killed_by":"Book of Stabbing","ascension_level":0}}