{"host":"syfsfjmzue8y1a6l","time":1613459607,"event":{"mods":["AchievementEnabler","BaseMod","Colored Map","DeckTracker","Minty Spire (QoL Compilation)","Permanent Neow","SuperFastMode"],"gold_per_floor":[364,382,397,408,421,456,531,531,531,531,556,556,574,590,590,590,590],"floor_reached":16,"language":"KOR","playtime":1134,"items_purged":[],"score":139,"play_id":"9f75ac2a-08ca-4ce9-ba30-498d7bac44b6","local_time":"20210216161327","is_ascension_mode":false,"campfire_choices":[{"data":"Prostrate","floor":8,"key":"SMITH"},{"floor":10,"key":"REST"},{"data":"Eruption","floor":15,"key":"SMITH"}],"circlet_count":0,"master_deck":["Strike_P","Strike_P","Strike_P","Strike_P","Defend_P","Defend_P","Defend_P","Defend_P","Eruption+1","Vigilance","SandsOfTime","Worship","Prostrate+1","Prostrate","FollowUp","Devotion+1"],"relics":["PureWater","GoldenEye","Nunchaku","Omamori"],"acts_visited":["Exordium"],"potions_floor_usage":[11,11,11],"damage_taken":[{"damage":0,"enemies":"2 Louse","floor":1,"turns":4},{"damage":0,"enemies":"Small Slimes","floor":2,"turns":2},{"damage":0,"enemies":"Jaw Worm","floor":3,"turns":3},{"damage":14,"enemies":"Large Slime","floor":4,"turns":4},{"damage":15,"enemies":"Exordium Wildlife","floor":5,"turns":4},{"damage":10,"enemies":"Lagavulin","floor":6,"turns":6},{"damage":0,"enemies":"3 Sentries","floor":11,"turns":4},{"damage":0,"enemies":"3 Louse","floor":13,"turns":4},{"damage":5,"enemies":"Looter","floor":14,"turns":2},{"damage":29,"enemies":"Hexaghost","floor":16,"turns":8}],"seed_played":"5496723851383492655","potions_obtained":[{"floor":3,"key":"DistilledChaos"},{"floor":5,"key":"BlessingOfTheForge"},{"floor":6,"key":"SneckoOil"},{"floor":14,"key":"Block Potion"}],"is_trial":false,"path_per_floor":["M","M","M","M","M","E","?","R","T","R","E","?","M","M","R","B"],"character_chosen":"WATCHER","items_purchased":[],"campfire_rested":1,"item_purchase_floors":[],"current_hp_per_floor":[65,65,65,51,36,26,15,15,15,34,34,34,34,29,29,0,0],"gold":590,"neow_bonus":"TWO_FIFTY_GOLD","is_daily":false,"chose_seed":false,"campfire_upgraded":2,"win_rate":0.0,"timestamp":1613459607,"path_taken":["M","M","M","M","M","E","?","R","T","R","E","?","M","M","R","BOSS"],"items_purchased_type":[],"build_version":"2020-12-22","purchased_purges":0,"victory":false,"max_hp_per_floor":[65,65,65,65,65,65,65,65,65,65,65,65,65,65,65,65,65],"card_choices":[{"not_picked":["BowlingBash","Evaluate"],"picked":"SandsOfTime","floor":1},{"not_picked":["JustLucky","FlyingSleeves"],"picked":"Worship","floor":2},{"not_picked":["BowlingBash","Adaptation","Halt"],"picked":"SKIP","floor":3},{"not_picked":["EmptyFist","ThirdEye"],"picked":"Prostrate","floor":4},{"not_picked":["FlyingSleeves","CrushJoints"],"picked":"Prostrate","floor":5},{"not_picked":["WreathOfFlame","Prostrate"],"picked":"FollowUp","floor":6},{"not_picked":["Collect","Crescendo"],"picked":"Devotion","floor":11},{"not_picked":["EmptyFist","Nirvana","FlyingSleeves"],"picked":"SKIP","floor":13},{"not_picked":["ReachHeaven","Consecrate","Sanctity"],"picked":"SKIP","floor":14}],"player_experience":84855,"relics_obtained":[{"floor":6,"key":"GoldenEye"},{"floor":9,"key":"Nunchaku"},{"floor":11,"key":"Omamori"}],"event_choices":[{"damage_healed":0,"gold_gain":75,"player_choice":"Gather Gold","damage_taken":11,"max_hp_gain":0,"max_hp_loss":0,"event_name":"World of Goop","floor":7,"gold_loss":0},{"damage_healed":0,"gold_gain":0,"player_choice":"Grow","damage_taken":0,"max_hp_gain":0,"max_hp_loss":0,"event_name":"Living Wall","floor":12,"gold_loss":0,"cards_upgraded":["Devotion"]}],"is_beta":false,"boss_relics":[],"items_purged_floors":[],"is_endless":false,"potions_floor_spawned":[3,5,6,14],"killed_by":"Hexaghost","ascension_level":0}}