{"host":"erh089znuovh6twj","time":1613484753,"event":{"mods":["AchievementEnabler","Act Like it!","Aspiration","BaseMod","Better Note","Better Skull","Better Third Choice","BetterRewards","Defuse TimeMaze Blight","Energized Spire","Hermit","Highlight Path","Hubris","Infinite Spire","Minty Spire (QoL Compilation)","Permanent Neow","Quick Restart","Replay The Spire","StSLib","The Jungle","everything is the same but u backflip on backflip"],"gold_per_floor":[110,127,203,203,203,203,237,237,260,260,139,166,176,186,186,286,336,352,352,352,368,382,382,382],"floor_reached":23,"language":"ENG","playtime":979,"items_purged":["Defend_R"],"score":246,"play_id":"0ba96556-b4ff-45aa-8c41-6c7ff2546609","local_time":"20210216091233","is_ascension_mode":true,"campfire_choices":[{"data":"Clash","floor":6,"key":"SMITH"},{"data":"Infernal Blade","floor":10,"key":"SMITH"},{"data":"Massacre","floor":15,"key":"SMITH"}],"circlet_count":0,"master_deck":["Apotheosis+1","Strike_R+1","Strike_R","Strike_R","Strike_R","Strike_R","Defend_R","Defend_R","Defend_R","Bash+1","Infernal Blade+1","Clash+1","Flex","Inflame","Massacre+1","Perfected Strike","Berserk","Flex","Cleave","Reboot","RitualDagger","Havoc+1","Flex"],"relics":["Burning Blood","PreservedInsect","Snack Pack","Singing Bowl","Smiling Mask","Bag of Preparation","Lantern","Tiny House"],"acts_visited":["Exordium","TheCity"],"potions_floor_usage":[2,12,16,18,18],"damage_taken":[{"damage":13,"enemies":"infinitespire:Voidling","floor":1,"turns":4},{"damage":0,"enemies":"Cultist","floor":2,"turns":2},{"damage":14,"enemies":"3 Sentries","floor":7,"turns":5},{"damage":0,"enemies":"Lagavulin","floor":12,"turns":2},{"damage":2,"enemies":"Jaw Worm","floor":13,"turns":2},{"damage":11,"enemies":"Looter","floor":14,"turns":2},{"damage":5,"enemies":"Fading Forest","floor":16,"turns":11},{"damage":15,"enemies":"Chosen","floor":18,"turns":2},{"damage":28,"enemies":"2 Thieves","floor":21,"turns":3},{"damage":54,"enemies":"Centurion and Healer","floor":22,"turns":4},{"damage":19,"enemies":"Nightmare","floor":23,"turns":2}],"seed_played":"4881503637581145673","potions_obtained":[{"floor":1,"key":"Adrenaline Potion"},{"floor":7,"key":"SkillPotion"},{"floor":13,"key":"HeartOfIron"},{"floor":16,"key":"PowerPotion"},{"floor":17,"key":"FearPotion"}],"is_trial":false,"path_per_floor":["M","M","T","T","?","R","E","?","T","R","$","E","M","M","R","B",null,"M","?","?","M","M","NM"],"character_chosen":"IRONCLAD","items_purchased":["Inflame"],"campfire_rested":0,"item_purchase_floors":[11],"current_hp_per_floor":[80,80,80,80,80,80,72,72,72,72,72,80,82,77,77,82,87,78,78,72,50,8,0,0],"gold":382,"neow_bonus":"RANDOM_COMMON_RELIC","is_daily":false,"chose_seed":false,"campfire_upgraded":3,"win_rate":0.0,"timestamp":1613484753,"path_taken":["M","?","?","?","?","R","E","?","T","R","$","E","M","?","R","BOSS","M","?","?","M","M","NM"],"items_purchased_type":["Card"],"build_version":"2020-12-22","purchased_purges":1,"victory":false,"max_hp_per_floor":[80,80,80,80,80,80,80,80,80,80,80,80,82,82,82,82,87,87,87,87,87,87,87,87],"card_choices":[{"not_picked":["Second Wind","Dropkick"],"picked":"Infernal Blade","floor":1},{"not_picked":["Run Through","Twin Strike"],"picked":"Clash","floor":2},{"not_picked":["Dark Embrace","Bludgeon"],"picked":"Flex","floor":7},{"not_picked":["ReplayTheSpireMod:LeadingStrike","Body Slam"],"picked":"Massacre","floor":12},{"not_picked":["Wild Strike","Power Through","Run Through"],"picked":"Singing Bowl","floor":13},{"not_picked":["Intimidate","Wild Strike"],"picked":"Perfected Strike","floor":14},{"not_picked":["Feed","Replay:Many Hands"],"picked":"Berserk","floor":16},{"not_picked":["Clothesline","Armaments"],"picked":"Flex","floor":17},{"not_picked":["Headbutt","Havoc"],"picked":"Cleave","floor":18},{"not_picked":["Pommel Strike","Uppercut"],"picked":"Havoc+1","floor":21},{"not_picked":["Sword Boomerang","hubris:SharpeningStone"],"picked":"Flex","floor":22}],"player_experience":372569,"relics_obtained":[{"floor":3,"key":"Snack Pack"},{"floor":4,"key":"Singing Bowl"},{"floor":7,"key":"Smiling Mask"},{"floor":9,"key":"Bag of Preparation"},{"floor":12,"key":"Lantern"}],"event_choices":[{"damage_healed":0,"gold_gain":0,"player_choice":"Ignored","damage_taken":237,"max_hp_gain":0,"max_hp_loss":0,"event_name":"betterThird:BetterSerpent","floor":8,"gold_loss":0},{"cards_removed":["Apotheosis"],"damage_healed":0,"gold_gain":0,"player_choice":"Take \u0026 Give","damage_taken":0,"max_hp_gain":0,"max_hp_loss":0,"event_name":"betterNote:BetterNote","floor":19,"gold_loss":0,"cards_obtained":["Reboot"]},{"damage_healed":0,"gold_gain":0,"player_choice":"Dagger","damage_taken":6,"max_hp_gain":0,"max_hp_loss":0,"event_name":"betterThird:BetterNest","floor":20,"gold_loss":0,"cards_obtained":["RitualDagger"]}],"is_beta":false,"boss_relics":[{"not_picked":["Replay:Fungal Core","energizedSpire:SpiderWeb"],"picked":"Tiny House"}],"items_purged_floors":[11],"is_endless":false,"potions_floor_spawned":[1,7,13,16],"killed_by":"Nightmare","ascension_level":2}}