{"host":"tgnam0g96qraiyqx","time":1613503101,"event":{"mods":["Always Whale","Aspiration","BaseMod","Beaked The Cultist","BetterRewards","Chen","Colored Map","Colored Powertips","Downfall","Energized Spire","FruityMod","FutureSeer","Glutton Mod","Gremlin Mod","Hermit","HexUI Lib","Highlight Path","Hubris","Minty Spire (QoL Compilation)","Pikachu Mod","Replay The Spire","Shop Mod","StSLib","The Animator","The Cursed","The Jungle","[IsaacMod]????"],"gold_per_floor":[109,109,60,76,89,89,89,89,89,113,113,137,137,181,181,309,309,333,458,108,123,144,187,187,208,232,245,295,295,295,338,338,463,463,483,506,121,121,140,174,174,214,214,214,214,240,240,90,90,90,90,90,22,57,57,57],"floor_reached":55,"language":"FRA","playtime":5759,"items_purged":["Strike_G","Defend_G","Strike_G","Defend_G"],"score":886,"play_id":"789b4e56-42dc-45f8-b6be-ded79b6a0ad9","local_time":"20210216201821","is_ascension_mode":false,"campfire_choices":[{"data":"Apotheosis","floor":6,"key":"SMITH"},{"data":"EpicFetus","floor":8,"key":"SMITH"},{"floor":11,"key":"REST"},{"floor":15,"key":"REST"},{"floor":24,"key":"RECALL"},{"data":"Corpse Explosion","floor":30,"key":"SMITH"},{"floor":32,"key":"REST"},{"data":"Envenom","floor":41,"key":"SMITH"},{"floor":45,"key":"REST"},{"floor":47,"key":"REST"},{"data":"Venomology","floor":49,"key":"SMITH"},{"data":"Dodge and Roll","floor":52,"key":"SMITH"}],"circlet_count":0,"master_deck":["Strike_G","Strike_G","Strike_G","Defend_G","Defend_G","Survivor","Neutralize","EpicFetus+1","Apotheosis+1","Quick Slash","Heel Hook","Deadly Poison","All Out Attack","Cloak And Dagger","Venomology+1","Dodge and Roll+1","Corpse Explosion+1","Poison Darts","Dodge and Roll","Poisoned Stab","Envenom+1","hubris:DuctTapeCard","Parasite","Replay:Poison Smokescreen+1","Noxious Fumes"],"relics":["Ring of the Snake","HushsDoor","MaYiHuaBei","Golden Idol","TheBible","hubris:PeanutButter","Busted Crown","Strawberry","PreservedInsect","Lantern","hubris:Towel","Vajra","aspiration:PoetsPen_weak","hubris:DuctTape","Blue Candle","Blood Vial","Nunchaku","hubris:BottledRain","ReplayTheSpireMod:TigerMarble"],"acts_visited":["Exordium","TheCity","TheBeyond","TheEnding"],"potions_floor_usage":[14,16,16,16,23,23,27,33,33,42,42,50,50,54,55,55,55],"damage_taken":[{"damage":0,"enemies":"2 Louse","floor":1,"turns":3},{"damage":2,"enemies":"Jaw Worm","floor":4,"turns":4},{"damage":0,"enemies":"Cultist","floor":5,"turns":3},{"damage":0,"enemies":"3 Louse","floor":10,"turns":3},{"damage":0,"enemies":"Red Slaver","floor":12,"turns":3},{"damage":20,"enemies":"Lagavulin","floor":14,"turns":4},{"damage":0,"enemies":"Slime Boss","floor":16,"turns":7},{"damage":6,"enemies":"Shell Parasite","floor":18,"turns":4},{"damage":0,"enemies":"Chosen","floor":21,"turns":4},{"damage":0,"enemies":"Snake Plant","floor":22,"turns":4},{"damage":8,"enemies":"Gremlin Leader","floor":23,"turns":5},{"damage":0,"enemies":"3 Cultists","floor":25,"turns":4},{"damage":0,"enemies":"Cultist and Chosen","floor":27,"turns":4},{"damage":18,"enemies":"Book of Stabbing","floor":31,"turns":5},{"damage":0,"enemies":"Collector","floor":33,"turns":7},{"damage":0,"enemies":"Orb Walker","floor":35,"turns":2},{"damage":0,"enemies":"3 Shapes","floor":36,"turns":5},{"damage":0,"enemies":"Writhing Mass","floor":39,"turns":6},{"damage":9,"enemies":"Giant Head","floor":40,"turns":7},{"damage":26,"enemies":"Nemesis","floor":42,"turns":5},{"damage":14,"enemies":"Replay:Hell Engine","floor":50,"turns":8},{"damage":0,"enemies":"Shield and Spear","floor":54,"turns":3},{"damage":75,"enemies":"Delirium","floor":55,"turns":11}],"seed_played":"-8447382649195021125","potions_obtained":[{"floor":4,"key":"FearPotion"},{"floor":10,"key":"AttackPotion"},{"floor":12,"key":"BlessingOfTheForge"},{"floor":14,"key":"Strength Potion"},{"floor":21,"key":"SkillPotion"},{"floor":31,"key":"LiquidBronze"},{"floor":42,"key":"FearPotion"},{"floor":54,"key":"EssenceOfSteel"}],"is_trial":false,"path_per_floor":["M","?","$","M","M","R","?","R","T","M","R","M","?","E","R","B",null,"M","?","$","M","M","E","R","M","T","M","?","?","R","E","R","B",null,"M","M","$","?","M","E","R","E","T","?","R","T","R","$","R","B",null,"R","$","E","B"],"character_chosen":"THE_SILENT","items_purchased":["Apotheosis","Quick Slash","Deadly Poison","Poison Darts","Poisoned Stab","Escape Plan+1","Strawberry","hubris:DuctTape","Noxious Fumes"],"campfire_rested":5,"item_purchase_floors":[0,0,3,17,20,20,20,37,53],"current_hp_per_floor":[56,39,39,37,37,37,37,37,37,37,58,58,58,38,59,59,66,60,60,67,67,67,59,59,59,59,59,59,59,59,41,62,62,73,73,73,73,68,68,59,59,35,35,35,56,56,73,73,73,73,73,73,73,73,0,0],"gold":57,"neow_bonus":"","is_daily":false,"chose_seed":false,"campfire_upgraded":6,"win_rate":0.0,"timestamp":1613503101,"path_taken":["M","?","?","M","?","R","?","R","T","M","R","M","?","E","R","BOSS","M","?","$","M","?","E","R","?","T","M","?","?","R","E","R","BOSS","M","M","$","?","M","E","R","E","T","?","R","?","R","?","R","BOSS","R","$","E","BOSS"],"items_purchased_type":["Card","Card","Card","Card","Card","Card","Relic","Relic","Card"],"build_version":"2020-12-22","purchased_purges":4,"victory":false,"max_hp_per_floor":[70,70,70,70,70,70,70,70,70,70,70,70,70,70,70,70,66,66,66,73,73,73,73,73,73,73,73,73,73,73,73,73,73,73,73,73,73,73,73,73,73,73,73,73,73,73,73,73,73,73,73,73,73,73,73,73],"card_choices":[{"not_picked":[],"picked":"EpicFetus","floor":0},{"not_picked":["Sneak Up","hubris:Sniper"],"picked":"Heel Hook","floor":1},{"not_picked":["Acrobatics","Sneak Up","hubris:SlightOfHand"],"picked":"SKIP","floor":4},{"not_picked":["Outmaneuver","Quick Slash"],"picked":"All Out Attack","floor":5},{"not_picked":["Slice","ReplayTheSpireMod:Speed Training"],"picked":"Cloak And Dagger","floor":10},{"not_picked":["Concentrate","PiercingWail"],"picked":"Venomology","floor":12},{"not_picked":["Bouncing Flask","Outmaneuver"],"picked":"Dodge and Roll","floor":14},{"not_picked":["Grand Finale","Malaise"],"picked":"Corpse Explosion","floor":16},{"not_picked":["Fluid Movement"],"picked":"SKIP","floor":18},{"not_picked":[],"picked":"Dodge and Roll","floor":19},{"not_picked":["Endless Agony"],"picked":"SKIP","floor":21},{"not_picked":["Endless Agony"],"picked":"SKIP","floor":22},{"not_picked":["Sucker Punch+1"],"picked":"SKIP","floor":23},{"not_picked":["Choke"],"picked":"SKIP","floor":25},{"not_picked":["Backflip+1"],"picked":"SKIP","floor":27},{"not_picked":[],"picked":"Escape Plan+1","floor":31},{"not_picked":[],"picked":"Envenom","floor":33},{"not_picked":["ReplayTheSpireMod:Scrap Shanks+1"],"picked":"SKIP","floor":35},{"not_picked":["Reflex+1"],"picked":"SKIP","floor":36},{"not_picked":["PiercingWail"],"picked":"SKIP","floor":39},{"not_picked":["Dagger Throw"],"picked":"SKIP","floor":40},{"not_picked":[],"picked":"Replay:Poison Smokescreen+1","floor":42},{"not_picked":["PiercingWail"],"picked":"SKIP","floor":54}],"player_experience":1233664,"relics_obtained":[{"floor":9,"key":"TheBible"},{"floor":14,"key":"hubris:PeanutButter"},{"floor":23,"key":"PreservedInsect"},{"floor":26,"key":"Lantern"},{"floor":31,"key":"Vajra"},{"floor":40,"key":"Blood Vial"},{"floor":42,"key":"Nunchaku"},{"floor":43,"key":"hubris:BottledRain"},{"floor":54,"key":"ReplayTheSpireMod:TigerMarble"}],"event_choices":[{"damage_healed":0,"gold_gain":0,"player_choice":"Take Damage","damage_taken":17,"relics_obtained":["Golden Idol"],"max_hp_gain":0,"max_hp_loss":0,"event_name":"Golden Idol","floor":2,"gold_loss":0},{"damage_healed":0,"gold_gain":0,"player_choice":"Ignored","damage_taken":0,"max_hp_gain":0,"max_hp_loss":0,"event_name":"Shining Light","floor":7,"gold_loss":0},{"cards_removed":["Defend_G"],"damage_healed":0,"gold_gain":0,"player_choice":"Forget","damage_taken":0,"max_hp_gain":0,"max_hp_loss":0,"event_name":"Living Wall","floor":13,"gold_loss":0},{"damage_healed":0,"gold_gain":100,"player_choice":"Bet on Murderer","damage_taken":0,"max_hp_gain":0,"max_hp_loss":0,"event_name":"The Joust","floor":28,"gold_loss":50},{"damage_healed":0,"gold_gain":0,"player_choice":"Ignored","damage_taken":0,"max_hp_gain":0,"max_hp_loss":0,"event_name":"Tomb of Lord Red Mask","floor":44,"gold_loss":0}],"is_beta":false,"boss_relics":[{"not_picked":["Replay:Fungal Core","Sozu"],"picked":"Busted Crown"},{"not_picked":[]},{"not_picked":["Snecko Scales","MagicMushroom"],"picked":"aspiration:PoetsPen_weak"},{"not_picked":[]}],"items_purged_floors":[0,20,37,48],"is_endless":false,"potions_floor_spawned":[4,10,12,14,21,22,31,36,42,54],"killed_by":"Delirium","ascension_level":0}}