{"host":"38abhf7uonnoqlzr","time":1613504299,"event":{"mods":["Act Like it!","Aspiration","BaseMod","Better Note","Better Third Choice","Block Reminder","CapriCore","Colored Map","Conspire","Displayed Cursed Tome","Dota2Spire","Energized Spire","Friendly Minions","Hallownest","Hubris","Minty Spire (QoL Compilation)","Pale of the Ancients","Rare Cards Sparkle","Relic Stats","Reliquary","Replay The Spire","Spicy Shops","StSLib","Waifu the Spire","Warlord Emblem"],"gold_per_floor":[112,112,124,169,93,118,136,136,163,176,204,224,224,238,238,341,341,351,67,79,79,99,99,99,131,158,158,158,171,198,7,7,110,110,125,125,125,164,175,75,103,26,26,26,37,37,37,69,69,69,89,100,150,48,48,61,61,61,61,61],"floor_reached":61,"language":"ENG","playtime":7668,"items_purged":["ReplayTheSpireMod:Splinters"],"score":1301,"play_id":"d939e5a2-7e07-4272-8bd5-aacd42c90d3f","local_time":"20210216203819","is_ascension_mode":false,"campfire_choices":[{"data":"WarlordEmblem:DeathContract","floor":8.0,"key":"SMITH"},{"data":"Panache","floor":13.0,"key":"SMITH"},{"data":"DevaForm","floor":15.0,"key":"SMITH"},{"data":"WarlordEmblem:RealmRider","floor":23.0,"key":"SMITH"},{"data":"WarlordEmblem:DarkSimulation","floor":27.0,"key":"SMITH"},{"data":"WarlordEmblem:SevereWinter","floor":27.0,"key":"SMITH"},{"floor":32.0,"key":"REST"},{"data":"WarlordEmblem:LichkingWraith","floor":46,"key":"SMITH"},{"data":"Devotion","floor":46,"key":"SMITH"},{"floor":49,"key":"REST"},{"data":"WarlordEmblem:SwordWave","floor":55,"key":"SMITH"},{"data":"WarlordEmblem:RuneMultiplex","floor":55,"key":"SMITH"},{"data":"WarlordEmblem:DiseaseCloud","floor":57,"key":"SMITH"},{"data":"Pot Of Greed","floor":57,"key":"SMITH"}],"circlet_count":0,"master_deck":["WarlordEmblem:RuneStrike","WarlordEmblem:RuneStrike","WarlordEmblem:RuneStrike","WarlordEmblem:RuneStrike","WarlordEmblem:Defend_DK","WarlordEmblem:Defend_DK","WarlordEmblem:Defend_DK","WarlordEmblem:RuneDefend","WarlordEmblem:RuneHeavyStrike","WarlordEmblem:VoidStrike","DevaForm+1","WarlordEmblem:WillOfTheNecropolis","WarlordEmblem:WinterHorn","WarlordEmblem:DeathContract+1","Panache+1","Parasite","Pot Of Greed","Pot Of Greed","WarlordEmblem:RuneDiffer","WarlordEmblem:RuneMultiplex+1","WarlordEmblem:Withstand","WarlordEmblem:SwordWave+1","WarlordEmblem:SevereWinter+1","WarlordEmblem:NoLightShield","Pot Of Greed","WarlordEmblem:RealmRider+1","WarlordEmblem:BloodSacrifice+1","WarlordEmblem:ForceDeflexion+1","WarlordEmblem:DeathWither","WarlordEmblem:DarkSimulation+1","WarlordEmblem:FrozenWill","WarlordEmblem:LichkingWraith+1","Study+1","WarlordEmblem:RuneRecast","Devotion+1","Pot Of Greed+1","CrushJoints+1","CrushJoints","WarlordEmblem:HeartStrike","WarlordEmblem:EvilSee+1","WarlordEmblem:FrozenWill+1","ReplayTheSpireMod:Splinters","WarlordEmblem:DiseaseCloud+1"],"relics":["WarlordEmblem:RuneSword","WarlordEmblem:BloodRealm","Replay:Rubber Ducky","hubris:Metronome","WarlordEmblem:MagicRuneSword","Grinning Jar","Blue Doll","hubris:OldNail","energizedSpire:MagnifyingGlass","Dota2Spire:BladeMail","Replay:Arrowhead","Dota2Spire:UrnOfShadows","aspiration:RitualStick","Tiny Chest","Membership Card","Replay:Grab Bag","energizedSpire:DeadBattery","Runic Dome","aspiration:WatcherSkillbook","hubris:Towel","Garlic","Onion Ring","Dota2Spire:PhaseBoots","Mummified Hand","Pantograph","reliquary:Boomerang","paleoftheancients:Timepiece","paleoftheancients:KeyRelic","Spirit Poop","paleoftheancients:SoulOfTheWatcher","Ring of Searing","Ring of Greed","Golden Idol","The Courier","Letter Opener","reliquary:IridiumChain"],"acts_visited":["Exordium","TheCity","TheBeyond","TheBeyond"],"potions_floor_usage":[60],"damage_taken":[{"damage":0.0,"enemies":"Cultist","floor":1.0,"turns":5.0},{"damage":0.0,"enemies":"Small Slimes","floor":3.0,"turns":4.0},{"damage":0.0,"enemies":"Replay:BlueRogue","floor":6.0,"turns":8.0},{"damage":0.0,"enemies":"Jaw Worm","floor":7.0,"turns":4.0},{"damage":10.0,"enemies":"Large Slime","floor":10.0,"turns":6.0},{"damage":8.0,"enemies":"3 Sentries","floor":11.0,"turns":8.0},{"damage":13.0,"enemies":"Red Slaver","floor":12.0,"turns":5.0},{"damage":4.0,"enemies":"2 Fungi Beasts","floor":14.0,"turns":3.0},{"damage":35.0,"enemies":"Fading Forest","floor":16.0,"turns":11.0},{"damage":2.0,"enemies":"Shell Parasite","floor":18.0,"turns":6.0},{"damage":1.0,"enemies":"Chosen","floor":20.0,"turns":7.0},{"damage":0.0,"enemies":"Snecko","floor":22.0,"turns":7.0},{"damage":5.0,"enemies":"Replay:Snechameleon","floor":25.0,"turns":8.0},{"damage":13.0,"enemies":"Shelled Parasite and Fungi","floor":29.0,"turns":6.0},{"damage":44.0,"enemies":"Slavers","floor":30.0,"turns":4.0},{"damage":13.0,"enemies":"conspire:MysteriousRune","floor":33.0,"turns":9.0},{"damage":17.0,"enemies":"3 Darklings","floor":35.0,"turns":6.0},{"damage":47.0,"enemies":"conspire:MimicChest","floor":38.0,"turns":8.0},{"damage":0.0,"enemies":"3 Shapes","floor":39.0,"turns":6.0},{"damage":46.0,"enemies":"Nemesis","floor":41.0,"turns":7.0},{"damage":0,"enemies":"Transient","floor":45,"turns":5},{"damage":0,"enemies":"R_Hoarder","floor":48,"turns":6},{"damage":49,"enemies":"Replay:Hell Engine","floor":50,"turns":7},{"damage":92,"enemies":"Replay:Hell Engine","floor":51,"turns":7},{"damage":0,"enemies":"Replay:Hell Engine","floor":52,"turns":4},{"damage":10,"enemies":"Replay:Hell Engine","floor":56,"turns":3},{"damage":202,"enemies":"paleoftheancients:N","floor":60,"turns":7}],"seed_played":"170694936268244706","potions_obtained":[{"floor":3.0,"key":"Dexterity Potion"},{"floor":6.0,"key":"Block Potion"},{"floor":10.0,"key":"GamblersBrew"},{"floor":12.0,"key":"EssenceOfSteel"},{"floor":16.0,"key":"LiquidBronze"},{"floor":22.0,"key":"Swift Potion"},{"floor":29.0,"key":"WarlordEmblem:DKPoisonPotion"},{"floor":30.0,"key":"Adrenaline Potion"},{"floor":35.0,"key":"Regen Potion"},{"floor":38.0,"key":"Explosive Potion"},{"floor":39.0,"key":"DistilledChaos"}],"is_trial":false,"path_per_floor":["M","?","M","?","$","E","M","R","T","M","E","M","R","M","R","B",null,"M","$","M","?","M","R","?","E","T","R","?","M","E","$","R","B",null,"M","?","$","?","M","NS","E","$","T","?","M","R","T","E","R","B","M","M","?","$","R","M","R","T","?","B",null],"character_chosen":"DeathKnight","items_purchased":["Panache","WarlordEmblem:MagicRuneSword","WarlordEmblem:BloodSacrifice+1","Dota2Spire:BladeMail","Fruit Juice","Membership Card","Dota2Spire:PhaseBoots","Letter Opener"],"campfire_rested":2,"item_purchase_floors":[5,5,19,19,19,31,42,54],"current_hp_per_floor":[88,71,71,71,71,73,75,75,75,68,63,50,50,49,49,17,98,99,104,106,106,106,106,106,104,104,104,82,78,40,40,73,69,113,99,99,99,82,91,91,63,63,63,63,63,63,63,69,105,123,79,115,115,115,115,120,120,120,120,93],"gold":61,"neow_bonus":"TEN_PERCENT_HP_BONUS","is_daily":false,"chose_seed":false,"campfire_upgraded":12,"win_rate":0.0,"timestamp":1613504299,"path_taken":["M","?","M","?","?","E","?","R","T","M","E","M","R","M","R","BOSS","M","$","M","?","?","R","?","E","T","R","?","M","E","$","R","BOSS","M","?","$","?","M","NS","E","$","T","?","M","R","?","E","R","BOSS","M","M","?","$","R","M","R","T","?","BOSS"],"items_purchased_type":["Card","Relic","Card","Relic","Potion","Relic","Relic","Relic"],"build_version":"2020-12-22","purchased_purges":1,"victory":true,"max_hp_per_floor":[88,88,88,88,88,89,90,90,90,92,94,94,94,96,96,98,98,100,105,107,107,107,107,107,109,109,109,109,111,111,111,111,113,113,115,115,115,117,119,119,121,121,121,121,121,121,121,121,121,123,125,125,125,125,125,125,125,125,125,127],"relic_stats":{"counters":[27,167],"Mummified Hand":[44],"Golden Idol":29,"Pantograph":56,"Tiny Chest":1,"Letter Opener":[30],"obtain_stats":[{"hubris:Metronome":4,"reliquary:Boomerang":48,"WarlordEmblem:RuneSword":0,"Spirit Poop":50,"Blue Doll":9,"aspiration:RitualStick":28,"Replay:Rubber Ducky":2,"Ring of Searing":53,"Mummified Hand":43,"Pantograph":47,"Dota2Spire:BladeMail":19,"Tiny Chest":30,"paleoftheancients:SoulOfTheWatcher":51,"WarlordEmblem:BloodRealm":0,"paleoftheancients:KeyRelic":50,"Dota2Spire:UrnOfShadows":26,"Golden Idol":53,"Replay:Grab Bag":34,"The Courier":53,"WarlordEmblem:MagicRuneSword":5,"Ring of Greed":53,"Letter Opener":54,"hubris:Towel":36,"energizedSpire:DeadBattery":34,"Replay:Arrowhead":25,"reliquary:IridiumChain":58,"paleoftheancients:Timepiece":50,"Runic Dome":34,"aspiration:WatcherSkillbook":34,"Onion Ring":41,"energizedSpire:MagnifyingGlass":17,"Garlic":38,"Membership Card":31,"Grinning Jar":6,"hubris:OldNail":11,"Dota2Spire:PhaseBoots":42},{"hubris:Metronome":2,"reliquary:Boomerang":22,"WarlordEmblem:RuneSword":0,"Spirit Poop":23,"Blue Doll":4,"aspiration:RitualStick":13,"Replay:Rubber Ducky":1,"Ring of Searing":25,"Mummified Hand":20,"Pantograph":21,"Dota2Spire:BladeMail":10,"Tiny Chest":15,"paleoftheancients:SoulOfTheWatcher":24,"WarlordEmblem:BloodRealm":0,"paleoftheancients:KeyRelic":23,"Dota2Spire:UrnOfShadows":13,"Golden Idol":25,"Replay:Grab Bag":16,"The Courier":25,"WarlordEmblem:MagicRuneSword":2,"Ring of Greed":25,"Letter Opener":25,"hubris:Towel":17,"energizedSpire:DeadBattery":16,"Replay:Arrowhead":13,"reliquary:IridiumChain":26,"paleoftheancients:Timepiece":23,"Runic Dome":16,"aspiration:WatcherSkillbook":16,"Onion Ring":20,"energizedSpire:MagnifyingGlass":9,"Garlic":18,"Membership Card":15,"Grinning Jar":3,"hubris:OldNail":6,"Dota2Spire:PhaseBoots":20},{"hubris:Metronome":9,"reliquary:Boomerang":139,"WarlordEmblem:RuneSword":0,"Spirit Poop":146,"Blue Doll":21,"aspiration:RitualStick":82,"Replay:Rubber Ducky":5,"Ring of Searing":157,"Mummified Hand":128,"Pantograph":133,"Dota2Spire:BladeMail":60,"Tiny Chest":92,"paleoftheancients:SoulOfTheWatcher":153,"WarlordEmblem:BloodRealm":0,"paleoftheancients:KeyRelic":146,"Dota2Spire:UrnOfShadows":82,"Golden Idol":157,"Replay:Grab Bag":101,"The Courier":157,"WarlordEmblem:MagicRuneSword":9,"Ring of Greed":157,"Letter Opener":157,"hubris:Towel":107,"energizedSpire:DeadBattery":101,"Replay:Arrowhead":82,"reliquary:IridiumChain":160,"paleoftheancients:Timepiece":146,"Runic Dome":101,"aspiration:WatcherSkillbook":101,"Onion Ring":128,"energizedSpire:MagnifyingGlass":54,"Garlic":115,"Membership Card":92,"Grinning Jar":17,"hubris:OldNail":35,"Dota2Spire:PhaseBoots":128}],"aspiration:RitualStick":[5]},"card_choices":[{"not_picked":["WarlordEmblem:Withstand","WarlordEmblem:FrozenChain"],"picked":"WarlordEmblem:VoidStrike","floor":1.0},{"not_picked":["WarlordEmblem:RuneExplode","WarlordEmblem:UndeadWill"],"picked":"WarlordEmblem:WillOfTheNecropolis","floor":3.0},{"not_picked":["WarlordEmblem:RuneRegen","WarlordEmblem:FrozenChain"],"picked":"WarlordEmblem:WinterHorn","floor":4.0},{"not_picked":["WarlordEmblem:EvilSee","WarlordEmblem:RuneRegen"],"picked":"WarlordEmblem:DeathContract","floor":4.0},{"not_picked":["WarlordEmblem:WinterHorn","WarlordEmblem:Infect"],"picked":"WarlordEmblem:RuneDiffer","floor":6.0},{"not_picked":["WarlordEmblem:ForceDeflexion","WarlordEmblem:RuneRecast"],"picked":"WarlordEmblem:RuneMultiplex","floor":7.0},{"not_picked":["WarlordEmblem:FrostbiteStrike","WarlordEmblem:FrozenDeath"],"picked":"WarlordEmblem:Withstand","floor":10.0},{"not_picked":["WarlordEmblem:VoidDefend","WarlordEmblem:RealmStorm"],"picked":"WarlordEmblem:SwordWave","floor":11.0},{"not_picked":["WarlordEmblem:Infect","WarlordEmblem:VoidStrike"],"picked":"WarlordEmblem:SevereWinter","floor":12.0},{"not_picked":["WarlordEmblem:HeartStrike","WarlordEmblem:WinterHorn"],"picked":"WarlordEmblem:NoLightShield","floor":14.0},{"not_picked":["WarlordEmblem:RuneMultiplex","WarlordEmblem:HeartOfDeath"],"picked":"WarlordEmblem:RealmRider","floor":16.0},{"not_picked":["WarlordEmblem:Potential","WarlordEmblem:RuneBlade"],"picked":"WarlordEmblem:Withstand+1","floor":18.0},{"not_picked":["WarlordEmblem:RuneFocus","WarlordEmblem:HeartStrike+1"],"picked":"WarlordEmblem:ForceDeflexion+1","floor":20.0},{"not_picked":["WarlordEmblem:DeathStrike","WarlordEmblem:Withstand+1"],"picked":"WarlordEmblem:DeathWither","floor":22.0},{"not_picked":["WarlordEmblem:RuneRegen","WarlordEmblem:RuneRecast"],"picked":"WarlordEmblem:DarkSimulation","floor":25.0},{"not_picked":["WarlordEmblem:VoidStrike","WarlordEmblem:CurseStrike"],"picked":"WarlordEmblem:Execute+1","floor":29.0},{"not_picked":["WarlordEmblem:RuneDiffer","WarlordEmblem:Execute"],"picked":"WarlordEmblem:FrozenWill","floor":30.0},{"not_picked":["WarlordEmblem:BloodBoiling","WarlordEmblem:FrozenTouch"],"picked":"WarlordEmblem:LichkingWraith","floor":33.0},{"not_picked":["EmptyBody","Replay:ManipulateFuture","SandsOfTime"],"picked":"Study+1","floor":35.0},{"not_picked":["Swivel","SashWhip+1","PathToVictory"],"picked":"WarlordEmblem:RuneRecast","floor":38.0},{"not_picked":["EmptyFist+1","FlurryOfBlows","FlyingSleeves+1"],"picked":"Devotion","floor":39.0},{"not_picked":["WarlordEmblem:EvilStrike","WarlordEmblem:BloodBoiling","WarlordEmblem:CurseStrike+1"],"picked":"CrushJoints+1","floor":41.0},{"not_picked":["FollowUp","Crescendo","EmptyFist"],"picked":"CrushJoints","floor":45},{"not_picked":["Replay:ManipulateFuture","Replay:Battleflow","WarlordEmblem:WinterHorn+1"],"picked":"WarlordEmblem:HeartStrike","floor":48},{"not_picked":["WarlordEmblem:RuneMelter","WarlordEmblem:RuneBlade","LikeWater"],"picked":"WarlordEmblem:EvilSee+1","floor":51},{"not_picked":["WarlordEmblem:SwordWave","ThirdEye+1","WarlordEmblem:RuneRecast"],"picked":"WarlordEmblem:FrozenWill+1","floor":52},{"not_picked":["Wireheading+1","Replay:BluntJabs","WarlordEmblem:Infect+1"],"picked":"WarlordEmblem:DiseaseCloud","floor":56}],"player_experience":206516,"relics_obtained":[{"floor":4.0,"key":"hubris:Metronome"},{"floor":6.0,"key":"Grinning Jar"},{"floor":9.0,"key":"Blue Doll"},{"floor":11.0,"key":"hubris:OldNail"},{"floor":25.0,"key":"Replay:Arrowhead"},{"floor":26.0,"key":"Dota2Spire:UrnOfShadows"},{"floor":30.0,"key":"Tiny Chest"},{"floor":38.0,"key":"Garlic"},{"floor":41.0,"key":"Onion Ring"},{"floor":43,"key":"Mummified Hand"},{"floor":47,"key":"Pantograph"},{"floor":48,"key":"reliquary:Boomerang"},{"floor":51,"key":"paleoftheancients:SoulOfTheWatcher"},{"floor":53,"key":"Ring of Searing"},{"floor":53,"key":"Ring of Greed"},{"floor":53,"key":"Golden Idol"},{"floor":53,"key":"The Courier"},{"floor":58,"key":"reliquary:IridiumChain"}],"event_choices":[{"cards_removed":["Parasite"],"damage_healed":0.0,"max_hp_gain":0.0,"max_hp_loss":0.0,"gold_gain":0.0,"event_name":"betterNote:BetterNote","player_choice":"Give","floor":21.0,"gold_loss":0.0,"damage_taken":0.0,"cards_obtained":["Shame"]},{"damage_healed":0.0,"max_hp_gain":0.0,"max_hp_loss":0.0,"gold_gain":0.0,"event_name":"Vampires","player_choice":"Ignored","floor":24.0,"gold_loss":0.0,"damage_taken":0.0},{"cards_removed":["WarlordEmblem:Defend_DK"],"damage_healed":0,"gold_gain":0,"player_choice":"Removed Skill","damage_taken":0,"max_hp_gain":0,"max_hp_loss":0,"event_name":"Falling","floor":44,"gold_loss":0}],"is_beta":false,"boss_relics":[{"not_picked":["energizedSpire:CursedPentagram","SlaversCollar"],"picked":"energizedSpire:MagnifyingGlass"},{"not_picked":["aspiration:SilentSkillbook","WarlordEmblem:IceDragon"],"picked":"Replay:Grab Bag"},{"not_picked":["energizedSpire:SpiderWeb","Busted Crown"],"picked":"energizedSpire:DeadBattery"},{"not_picked":["Fusion Hammer","hubris:CrackedHourglass"],"picked":"Runic Dome"},{"not_picked":["hubris:BlackHole","Snecko Eye"],"picked":"aspiration:WatcherSkillbook"}],"items_purged_floors":[31],"is_endless":false,"potions_floor_spawned":[3,6,10,12,16,22,29,30,35,38,39],"ascension_level":0}}