{"host":"j4g6ia6asvpyu2b0","time":1613479347,"event":{"mods":["BaseMod","Colored Map","Infinite Spire","Minty Spire (QoL Compilation)","Permanent Neow","Quick Restart","Relic Stats","StSLib","Unceasing Turn Reminder"],"gold_per_floor":[114,189,364,374,374,374,403,41,41,72,72,72,72,0,0,101,101,115,125,125,125,138,138,167,182,182,182,182,210,28,47,47,148,148,165,165,165,178,148,148,183,183,183,215,215,230,258,258,258,258,258,258,18,43,43,43],"floor_reached":55,"language":"ENG","playtime":2016,"items_purged":["Doubt","Writhe","Strike_G"],"score":897,"play_id":"a01d4dde-efaf-4f0c-85ae-d2224550d0c7","local_time":"20210216054227","is_ascension_mode":true,"campfire_choices":[{"data":"Deadly Poison","floor":6.0,"key":"SMITH"},{"floor":12.0,"key":"REST"},{"data":"Footwork","floor":15.0,"key":"SMITH"},{"data":"A Thousand Cuts","floor":23.0,"key":"SMITH"},{"floor":28.0,"key":"REST"},{"data":"Adrenaline","floor":32.0,"key":"SMITH"},{"data":"Crippling Poison","floor":40.0,"key":"SMITH"},{"data":"Burst","floor":42,"key":"SMITH"},{"data":"Catalyst","floor":45,"key":"SMITH"},{"floor":49,"key":"RECALL"},{"data":"infinitespire:NeuralNetwork","floor":52,"key":"SMITH"}],"circlet_count":0,"master_deck":["Strike_G","Strike_G","Strike_G","Strike_G","Defend_G+1","Defend_G","Defend_G","Defend_G+1","Defend_G","Survivor","Neutralize","Crippling Poison+1","Deadly Poison+1","Flying Knee","Footwork+1","Skewer","Outmaneuver","Infinite Blades","A Thousand Cuts+1","PiercingWail","Quick Slash+1","Blade Dance","Infinite Blades+1","J.A.X.","Well Laid Plans+1","Predator+1","Acrobatics","Predator+1","infinitespire:Neurotoxin+1","Doubt","Predator","Leg Sweep","Adrenaline+1","Outmaneuver+1","Envenom+1","Dodge and Roll+1","Catalyst+1","Shame","Acrobatics+1","Outmaneuver","Burst+1","Deadly Poison+1","Outmaneuver+1","Blur","infinitespire:NeuralNetwork+1","Distraction","Discovery","PiercingWail+1"],"relics":["Ring of the Snake","infinitespire:PuzzleCube","Prayer Wheel","Gremlin Horn","Pantograph","infinitespire:FocusingShard","Cursed Key","Eternal Feather","infinitespire:WardingShard","infinitespire:CheckeredPen","Nunchaku","Philosopher\u0027s Stone","War Paint","infinitespire:EmpoweringShard","Snake Skull","Blood Vial","Bottled Tornado"],"acts_visited":["Exordium","TheCity","TheBeyond","TheEnding"],"potions_floor_usage":[47,47,55,55],"damage_taken":[{"damage":0.0,"enemies":"Cultist","floor":1.0,"turns":5.0},{"damage":4.0,"enemies":"Small Slimes","floor":4.0,"turns":5.0},{"damage":24.0,"enemies":"Lagavulin","floor":7.0,"turns":7.0},{"damage":28.0,"enemies":"3 Sentries","floor":10.0,"turns":12.0},{"damage":44.0,"enemies":"The Guardian","floor":16.0,"turns":11.0},{"damage":0.0,"enemies":"Chosen","floor":18.0,"turns":4.0},{"damage":16.0,"enemies":"Shell Parasite","floor":19.0,"turns":6.0},{"damage":26.0,"enemies":"Snake Plant","floor":22.0,"turns":6.0},{"damage":11.0,"enemies":"Book of Stabbing","floor":24.0,"turns":5.0},{"damage":13.0,"enemies":"Snecko","floor":25.0,"turns":5.0},{"damage":31.0,"enemies":"Nightmare","floor":29.0,"turns":7.0},{"damage":0.0,"enemies":"Sentry and Sphere","floor":31.0,"turns":3.0},{"damage":52.0,"enemies":"Automaton","floor":33.0,"turns":7.0},{"damage":2.0,"enemies":"3 Shapes","floor":35.0,"turns":6.0},{"damage":12.0,"enemies":"3 Darklings","floor":38.0,"turns":3.0},{"damage":28,"enemies":"Nemesis","floor":41,"turns":9},{"damage":24,"enemies":"Reptomancer","floor":44,"turns":4},{"damage":19,"enemies":"Jaw Worm Horde","floor":46,"turns":3},{"damage":13,"enemies":"Nightmare","floor":47,"turns":4},{"damage":72,"enemies":"Awakened One","floor":50,"turns":11},{"damage":42,"enemies":"Shield and Spear","floor":54,"turns":6},{"damage":69,"enemies":"The Heart","floor":55,"turns":3}],"seed_played":"2170910466541573701","potions_obtained":[{"floor":4.0,"key":"Poison Potion"},{"floor":16.0,"key":"SpeedPotion"},{"floor":18.0,"key":"Dexterity Potion"},{"floor":22.0,"key":"EntropicBrew"},{"floor":29.0,"key":"AttackPotion"},{"floor":31.0,"key":"EssenceOfSteel"},{"floor":35.0,"key":"Explosive Potion"},{"floor":41,"key":"Swift Potion"},{"floor":47,"key":"SneckoOil"}],"is_trial":false,"path_per_floor":["M","?","?","M","?","R","E","$","T","E","?","R","?","$","R","B",null,"M","M","?","?","M","R","E","M","T","?","R","NM","$","M","R","B",null,"M","T","?","M","?","R","E","R","T","E","R","M","NM","AVR","R","B",null,"R","$","E","B"],"character_chosen":"THE_SILENT","items_purchased":["Footwork","Gremlin Horn","Infinite Blades","Nunchaku","Leg Sweep","PowerPotion","Discovery"],"campfire_rested":2,"item_purchase_floors":[8,8,14,30,30,53,53],"current_hp_per_floor":[70,59,59,55,60,60,36,36,36,8,8,30,30,30,30,11,75,75,59,59,59,33,33,22,9,9,9,49,18,18,18,39,12,75,73,73,73,61,61,75,47,71,71,47,71,52,39,39,66,3,75,75,75,33,0,0],"gold":43,"neow_bonus":"RANDOM_COMMON_RELIC","is_daily":false,"chose_seed":false,"campfire_upgraded":8,"win_rate":0.0,"timestamp":1613479347,"path_taken":["M","?","?","M","?","R","E","$","T","E","?","R","?","$","R","BOSS","M","?","?","?","M","R","E","?","T","?","R","NM","$","M","R","BOSS","M","?","?","?","?","R","E","R","T","E","R","M","NM","AVR","R","BOSS","R","$","E","BOSS"],"items_purchased_type":["Card","Relic","Card","Relic","Card","Potion","Card"],"build_version":"2020-12-22","purchased_purges":3,"victory":false,"max_hp_per_floor":[70,70,70,70,75,75,75,75,75,75,75,75,75,75,75,75,75,75,75,75,75,75,75,75,75,75,75,75,75,75,75,75,75,75,75,75,75,75,75,75,75,75,75,75,75,75,75,75,75,75,75,75,75,75,75,75],"relic_stats":{"Blood Vial":4,"Nunchaku":[16],"Gremlin Horn":[19,19],"counters":[22,132],"Pantograph":82,"Prayer Wheel":8,"Eternal Feather":128,"Snake Skull":[67],"War Paint":["Defend_G","Defend_G"],"Cursed Key":3,"obtain_stats":[{"Gremlin Horn":8,"Eternal Feather":24,"infinitespire:FocusingShard":10,"Snake Skull":44,"infinitespire:CheckeredPen":29,"War Paint":41,"Bottled Tornado":54,"Cursed Key":17,"Blood Vial":47,"Nunchaku":30,"infinitespire:WardingShard":26,"Pantograph":9,"Prayer Wheel":7,"Philosopher\u0027s Stone":34,"infinitespire:EmpoweringShard":43,"infinitespire:PuzzleCube":0,"Ring of the Snake":0},{"Gremlin Horn":3,"Eternal Feather":9,"infinitespire:FocusingShard":4,"Snake Skull":17,"infinitespire:CheckeredPen":11,"War Paint":16,"Bottled Tornado":21,"Cursed Key":5,"Blood Vial":19,"Nunchaku":11,"infinitespire:WardingShard":10,"Pantograph":3,"Prayer Wheel":3,"Philosopher\u0027s Stone":13,"infinitespire:EmpoweringShard":16,"infinitespire:PuzzleCube":0,"Ring of the Snake":0},{"Gremlin Horn":17,"Eternal Feather":61,"infinitespire:FocusingShard":29,"Snake Skull":105,"infinitespire:CheckeredPen":73,"War Paint":101,"Bottled Tornado":129,"Cursed Key":40,"Blood Vial":112,"Nunchaku":73,"infinitespire:WardingShard":66,"Pantograph":17,"Prayer Wheel":17,"Philosopher\u0027s Stone":83,"infinitespire:EmpoweringShard":101,"infinitespire:PuzzleCube":0,"Ring of the Snake":0}],"Ring of the Snake":[44]},"card_choices":[{"not_picked":["Deflect","Underhanded Strike"],"picked":"Crippling Poison","floor":1.0},{"not_picked":["Prepared","Endless Agony"],"picked":"Deadly Poison","floor":4.0},{"not_picked":["Blur","Escape Plan"],"picked":"Flying Knee","floor":7.0},{"not_picked":["Choke","Accuracy"],"picked":"Skewer","floor":10.0},{"not_picked":["Tools of the Trade","Phantasmal Killer"],"picked":"A Thousand Cuts","floor":16.0},{"not_picked":["Deflect","Slice"],"picked":"PiercingWail","floor":18.0},{"not_picked":["Blade Dance","Eviscerate+1"],"picked":"Quick Slash+1","floor":18.0},{"not_picked":["Die Die Die","Dodge and Roll"],"picked":"Blade Dance","floor":19.0},{"not_picked":["Dagger Throw","Dodge and Roll"],"picked":"Infinite Blades+1","floor":19.0},{"not_picked":["Deadly Poison","Dagger Throw"],"picked":"Well Laid Plans+1","floor":22.0},{"not_picked":["Blade Dance","Finisher"],"picked":"Predator+1","floor":22.0},{"not_picked":["Endless Agony","Expertise"],"picked":"Acrobatics","floor":24.0},{"not_picked":["Dodge and Roll","Slice"],"picked":"Predator+1","floor":25.0},{"not_picked":["Escape Plan+1","Backstab"],"picked":"infinitespire:Neurotoxin","floor":25.0},{"not_picked":["Masterful Stab","Underhanded Strike+1"],"picked":"Predator","floor":29.0},{"not_picked":["Deadly Poison","Dagger Throw"],"picked":"Adrenaline","floor":31.0},{"not_picked":["Blade Dance","Quick Slash"],"picked":"Outmaneuver+1","floor":31.0},{"not_picked":["Grand Finale","Corpse Explosion"],"picked":"Envenom","floor":33.0},{"not_picked":["Cloak And Dagger","Deflect+1"],"picked":"Dodge and Roll+1","floor":35.0},{"not_picked":["Blade Dance+1","Crippling Poison"],"picked":"Catalyst","floor":35.0},{"not_picked":["Finisher+1","Slice+1"],"picked":"Acrobatics+1","floor":38.0},{"not_picked":["Underhanded Strike","Acrobatics"],"picked":"Outmaneuver","floor":38.0},{"not_picked":["Deflect","Dash+1"],"picked":"Burst","floor":41},{"not_picked":["Storm of Steel","Poisoned Stab"],"picked":"Deadly Poison+1","floor":44},{"not_picked":["Endless Agony+1","Prepared+1"],"picked":"Outmaneuver+1","floor":46},{"not_picked":["Bane","Dash"],"picked":"Blur","floor":46},{"not_picked":["infinitespire:FutureSight","infinitespire:FinalStrike"],"picked":"infinitespire:NeuralNetwork","floor":47},{"not_picked":["Prepared+1","Deflect"],"picked":"Distraction","floor":47},{"not_picked":["Reflex","Cloak And Dagger+1"],"picked":"PiercingWail+1","floor":54}],"player_experience":1254358,"relics_obtained":[{"floor":7.0,"key":"Prayer Wheel"},{"floor":9.0,"key":"Pantograph"},{"floor":10.0,"key":"infinitespire:FocusingShard"},{"floor":24.0,"key":"Eternal Feather"},{"floor":26.0,"key":"infinitespire:WardingShard"},{"floor":29.0,"key":"infinitespire:CheckeredPen"},{"floor":41,"key":"War Paint"},{"floor":43,"key":"infinitespire:EmpoweringShard"},{"floor":44,"key":"Snake Skull"},{"floor":47,"key":"Blood Vial"},{"floor":54,"key":"Bottled Tornado"}],"event_choices":[{"damage_healed":0.0,"max_hp_gain":0.0,"max_hp_loss":0.0,"gold_gain":75.0,"event_name":"World of Goop","player_choice":"Gather Gold","floor":2.0,"gold_loss":0.0,"damage_taken":11.0},{"damage_healed":0.0,"max_hp_gain":0.0,"max_hp_loss":0.0,"gold_gain":175.0,"event_name":"Liars Game","player_choice":"AGREE","floor":3.0,"gold_loss":0.0,"damage_taken":0.0,"cards_obtained":["Doubt"]},{"damage_healed":0.0,"max_hp_gain":5.0,"max_hp_loss":0.0,"gold_gain":0.0,"event_name":"Big Fish","player_choice":"Donut","floor":5.0,"gold_loss":0.0,"damage_taken":0.0},{"damage_healed":0.0,"max_hp_gain":0.0,"max_hp_loss":0.0,"gold_gain":0.0,"event_name":"Scrap Ooze","player_choice":"Fled","floor":11.0,"gold_loss":0.0,"damage_taken":0.0},{"damage_healed":0.0,"max_hp_gain":0.0,"max_hp_loss":0.0,"gold_gain":0.0,"event_name":"Match and Keep!","player_choice":"1 cards matched","floor":13.0,"gold_loss":0.0,"damage_taken":0.0,"cards_obtained":["Outmaneuver"]},{"damage_healed":0.0,"max_hp_gain":0.0,"max_hp_loss":0.0,"gold_gain":0.0,"event_name":"Drug Dealer","player_choice":"Obtain J.A.X.","floor":20.0,"gold_loss":0.0,"damage_taken":0.0,"cards_obtained":["J.A.X."]},{"damage_healed":0.0,"max_hp_gain":0.0,"max_hp_loss":0.0,"gold_gain":0.0,"event_name":"N\u0027loth","player_choice":"Ignored","floor":21.0,"gold_loss":0.0,"damage_taken":0.0},{"damage_healed":0.0,"max_hp_gain":0.0,"max_hp_loss":0.0,"gold_gain":0.0,"event_name":"Upgrade Shrine","player_choice":"Upgraded","floor":27.0,"gold_loss":0.0,"damage_taken":0.0,"cards_upgraded":["infinitespire:Neurotoxin"]},{"damage_healed":0.0,"max_hp_gain":0.0,"max_hp_loss":0.0,"gold_gain":0.0,"event_name":"Upgrade Shrine","player_choice":"Upgraded","floor":37.0,"gold_loss":0.0,"damage_taken":0.0,"cards_upgraded":["Envenom"]},{"damage_healed":0.0,"max_hp_gain":0.0,"max_hp_loss":0.0,"gold_gain":0.0,"event_name":"The Woman in Blue","player_choice":"Bought 2 Potions","floor":39.0,"gold_loss":0.0,"damage_taken":0.0}],"is_beta":false,"boss_relics":[{"not_picked":["Astrolabe","Calling Bell"],"picked":"Cursed Key"},{"not_picked":["Busted Crown","Runic Dome"],"picked":"Philosopher\u0027s Stone"}],"items_purged_floors":[8,48,53],"is_endless":false,"potions_floor_spawned":[4,16,18,22,29,31,35,41,47],"killed_by":"The Heart","ascension_level":2}}