{"host":"d0jyg0jyhr2o2pjc","time":1613468191,"event":{"mods":["BaseMod","Downfall","Googly Eyes","Hermit","Marisa£®ÏF”Í°°ƒß¿Ì…≥£©","Minty Spire (QoL Compilation)","Replay The Spire","StSLib","The Cursed","The Marked","The Servant 0.9.4"],"gold_per_floor":[119,294,79,91,107,107,107,107,107,107,107,107,85,96,153,123,123,123,123],"floor_reached":18,"language":"ZHS","playtime":626,"items_purged":[],"score":98,"play_id":"5054c2af-e73c-46e1-b466-d70e8ba5c90e","local_time":"20210216173631","is_ascension_mode":false,"campfire_choices":[{"floor":6,"key":"REST"},{"data":"Slimebound:ViciousTackle","floor":9,"key":"SMITH"},{"data":"Strike_G","floor":12,"key":"SMITH"},{"floor":17,"key":"REST"}],"circlet_count":0,"master_deck":["Strike_G","Strike_G","Strike_G+1","Strike_G","Strike_G","Defend_G","Defend_G","Defend_G","Defend_G","Defend_G","Survivor","Neutralize","sneckomod:UnknownRarePower","Guardian:Recover","Doubt","champ:CrookedStrike+1","Slimebound:LeechingTouch","bronze:Deprecate","bronze:BitShift","bronze:BugBarrage","sneckomod:UnknownClassMARKED_PURPLE_COLOR","Slimebound:ViciousTackle+1","champ:AdrenalArmor","Parasite","hexamod:FastForward","Flechettes"],"relics":["Ring of the Snake","Orrery","Garlic"],"acts_visited":["Exordium"],"potions_floor_usage":[5],"damage_taken":[{"damage":20,"enemies":"Small Slimes","floor":1,"turns":5},{"damage":0,"enemies":"2 Louse","floor":4,"turns":3},{"damage":6,"enemies":"Jaw Worm","floor":5,"turns":4},{"damage":3,"enemies":"Exordium Wildlife","floor":14,"turns":5},{"damage":0,"enemies":"Looter","floor":16,"turns":4},{"damage":70,"enemies":"Slime Boss","floor":18,"turns":10}],"seed_played":"1443357837051582655","potions_obtained":[{"floor":4,"key":"CultistPotion"},{"floor":14,"key":"EntropicBrew"}],"is_trial":false,"path_per_floor":["M","?","$","M","M","R","PTL","PTL","R","?","T","R","?","M","?","M","R","B"],"character_chosen":"THE_SILENT","items_purchased":["champ:CrookedStrike+1","Orrery"],"campfire_rested":2,"item_purchase_floors":[3,3],"current_hp_per_floor":[50,50,50,50,44,65,65,65,65,70,70,70,70,67,67,67,70,0,0],"gold":123,"neow_bonus":"ONE_RANDOM_RARE_CARD","is_daily":false,"chose_seed":false,"campfire_upgraded":2,"win_rate":0.0,"timestamp":1613468191,"path_taken":["M","?","$","M","M","R","PTL","PTL","R","?","T","R","?","M","?","M","R","BOSS"],"items_purchased_type":["Card","Relic"],"build_version":"2020-12-22","purchased_purges":0,"victory":false,"max_hp_per_floor":[70,70,70,70,70,70,70,70,70,70,70,70,70,70,70,70,70,70,70],"card_choices":[{"not_picked":["champ:BerserkersShout","sneckomod:SoulDraw"],"picked":"Guardian:Recover","floor":1},{"not_picked":["sneckomod:WideSting","bronze:WhirlingStrike"],"picked":"Slimebound:LeechingTouch","floor":3},{"not_picked":["bronze:Invalidate","Footwork"],"picked":"bronze:Deprecate","floor":3},{"not_picked":["Malaise","Slimebound:Prepare"],"picked":"bronze:BitShift","floor":3},{"not_picked":["Slimebound:RollThrough","sneckomod:Mudshield"],"picked":"bronze:BugBarrage","floor":3},{"not_picked":["champ:TornadoPunch","bronze:AlphaBuild"],"picked":"sneckomod:UnknownClassMARKED_PURPLE_COLOR","floor":3},{"not_picked":["Guardian:VentSteam","Riddle With Holes"],"picked":"Slimebound:ViciousTackle","floor":4},{"not_picked":["Fluid Movement","sneckomod:SoulRoll"],"picked":"champ:AdrenalArmor","floor":5},{"not_picked":["Guardian:Gem_Lightblue","bronze:DelayedGuard"],"picked":"hexamod:FastForward","floor":14},{"not_picked":["Deflect","Guardian:Suspension"],"picked":"Flechettes","floor":16}],"player_experience":11632,"relics_obtained":[{"floor":11,"key":"Garlic"}],"event_choices":[{"damage_healed":0,"gold_gain":175,"player_choice":"AGREE","damage_taken":0,"max_hp_gain":0,"max_hp_loss":0,"event_name":"Liars Game","floor":2,"gold_loss":0,"cards_obtained":["Doubt"]},{"damage_healed":17,"gold_gain":0,"player_choice":"Healed and dodged fight","damage_taken":0,"max_hp_gain":0,"max_hp_loss":0,"event_name":"Mushrooms","floor":10,"gold_loss":0,"cards_obtained":["Parasite"]},{"damage_healed":0,"gold_gain":0,"player_choice":"Left Gold","damage_taken":0,"max_hp_gain":0,"max_hp_loss":0,"event_name":"World of Goop","floor":13,"gold_loss":22},{"damage_healed":0,"gold_gain":57,"player_choice":"Gained Gold","damage_taken":0,"max_hp_gain":0,"max_hp_loss":0,"event_name":"Golden Wing","floor":15,"gold_loss":0}],"is_beta":false,"boss_relics":[],"items_purged_floors":[],"is_endless":false,"potions_floor_spawned":[4,14],"killed_by":"Slime Boss","ascension_level":0}}