{"host":"g7sxcfouz24f0psv","time":1613485210,"event":{"mods":["BaseMod","Hermit","Minty Spire (QoL Compilation)","StSLib","The Cursed"],"gold_per_floor":[114,129,144,144,159,159,189,204,204,219,13,28,28,43,43,143,143,158,173,50,65,80,80,95,95,95,125,152,179,206,233,245,357,369,396,423,450,462,489,501,528,555,592,619,631,658,679,73,82,82],"floor_reached":51,"language":"ENG","playtime":4164,"items_purged":["TheCursedMod:Defend_TheCursed"],"score":735,"play_id":"9c1e79e5-c1ca-4ba9-9b2a-e9fd31b78b59","local_time":"20210216152010","daily_mods":["Specialized","Vintage","Lethality"],"is_ascension_mode":false,"campfire_choices":[{"data":"TheCursedMod:CursedWand","floor":6,"key":"SMITH"},{"data":"TheCursedMod:HellsGateOpen","floor":13,"key":"SMITH"},{"data":"TheCursedMod:CleanUpWorkshop","floor":15,"key":"SMITH"},{"data":"TheCursedMod:HellfireBreathing","floor":23,"key":"SMITH"},{"data":"Flash of Steel","floor":25,"key":"SMITH"},{"data":"TheCursedMod:CircleOfCorruption","floor":32,"key":"SMITH"},{"floor":40,"key":"REST"},{"floor":49,"key":"REST"}],"circlet_count":0,"master_deck":["TheCursedMod:Strike_TheCursed","TheCursedMod:Strike_TheCursed+1","TheCursedMod:Strike_TheCursed","TheCursedMod:Strike_TheCursed","TheCursedMod:Defend_TheCursed+1","TheCursedMod:Defend_TheCursed","TheCursedMod:Defend_TheCursed","TheCursedMod:CursedWand+1","TheCursedMod:CleanUpWorkshop+1","TheCursedMod:Dregs","TheCursedMod:WearCloak+1","TheCursedMod:WearCloak","TheCursedMod:WearCloak","TheCursedMod:WearCloak","TheCursedMod:WearCloak","TheCursedMod:CursedSpellbook+1","TheCursedMod:HellsGateOpen+1","Flash of Steel+1","TheCursedMod:FuryStrike","TheCursedMod:DemonSword","TheCursedMod:HellfireBreathing+1","TheCursedMod:CursedBlade+1","TheCursedMod:CircleOfCorruption+1","TheCursedMod:DemonicPact","TheCursedMod:RapidMovement","Finesse","TheCursedMod:HellsGateOpen","TheCursedMod:StingEye+1","TheCursedMod:Wield+1"],"relics":["TheCursedMod:BlackMagicAdvanced","Omamori","TheCursedMod:BloodyHarpoon","TheCursedMod:DemonicMark","Eternal Feather","War Paint","Bag of Preparation","Tiny Chest","MealTicket","Juzu Bracelet","TheCursedMod:SoulVessel","Ancient Tea Set","Toy Ornithopter","Strawberry","Whetstone","Kunai","Lantern","MawBank","Mummified Hand","Nunchaku","Orichalcum","Vajra","Fusion Hammer","Pen Nib","Boot","Happy Flower","Dream Catcher","Meat on the Bone","TheCursedMod:MagicCandle","Smiling Mask","CeramicFish","Molten Egg 2","Thread and Needle","Lee\u0027s Waffle"],"acts_visited":["Exordium","TheCity","TheBeyond"],"potions_floor_usage":[16,21,33,50,50],"damage_taken":[{"damage":0,"enemies":"Small Slimes","floor":1,"turns":5},{"damage":0,"enemies":"Jaw Worm","floor":2,"turns":3},{"damage":0,"enemies":"Cultist","floor":3,"turns":4},{"damage":1,"enemies":"3 Louse","floor":5,"turns":5},{"damage":29,"enemies":"Gremlin Nob","floor":7,"turns":5},{"damage":0,"enemies":"2 Fungi Beasts","floor":8,"turns":3},{"damage":0,"enemies":"Exordium Wildlife","floor":10,"turns":4},{"damage":0,"enemies":"Gremlin Gang","floor":12,"turns":3},{"damage":1,"enemies":"2 Fungi Beasts","floor":14,"turns":3},{"damage":29,"enemies":"The Guardian","floor":16,"turns":11},{"damage":8,"enemies":"Shell Parasite","floor":18,"turns":9},{"damage":17,"enemies":"Spheric Guardian","floor":19,"turns":4},{"damage":3,"enemies":"Snake Plant","floor":21,"turns":3},{"damage":7,"enemies":"Shelled Parasite and Fungi","floor":22,"turns":5},{"damage":0,"enemies":"Cultist and Chosen","floor":24,"turns":4},{"damage":24,"enemies":"Gremlin Leader","floor":27,"turns":6},{"damage":0,"enemies":"Centurion and Healer","floor":28,"turns":3},{"damage":0,"enemies":"Snake Plant","floor":29,"turns":2},{"damage":0,"enemies":"3 Cultists","floor":30,"turns":5},{"damage":0,"enemies":"Sentry and Sphere","floor":31,"turns":3},{"damage":25,"enemies":"Champ","floor":33,"turns":9},{"damage":0,"enemies":"3 Darklings","floor":35,"turns":3},{"damage":0,"enemies":"Orb Walker","floor":36,"turns":2},{"damage":0,"enemies":"Writhing Mass","floor":37,"turns":4},{"damage":0,"enemies":"Maw","floor":39,"turns":4},{"damage":0,"enemies":"Spire Growth","floor":41,"turns":2},{"damage":3,"enemies":"4 Shapes","floor":42,"turns":3},{"damage":0,"enemies":"Sphere and 2 Shapes","floor":44,"turns":3},{"damage":3,"enemies":"Spire Growth","floor":46,"turns":3},{"damage":13,"enemies":"Donu and Deca","floor":50,"turns":7}],"seed_played":"2711566965655028651","potions_obtained":[{"floor":1,"key":"Explosive Potion"},{"floor":3,"key":"AttackPotion"},{"floor":8,"key":"Explosive Potion"},{"floor":12,"key":"AttackPotion"},{"floor":18,"key":"EssenceOfSteel"},{"floor":24,"key":"TheCursedMod:DregsPotion"},{"floor":28,"key":"CultistPotion"},{"floor":39,"key":"Dexterity Potion"}],"is_trial":false,"path_per_floor":["M","M","M","?","M","R","E","M","T","M","$","M","R","M","R","B",null,"M","M","$","M","M","R","M","R","T","E","M","M","M","M","R","B",null,"M","M","M","?","M","R","M","M","T","M","?","M","?","$","R","B",null],"character_chosen":"THE_CURSED","items_purchased":["TheCursedMod:HellsGateOpen","Flash of Steel","TheCursedMod:FuryStrike","TheCursedMod:HellfireBreathing","TheCursedMod:CursedBlade","TheCursedMod:HellsGateOpen","Thread and Needle","Lee\u0027s Waffle","TheCursedMod:StingEye+1"],"campfire_rested":2,"item_purchase_floors":[11,11,11,20,20,48,48,48,48],"current_hp_per_floor":[75,75,75,80,79,80,51,51,51,51,66,66,78,77,80,55,80,75,58,73,84,79,87,87,87,87,67,68,69,71,73,85,71,87,87,87,87,87,87,87,87,85,85,87,87,85,85,94,94,85],"gold":82,"neow_bonus":"","is_daily":true,"chose_seed":false,"campfire_upgraded":6,"win_rate":0.0,"timestamp":1613485210,"path_taken":["M","M","M","?","M","R","E","M","T","M","$","M","R","M","R","BOSS","M","M","$","M","M","R","M","R","T","E","M","M","M","M","R","BOSS","M","M","M","?","M","R","M","M","T","M","?","M","?","$","R","BOSS"],"items_purchased_type":["Card","Card","Card","Card","Card","Card","Relic","Relic","Card"],"build_version":"2020-12-22","purchased_purges":1,"victory":true,"max_hp_per_floor":[75,75,75,80,80,80,80,80,80,80,80,80,80,80,80,80,80,80,80,80,87,87,87,87,87,87,87,87,87,87,87,87,87,87,87,87,87,87,87,87,87,87,87,87,87,87,87,94,94,94],"card_choices":[{"not_picked":["TheCursedMod:TroublousMinions","TheCursedMod:CircleOfFocus"],"picked":"TheCursedMod:CursedSpellbook","floor":7},{"not_picked":["TheCursedMod:StunningStrike","TheCursedMod:ParallelWorld"],"picked":"TheCursedMod:DemonSword","floor":16},{"not_picked":["TheCursedMod:ManaBullet","TheCursedMod:FleshFromBone"],"picked":"TheCursedMod:CircleOfCorruption","floor":27},{"not_picked":["TheCursedMod:DemonSword","TheCursedMod:CollectTribute"],"picked":"TheCursedMod:DemonicPact","floor":33},{"not_picked":["TheCursedMod:WearCloak+1","TheCursedMod:Mangle"],"picked":"TheCursedMod:RapidMovement","floor":40},{"not_picked":["Trip","Jack Of All Trades"],"picked":"Finesse","floor":47},{"not_picked":["TheCursedMod:CursedArmor+1","TheCursedMod:CircleOfFlame"],"picked":"TheCursedMod:Wield+1","floor":49}],"player_experience":55448,"relics_obtained":[{"floor":1,"key":"Omamori"},{"floor":2,"key":"TheCursedMod:BloodyHarpoon"},{"floor":3,"key":"TheCursedMod:DemonicMark"},{"floor":5,"key":"Eternal Feather"},{"floor":7,"key":"War Paint"},{"floor":8,"key":"Bag of Preparation"},{"floor":9,"key":"Tiny Chest"},{"floor":10,"key":"MealTicket"},{"floor":12,"key":"Juzu Bracelet"},{"floor":14,"key":"TheCursedMod:SoulVessel"},{"floor":18,"key":"Ancient Tea Set"},{"floor":19,"key":"Toy Ornithopter"},{"floor":21,"key":"Strawberry"},{"floor":22,"key":"Whetstone"},{"floor":24,"key":"Kunai"},{"floor":26,"key":"Lantern"},{"floor":27,"key":"MawBank"},{"floor":28,"key":"Mummified Hand"},{"floor":29,"key":"Nunchaku"},{"floor":30,"key":"Orichalcum"},{"floor":31,"key":"Vajra"},{"floor":35,"key":"Pen Nib"},{"floor":36,"key":"Boot"},{"floor":37,"key":"Happy Flower"},{"floor":39,"key":"Dream Catcher"},{"floor":41,"key":"Meat on the Bone"},{"floor":42,"key":"TheCursedMod:MagicCandle"},{"floor":43,"key":"Smiling Mask"},{"floor":44,"key":"CeramicFish"},{"floor":46,"key":"Molten Egg 2"}],"event_choices":[{"damage_healed":0,"gold_gain":0,"player_choice":"Donut","damage_taken":0,"max_hp_gain":5,"max_hp_loss":0,"event_name":"Big Fish","floor":4,"gold_loss":0},{"damage_healed":22,"gold_gain":0,"player_choice":"Writhe","damage_taken":0,"max_hp_gain":0,"max_hp_loss":0,"event_name":"Winding Halls","floor":38,"gold_loss":0,"cards_obtained":["Writhe"]},{"damage_healed":0,"gold_gain":0,"player_choice":"Upgraded","damage_taken":0,"max_hp_gain":0,"max_hp_loss":0,"event_name":"Upgrade Shrine","floor":45,"gold_loss":0,"cards_upgraded":["TheCursedMod:CursedSpellbook"]},{"damage_healed":0,"gold_gain":0,"player_choice":"Memory 1","damage_taken":0,"max_hp_gain":0,"max_hp_loss":0,"event_name":"SensoryStone","floor":47,"gold_loss":0}],"is_beta":false,"boss_relics":[{"not_picked":["Velvet Choker","Sozu"],"picked":"TheCursedMod:BlackMagicAdvanced"},{"not_picked":["Runic Dome","Black Star"],"picked":"Fusion Hammer"}],"items_purged_floors":[48],"is_endless":false,"potions_floor_spawned":[1,3,8,12,18,24,28,30,39,41,42,44],"ascension_level":0}}