{"host":"phy652c7lim9lcu2","time":1613473160,"event":{"mods":["BaseMod","Colored Powertips","Googly Eyes","Minty Spire (QoL Compilation)","Relic Stats","Spicy Shops","StSLib","everything is the same but u backflip on backflip"],"gold_per_floor":[50,103,143,179,4,4,4,69,69,69,139,139,182,231,231,385,385,430,345,197,242,16,16,60,119,119,203,203,241,241,141,141,291,291,330,430,496,545,545,606,76,144,168,231,231,270,283,298,298,323,323,323,103,136,136,136],"floor_reached":55,"language":"ENG","playtime":2093,"items_purged":["Strike_P","Defend_P","Defend_P","Strike_P","Strike_P","Defend_P"],"score":1343,"play_id":"9c151dd9-3318-4835-bef8-93c90af4727c","local_time":"20210216205920","is_ascension_mode":true,"campfire_choices":[{"data":"HandOfGreed","floor":7.0,"key":"SMITH"},{"data":"Eruption","floor":10.0,"key":"SMITH"},{"data":"Wallop","floor":12.0,"key":"SMITH"},{"floor":15.0,"key":"RECALL"},{"data":"Scrawl","floor":23.0,"key":"SMITH"},{"data":"Omniscience","floor":28.0,"key":"SMITH"},{"floor":32.0,"key":"REST"},{"floor":45.0,"key":"REST"},{"floor":49.0,"key":"REST"},{"data":"1","floor":52,"key":"LIFT"}],"circlet_count":0,"master_deck":["AscendersBane","Eruption+1","Vigilance","HandOfGreed+1","Wallop+1","Evaluate","BowlingBash","Protect","EmptyBody","EmptyFist","Tantrum","Scrawl+1","Crescendo","Protect","CutThroughFate","Wireheading","Omniscience+1","BowlingBash+1","WindmillStrike+1","Meditate","Flash of Steel","WindmillStrike+1","ClearTheMind+1","WheelKick+1","Ragnarok","TalkToTheHand","WindmillStrike"],"relics":["PureWater","Golden Idol","Lantern","Smiling Mask","Philosopher\u0027s Stone","Letter Opener","Omamori","Shuriken","Anchor","Gremlin Horn","Akabeko","Necronomicon","Empty Cage","Question Card","Girya","Mercury Hourglass","Vajra","Pantograph"],"acts_visited":["Exordium","TheCity","TheBeyond","TheEnding"],"potions_floor_usage":[55],"damage_taken":[{"damage":0.0,"enemies":"2 Louse","floor":1.0,"turns":5.0},{"damage":1.0,"enemies":"Small Slimes","floor":2.0,"turns":6.0},{"damage":0.0,"enemies":"Cultist","floor":3.0,"turns":4.0},{"damage":0.0,"enemies":"Looter","floor":4.0,"turns":1.0},{"damage":12.0,"enemies":"Gremlin Nob","floor":8.0,"turns":4.0},{"damage":0.0,"enemies":"Exordium Thugs","floor":11.0,"turns":4.0},{"damage":0.0,"enemies":"2 Fungi Beasts","floor":13.0,"turns":2.0},{"damage":6.0,"enemies":"Red Slaver","floor":14.0,"turns":3.0},{"damage":9.0,"enemies":"Hexaghost","floor":16.0,"turns":9.0},{"damage":9.0,"enemies":"Shell Parasite","floor":18.0,"turns":4.0},{"damage":1.0,"enemies":"Chosen","floor":21.0,"turns":4.0},{"damage":0.0,"enemies":"Snake Plant","floor":24.0,"turns":3.0},{"damage":9.0,"enemies":"Book of Stabbing","floor":25.0,"turns":4.0},{"damage":0.0,"enemies":"Slavers","floor":27.0,"turns":5.0},{"damage":0.0,"enemies":"Sentry and Sphere","floor":29.0,"turns":3.0},{"damage":46.0,"enemies":"Automaton","floor":33.0,"turns":6.0},{"damage":0.0,"enemies":"3 Darklings","floor":35.0,"turns":3.0},{"damage":0.0,"enemies":"3 Shapes","floor":37.0,"turns":3.0},{"damage":7.0,"enemies":"Sphere and 2 Shapes","floor":38.0,"turns":2.0},{"damage":0.0,"enemies":"Nemesis","floor":40.0,"turns":1.0},{"damage":21.0,"enemies":"Giant Head","floor":42.0,"turns":6.0},{"damage":4.0,"enemies":"Nemesis","floor":44.0,"turns":3.0},{"damage":15.0,"enemies":"Jaw Worm Horde","floor":46.0,"turns":2.0},{"damage":0.0,"enemies":"3 Darklings","floor":47.0,"turns":2.0},{"damage":0.0,"enemies":"Writhing Mass","floor":48.0,"turns":2.0},{"damage":33,"enemies":"Donu and Deca","floor":50,"turns":4},{"damage":0,"enemies":"Shield and Spear","floor":54,"turns":2},{"damage":166,"enemies":"The Heart","floor":55,"turns":5}],"seed_played":"-6709764256606940946","potions_obtained":[{"floor":2.0,"key":"Ancient Potion"},{"floor":4.0,"key":"Ancient Potion"},{"floor":14.0,"key":"LiquidMemories"},{"floor":21.0,"key":"Fruit Juice"},{"floor":33.0,"key":"EssenceOfSteel"},{"floor":35.0,"key":"FairyPotion"},{"floor":46.0,"key":"Regen Potion"}],"is_trial":false,"path_per_floor":["M","M","M","M","$","?","R","E","T","R","M","R","M","M","R","B",null,"M","?","$","M","$","R","M","E","T","E","R","M","?","$","R","B",null,"M","?","M","M","?","E","$","E","T","E","R","M","M","M","R","B",null,"R","$","E","B"],"character_chosen":"WATCHER","items_purchased":["Omamori","Protect","Shuriken","Meditate","Girya","Flash of Steel","Ragnarok","TalkToTheHand"],"campfire_rested":3,"item_purchase_floors":[20,22,22,41,41,41,53,53],"current_hp_per_floor":[65,64,64,64,64,46,46,34,34,34,34,34,34,28,28,19,59,50,50,50,49,49,49,49,45,45,45,45,45,29,29,52,6,59,59,59,59,52,52,52,52,31,31,27,50,35,35,35,58,25,64,64,64,64,0,0],"gold":136,"neow_bonus":"RANDOM_COLORLESS_2","is_daily":false,"chose_seed":false,"campfire_upgraded":5,"win_rate":0.0,"timestamp":1613473160,"path_taken":["M","M","M","M","$","?","R","E","T","R","M","R","M","M","R","BOSS","M","?","$","M","$","R","M","E","T","E","R","M","?","$","R","BOSS","M","?","M","?","?","E","$","E","T","E","R","M","M","M","R","BOSS","R","$","E","BOSS"],"items_purchased_type":["Relic","Card","Relic","Card","Relic","Card","Card","Card"],"build_version":"2020-12-22","purchased_purges":6,"victory":false,"max_hp_per_floor":[72,72,72,72,72,72,72,72,72,72,72,72,72,72,72,72,72,72,72,72,72,72,72,72,77,77,77,77,77,77,77,77,77,77,77,77,77,77,77,77,77,77,77,77,77,77,77,77,77,77,77,77,77,77,77,77],"relic_stats":{"Gremlin Horn":[17,17],"counters":[28,102],"Golden Idol":178,"Shuriken":[32],"Pantograph":13,"Necronomicon":[29],"Letter Opener":[98],"Smiling Mask":450,"Question Card":6,"obtain_stats":[{"Girya":41,"Lantern":8,"Gremlin Horn":26,"Golden Idol":6,"Vajra":44,"Omamori":20,"Letter Opener":19,"Smiling Mask":9,"Empty Cage":34,"Question Card":40,"Akabeko":27,"Mercury Hourglass":42,"Anchor":25,"Shuriken":22,"Pantograph":54,"Philosopher\u0027s Stone":17,"Necronomicon":30,"PureWater":0},{"Girya":20,"Lantern":5,"Gremlin Horn":13,"Golden Idol":4,"Vajra":22,"Omamori":10,"Letter Opener":10,"Smiling Mask":5,"Empty Cage":16,"Question Card":20,"Akabeko":14,"Mercury Hourglass":21,"Anchor":13,"Shuriken":11,"Pantograph":27,"Philosopher\u0027s Stone":9,"Necronomicon":15,"PureWater":0},{"Girya":76,"Lantern":20,"Gremlin Horn":53,"Golden Idol":16,"Vajra":85,"Omamori":42,"Letter Opener":42,"Smiling Mask":20,"Empty Cage":67,"Question Card":76,"Akabeko":58,"Mercury Hourglass":82,"Anchor":53,"Shuriken":46,"Pantograph":97,"Philosopher\u0027s Stone":38,"Necronomicon":61,"PureWater":0}],"Mercury Hourglass":[64]},"card_choices":[{"not_picked":["Magnetism","Violence"],"picked":"HandOfGreed","floor":0.0},{"not_picked":["ReachHeaven","Weave"],"picked":"Wallop","floor":1.0},{"not_picked":["EmptyBody","WaveOfTheHand"],"picked":"Evaluate","floor":2.0},{"not_picked":["Adaptation","Perseverance"],"picked":"BowlingBash","floor":3.0},{"not_picked":["PathToVictory","CutThroughFate"],"picked":"Protect","floor":4.0},{"not_picked":["SashWhip","Halt"],"picked":"EmptyBody","floor":8.0},{"not_picked":["CrushJoints","Evaluate","Crescendo"],"picked":"SKIP","floor":11.0},{"not_picked":["Evaluate","LikeWater"],"picked":"EmptyFist","floor":13.0},{"not_picked":["ThirdEye","Pray"],"picked":"Tantrum","floor":14.0},{"not_picked":["LessonLearned","DeusExMachina"],"picked":"Scrawl","floor":16.0},{"not_picked":["InnerPeace","Halt","BowlingBash"],"picked":"SKIP","floor":18.0},{"not_picked":["InnerPeace","EmptyBody"],"picked":"Crescendo","floor":21.0},{"not_picked":["BowlingBash","Nirvana"],"picked":"CutThroughFate","floor":24.0},{"not_picked":["BattleHymn+1","EmptyBody"],"picked":"Wireheading","floor":25.0},{"not_picked":["EmptyMind+1","CrushJoints"],"picked":"Omniscience","floor":27.0},{"not_picked":["Crescendo","PathToVictory","ClearTheMind"],"picked":"SKIP","floor":29.0},{"not_picked":["JustLucky+1","Study+1"],"picked":"BowlingBash+1","floor":35.0},{"not_picked":["Evaluate","InnerPeace","BattleHymn"],"picked":"SKIP","floor":37.0},{"not_picked":["Worship+1","FlyingSleeves","PathToVictory"],"picked":"SKIP","floor":38.0},{"not_picked":["PathToVictory","Nirvana"],"picked":"WindmillStrike+1","floor":40.0},{"not_picked":["Evaluate","Pray","Halt","FlyingSleeves"],"picked":"SKIP","floor":42.0},{"not_picked":["Blasphemy","CutThroughFate","Consecrate"],"picked":"WindmillStrike+1","floor":44.0},{"not_picked":["Consecrate","SandsOfTime","Indignation"],"picked":"ClearTheMind+1","floor":46.0},{"not_picked":["FlyingSleeves+1","FollowUp","Study+1"],"picked":"WheelKick+1","floor":47.0},{"not_picked":["Conclude","ThirdEye","Prostrate","Swivel+1"],"picked":"SKIP","floor":48.0},{"not_picked":["Consecrate","Collect+1","EmptyBody"],"picked":"WindmillStrike","floor":54}],"player_experience":342270,"relics_obtained":[{"floor":8.0,"key":"Lantern"},{"floor":9.0,"key":"Smiling Mask"},{"floor":25.0,"key":"Anchor"},{"floor":26.0,"key":"Gremlin Horn"},{"floor":27.0,"key":"Akabeko"},{"floor":30.0,"key":"Necronomicon"},{"floor":40.0,"key":"Question Card"},{"floor":42.0,"key":"Mercury Hourglass"},{"floor":44.0,"key":"Vajra"},{"floor":54,"key":"Pantograph"}],"event_choices":[{"damage_healed":0.0,"max_hp_gain":0.0,"max_hp_loss":0.0,"gold_gain":0.0,"event_name":"Golden Idol","player_choice":"Take Damage","floor":6.0,"gold_loss":0.0,"damage_taken":18.0,"relics_obtained":["Golden Idol"]},{"damage_healed":0.0,"max_hp_gain":0.0,"max_hp_loss":0.0,"gold_gain":0.0,"event_name":"Addict","player_choice":"Obtained Relic","floor":19.0,"gold_loss":85.0,"damage_taken":0.0,"relics_obtained":["Letter Opener"]},{"damage_healed":0.0,"max_hp_gain":0.0,"max_hp_loss":0.0,"gold_gain":0.0,"event_name":"Cursed Tome","player_choice":"Obtained Book","floor":30.0,"gold_loss":0.0,"damage_taken":16.0},{"damage_healed":0.0,"max_hp_gain":0.0,"max_hp_loss":0.0,"gold_gain":100.0,"event_name":"Golden Shrine","player_choice":"Pray","floor":36.0,"gold_loss":0.0,"damage_taken":0.0},{"damage_healed":0.0,"max_hp_gain":0.0,"max_hp_loss":0.0,"gold_gain":0.0,"event_name":"SensoryStone","player_choice":"Memory 1","floor":39.0,"gold_loss":0.0,"damage_taken":0.0}],"is_beta":false,"boss_relics":[{"not_picked":["Ectoplasm","Astrolabe"],"picked":"Philosopher\u0027s Stone"},{"not_picked":["Runic Dome","Fusion Hammer"],"picked":"Empty Cage"}],"items_purged_floors":[5,5,22,31,31,41],"is_endless":false,"potions_floor_spawned":[2,4,14,21,33,35,42,44,46,48],"killed_by":"The Heart","ascension_level":12}}