{"host":"kn32u0f2pym5bozc","time":1613503165,"event":{"mods":["2.2 Compatiblity","BaseMod","Better Third Choice","Decade(???)","Minty Spire (QoL Compilation)","Permanent Neow","Relic Stats","StSLib","The Animator"],"gold_per_floor":[110,110,126,137,56,56,82,100,100,25,25,39,56,72,72,72,72],"floor_reached":16,"language":"ENG","playtime":698,"items_purged":["animator:Strike"],"score":156,"play_id":"10a76579-3d10-4425-9d5d-b916b1f2c43a","local_time":"20210216141925","is_ascension_mode":true,"campfire_choices":[{"data":"animator:KrulTepes","floor":6,"key":"SMITH"},{"floor":11,"key":"REST"},{"data":"1","floor":15,"key":"LIFT"}],"circlet_count":0,"master_deck":["AscendersBane","animator:Strike_GATE","animator:Defend_GATE","animator:Strike","animator:Strike+1","animator:Defend","animator:Defend","animator:Defend","animator:TukaLunaMarceau","animator:Kuribayashi","animator:UneriGinkaku","animator:KrulTepes+1","animator:Mitsuba","animator:Yuuichirou","animator:Kaijin","animator:Shinoa","animator:Witch","animator:Shigure","animator:HiiragiShinya","animator:Shinoa"],"relics":["animator:LivingPicture","animator:TheMissingPiece","animator:PurgingStone","Blood Vial","Girya","Champion Belt"],"acts_visited":["Exordium"],"potions_floor_usage":[7,8],"damage_taken":[{"damage":1,"enemies":"2 Louse","floor":1,"turns":3},{"damage":0,"enemies":"Cultist","floor":3,"turns":3},{"damage":2,"enemies":"Jaw Worm","floor":4,"turns":3},{"damage":39,"enemies":"Lagavulin","floor":7,"turns":7},{"damage":7,"enemies":"2 Fungi Beasts","floor":8,"turns":4},{"damage":1,"enemies":"Exordium Thugs","floor":12,"turns":4},{"damage":0,"enemies":"Looter","floor":13,"turns":3},{"damage":5,"enemies":"2 Fungi Beasts","floor":14,"turns":3},{"damage":42,"enemies":"Slime Boss","floor":16,"turns":5}],"seed_played":"8036754832217979190","potions_obtained":[{"floor":4,"key":"ColorlessPotion"},{"floor":7,"key":"FearPotion"}],"is_trial":false,"path_per_floor":["M","?","M","M","$","R","E","M","T","$","R","M","M","M","R","B"],"character_chosen":"THE_ANIMATOR","items_purchased":["animator:Kaijin"],"campfire_rested":1,"item_purchase_floors":[5],"current_hp_per_floor":[58,58,58,56,56,56,17,12,12,12,31,32,34,31,31,0,0],"gold":72,"neow_bonus":"THREE_CARDS","is_daily":false,"chose_seed":false,"campfire_upgraded":1,"win_rate":0.0,"timestamp":1613503165,"path_taken":["M","?","M","M","$","R","E","?","T","$","R","M","M","M","R","BOSS"],"items_purchased_type":["Card"],"build_version":"2020-12-22","purchased_purges":1,"victory":false,"max_hp_per_floor":[66,66,66,66,66,66,66,66,66,66,66,66,66,66,66,66,66],"relic_stats":{"Blood Vial":10,"counters":[9,35],"Champion Belt":[8],"obtain_stats":[{"Blood Vial":7,"Girya":7,"animator:PurgingStone":0,"animator:TheMissingPiece":0,"animator:LivingPicture":0,"Champion Belt":9},{"Blood Vial":4,"Girya":4,"animator:PurgingStone":0,"animator:TheMissingPiece":0,"animator:LivingPicture":0,"Champion Belt":5},{"Blood Vial":16,"Girya":16,"animator:PurgingStone":0,"animator:TheMissingPiece":0,"animator:LivingPicture":0,"Champion Belt":20}]},"card_choices":[{"not_picked":["animator:Sonic","animator:DolaSchwi"],"picked":"animator:UneriGinkaku","floor":0},{"not_picked":["animator:ChaikaBohdan","animator:EmiyaShirou"],"picked":"animator:KrulTepes","floor":1},{"not_picked":["animator:MetalKnight","animator:Entoma"],"picked":"animator:Mitsuba","floor":3},{"not_picked":["animator:Hitei","animator:DwarfShaman"],"picked":"animator:Yuuichirou","floor":4},{"not_picked":["animator:Mitsuba","animator:Yoichi"],"picked":"animator:Shinoa","floor":7},{"not_picked":["animator:Shion","animator:Nanami"],"picked":"animator:Witch","floor":8},{"not_picked":["animator:Vanir","animator:YunYun"],"picked":"animator:Shigure","floor":12},{"not_picked":["animator:Geryuganshoop","animator:Demiurge"],"picked":"animator:HiiragiShinya","floor":13},{"not_picked":["animator:Mitsuba","animator:KrulTepes"],"picked":"animator:Shinoa","floor":14}],"player_experience":947450,"relics_obtained":[{"floor":7,"key":"Blood Vial"},{"floor":7,"key":"Girya"},{"floor":9,"key":"Champion Belt"}],"event_choices":[{"damage_healed":0,"gold_gain":0,"player_choice":"Ignored","damage_taken":0,"max_hp_gain":0,"max_hp_loss":0,"event_name":"NoteForYourself","floor":2,"gold_loss":0}],"is_beta":false,"boss_relics":[],"items_purged_floors":[10],"is_endless":false,"potions_floor_spawned":[4,7],"killed_by":"Slime Boss","ascension_level":10}}