{"host":"tei8vcrs73vlab7s","time":1613442620,"event":{"mods":["BaseMod","Downfall","Minty Spire (QoL Compilation)","Replay The Spire","StSLib"],"gold_per_floor":[110,30,44,44,59,89,39,39,118,118,546,565,579,579,579,678,678,693,711,711,721,9651,9651,9681,9694,9741,9741,9751,9783,9797,8951,8951,9049,9049,9059,9076,8000,8000,6986,6986,6998,7031,7031,7031,6244,6244,6244,6263,6263,6263],"floor_reached":51,"language":"ZHS","playtime":4091,"items_purged":["Defend_B","Dualcast","Defend_B","Defend_B","Strike_B","Strike_B","Strike_B"],"score":790,"play_id":"0c5b342c-08e6-4a49-9081-be14aa807196","local_time":"20210216103020","is_ascension_mode":false,"campfire_choices":[{"data":"ReplayGash","floor":8,"key":"SMITH"},{"data":"ReplayGash","floor":10,"key":"SMITH"},{"data":"Chrysalis","floor":15,"key":"SMITH"},{"floor":23,"key":"REST"},{"data":"Thinking Ahead","floor":27,"key":"SMITH"},{"data":"ReplayGash","floor":32,"key":"SMITH"},{"data":"Chrysalis","floor":44,"key":"SMITH"},{"data":"ReplayGash","floor":47,"key":"SMITH"},{"data":"Aggregate","floor":49,"key":"SMITH"}],"circlet_count":0,"master_deck":["Strike_B","Zap+1","ReplayGash+1","Apotheosis+1","ReplayGash+1","Beam Cell","Stack+1","Chrysalis+1","Hello World+1","ReplayGash+1","Machine Learning+1","Self Repair+1","Thinking Ahead+1","Melter","Genetic Algorithm","Aggregate","Magnetism+1","ReplayGash+1","Machine Learning+1","CurseOfTheBell","ReplaySort","Self Repair+1","Storm+1","Heatsinks+1","Gash+1","Sadistic Nature+1","Crystallizer+1","Aggregate+1","Chrysalis+1","Storm+1","Mayhem+1","White Noise+1"],"relics":["Cracked Core","NeowsBlessing","ReplayTheSpireMod:Shallot","Nunchaku","DollysMirror","Potion Belt","Replay:Ringing Soul","Frozen Egg 2","Sling","Eternal Feather","Runic Dome","PreservedInsect","Thread and Needle","ClockworkSouvenir","Replay:Antivirus Software","ReplayTheSpireMod:TigerMarble","Prayer Wheel","Shuriken","War Paint","Anchor","HandDrill","Calling Bell","Juzu Bracelet","Ornamental Fan","TungstenRod","Prayer Wheel","Replay:Frozen Program","Garlic","Vajra","Toolbox","Quantum Egg","Blue Doll","Lizard Tail","Blood Vial","Replay:Mystery Machine","Peace Pipe","Membership Card"],"acts_visited":["Exordium","TheCity","TheBeyond"],"potions_floor_usage":[24,24,33,50],"damage_taken":[{"damage":0,"enemies":"Small Slimes","floor":1,"turns":1},{"damage":0,"enemies":"Cultist","floor":3,"turns":1},{"damage":0,"enemies":"Jaw Worm","floor":5,"turns":1},{"damage":16,"enemies":"Gremlin Nob","floor":6,"turns":4},{"damage":9,"enemies":"2 Fungi Beasts","floor":12,"turns":4},{"damage":0,"enemies":"3 Louse","floor":13,"turns":3},{"damage":34,"enemies":"Hexaghost","floor":16,"turns":7},{"damage":14,"enemies":"Spheric Guardian","floor":18,"turns":4},{"damage":13,"enemies":"3 Byrds","floor":19,"turns":5},{"damage":40,"enemies":"Cultist and Chosen","floor":21,"turns":6},{"damage":21,"enemies":"Slavers","floor":24,"turns":3},{"damage":18,"enemies":"3 Cultists","floor":25,"turns":5},{"damage":8,"enemies":"Snake Plant","floor":28,"turns":5},{"damage":14,"enemies":"Book of Stabbing","floor":29,"turns":3},{"damage":1,"enemies":"Centurion and Healer","floor":30,"turns":5},{"damage":3,"enemies":"Pondfish","floor":33,"turns":7},{"damage":0,"enemies":"Orb Walker","floor":35,"turns":4},{"damage":7,"enemies":"3 Darklings","floor":36,"turns":5},{"damage":0,"enemies":"Writhing Mass","floor":41,"turns":4},{"damage":15,"enemies":"Nemesis","floor":42,"turns":3},{"damage":8,"enemies":"4 Shapes","floor":48,"turns":4},{"damage":0,"enemies":"Replay:Hell Engine","floor":50,"turns":5}],"seed_played":"-4828808805217190494","potions_obtained":[{"floor":1,"key":"Venom Potion"},{"floor":5,"key":"Regen Potion"},{"floor":19,"key":"EssenceOfDarkness"},{"floor":25,"key":"Swift Potion"},{"floor":28,"key":"AttackPotion"},{"floor":30,"key":"ColorlessPotion"}],"is_trial":false,"path_per_floor":["M","$","M","?","M","E","?","R","T","R","$","M","M","?","R","B",null,"M","M","?","M","$","R","E","M","T","R","M","E","M","$","R","B",null,"M","M","$","?","$","?","M","E","T","R","$","?","R","M","R","B",null],"character_chosen":"DEFECT","items_purchased":["Apotheosis","ReplayTheSpireMod:Shallot","Nunchaku","DollysMirror","Strength Potion","Venom Potion","Chrysalis","Frozen Egg 2","Sling","Eternal Feather","Milkshake","Fire Potion","Hello World+1","Thinking Ahead","PreservedInsect","Thread and Needle","Fire Potion","ClockworkSouvenir","Melter","Magnetism+1","ReplayGash","War Paint","Anchor","HandDrill","Sadistic Nature+1","Crystallizer+1","Aggregate","Replay:Frozen Program","Garlic","Vajra","AttackPotion","Toolbox","Quantum Egg","Blue Doll","Finesse","Chrysalis","Mayhem+1","Replay:Mystery Machine","Peace Pipe","Membership Card"],"campfire_rested":1,"item_purchase_floors":[2,2,2,2,2,2,11,11,11,11,11,11,11,22,22,22,22,22,22,31,31,31,31,31,37,37,37,37,37,37,37,39,39,39,39,39,45,45,45,45],"current_hp_per_floor":[75,75,75,75,75,59,59,59,59,59,62,56,56,56,65,34,84,70,57,60,30,33,69,70,62,62,71,73,72,81,84,96,96,105,108,111,114,114,117,117,120,120,120,120,123,123,123,126,126,126],"gold":6263,"neow_bonus":"THREE_ENEMY_KILL","is_daily":false,"chose_seed":false,"campfire_upgraded":8,"win_rate":0.0,"timestamp":1613442620,"path_taken":["M","$","M","?","?","E","?","R","T","R","?","M","M","?","R","BOSS","M","M","?","M","$","R","E","M","T","R","M","E","M","$","R","BOSS","M","M","$","?","?","?","M","E","T","R","$","?","R","M","R","BOSS"],"items_purchased_type":["Card","Relic","Relic","Relic","Potion","Potion","Card","Relic","Relic","Relic","Potion","Potion","Card","Card","Relic","Relic","Potion","Relic","Card","Card","Card","Relic","Relic","Relic","Card","Card","Card","Relic","Relic","Relic","Potion","Relic","Relic","Relic","Card","Card","Card","Relic","Relic","Relic"],"build_version":"2020-12-22","purchased_purges":7,"victory":true,"max_hp_per_floor":[75,75,75,75,75,75,75,75,75,75,78,81,81,81,81,84,84,84,84,87,87,90,90,93,93,93,93,93,96,96,99,99,102,105,108,111,114,114,117,117,120,120,120,120,123,123,123,126,126,126],"card_choices":[{"not_picked":["Static Discharge","Ball Lightning"],"picked":"ReplayGash","floor":1},{"not_picked":["Leap","BasicCrystalCard"],"picked":"Beam Cell","floor":3},{"not_picked":["Time Bomb","Tempest","Leap"],"picked":"SKIP","floor":5},{"not_picked":["Cold Snap","Compile Driver"],"picked":"Stack","floor":6},{"not_picked":["ReplaySort","Redo"],"picked":"ReplayGash","floor":12},{"not_picked":["Coolheaded","Beam Cell","Rip and Tear"],"picked":"SKIP","floor":13},{"not_picked":["Buffer+1","Mirror Shield"],"picked":"Machine Learning+1","floor":16},{"not_picked":["Stack","Go for the Eyes","Conserve Battery"],"picked":"SKIP","floor":18},{"not_picked":["Reinforced Body","Panic Button","Time Bomb+1"],"picked":"SKIP","floor":19},{"not_picked":["ReplayTheSpireMod:Calculation Training+1","Coolheaded","ReplaySort+1"],"picked":"SKIP","floor":21},{"not_picked":["Cold Snap+1","Sweeping Beam"],"picked":"Genetic Algorithm","floor":24},{"not_picked":["Barrage","Reinforced Body","Redo+1"],"picked":"SKIP","floor":25},{"not_picked":["Sweeping Beam","Steam","Barrage+1"],"picked":"SKIP","floor":28},{"not_picked":["Crystallizer+1","ReplaySolidLightProjector","Stack"],"picked":"SKIP","floor":28},{"not_picked":["Stack","Ball Lightning"],"picked":"Aggregate","floor":29},{"not_picked":["Go for the Eyes+1","Coolheaded","Stack"],"picked":"SKIP","floor":30},{"not_picked":["ReplaySolidLightProjector","Barrage","Self Repair+1"],"picked":"SKIP","floor":30},{"not_picked":["Reboot","ReplayTheSpireMod:Fabricate Wheel"],"picked":"Machine Learning+1","floor":33},{"not_picked":["Compile Driver","Conserve Battery+1"],"picked":"ReplaySort","floor":35},{"not_picked":["Time Bomb","Compile Driver"],"picked":"Self Repair+1","floor":35},{"not_picked":["Panic Button","Compile Driver","Gash+1"],"picked":"SKIP","floor":35},{"not_picked":["Machine Learning+1","Gash+1"],"picked":"Storm+1","floor":36},{"not_picked":["Ball Lightning","Consume"],"picked":"Heatsinks+1","floor":36},{"not_picked":["Lockon+1","Go for the Eyes+1"],"picked":"Gash+1","floor":36},{"not_picked":["Steam","Auto Shields+1"],"picked":"Storm+1","floor":41},{"not_picked":["Barrage","Scrape","Go for the Eyes"],"picked":"SKIP","floor":41},{"not_picked":["Ball Lightning","Coolheaded+1","Doom and Gloom+1"],"picked":"SKIP","floor":41},{"not_picked":["Steam+1","Cold Snap+1","Multi-Cast"],"picked":"SKIP","floor":42},{"not_picked":["Loop+1","Fusion+1"],"picked":"White Noise+1","floor":48},{"not_picked":["FIFO Queue+1","Glacier","Sweeping Beam"],"picked":"SKIP","floor":48},{"not_picked":["Sweeping Beam","Streamline+1","Panic Button+1"],"picked":"SKIP","floor":48}],"player_experience":5895,"relics_obtained":[{"floor":6,"key":"Potion Belt"},{"floor":9,"key":"Replay:Ringing Soul"},{"floor":24,"key":"Replay:Antivirus Software"},{"floor":26,"key":"ReplayTheSpireMod:TigerMarble"},{"floor":29,"key":"Shuriken"},{"floor":34,"key":"Juzu Bracelet"},{"floor":34,"key":"Ornamental Fan"},{"floor":34,"key":"TungstenRod"},{"floor":42,"key":"Lizard Tail"},{"floor":43,"key":"Blood Vial"}],"event_choices":[{"damage_healed":0,"gold_gain":0,"player_choice":"Upgraded","damage_taken":0,"max_hp_gain":0,"max_hp_loss":0,"event_name":"Upgrade Shrine","floor":4,"gold_loss":0,"cards_upgraded":["Apotheosis"]},{"cards_removed":["Defend_B"],"damage_healed":0,"gold_gain":0,"player_choice":"Card Removal","damage_taken":0,"max_hp_gain":0,"max_hp_loss":0,"event_name":"The Cleric","floor":7,"gold_loss":50},{"damage_healed":0,"gold_gain":0,"player_choice":"Ignored","damage_taken":0,"max_hp_gain":0,"max_hp_loss":0,"event_name":"Liars Game","floor":14,"gold_loss":0},{"damage_healed":0,"gold_gain":0,"player_choice":"Read","damage_taken":0,"max_hp_gain":0,"max_hp_loss":0,"event_name":"The Library","floor":20,"gold_loss":0,"cards_obtained":["Self Repair"]},{"damage_healed":0,"gold_gain":0,"player_choice":"Ignored","damage_taken":0,"max_hp_gain":0,"max_hp_loss":0,"event_name":"NoteForYourself","floor":38,"gold_loss":0},{"cards_removed":["Finesse"],"damage_healed":0,"gold_gain":0,"player_choice":"Removed Skill","damage_taken":0,"max_hp_gain":0,"max_hp_loss":0,"event_name":"Falling","floor":46,"gold_loss":0}],"is_beta":false,"boss_relics":[{"not_picked":["Coffee Dripper","Replay:Bronze Core"],"picked":"Runic Dome"},{"not_picked":["Replay:Drink Me","Honey Jar"],"picked":"Calling Bell"}],"items_purged_floors":[2,11,22,31,37,39,45],"is_endless":false,"potions_floor_spawned":[1,5,19,25,28,30,41],"ascension_level":0}}