{"host":"5pfivkovc4wibog0","time":1613502508,"event":{"mods":["2.2 Compatiblity","Act Like it!","BaseMod","Better Third Choice","Block Reminder","Colored Powertips","Downfall","Friendly Minions","GifTheSpireLib","Hermit","Koishi","Marisa????????","Minty Spire (QoL Compilation)","Permanent Neow","Quick Restart","Rare Cards Sparkle","Reimu??????","StSLib","The Administrix","The Animator","The Bladedancer","The Cursed","TheSwordswoman"],"gold_per_floor":[15,30,46,46,58,58,69,87,87,87,87,12,12,45,45,141,141,151,51,68,20,20,20,46,64,90,90,90,90,110,110,110],"floor_reached":31,"language":"ENG","playtime":724,"items_purged":["Strike_R","Strike_R"],"score":306,"play_id":"b699f2a3-1890-4ba5-b7e8-0de593414198","local_time":"20210216190828","is_ascension_mode":true,"campfire_choices":[{"data":"Whirlwind","floor":6,"key":"SMITH"},{"data":"Flex","floor":10,"key":"SMITH"},{"floor":15,"key":"REST"},{"floor":27,"key":"REST"},{"data":"Heavy Blade","floor":29,"key":"SMITH"}],"circlet_count":0,"master_deck":["Strike_R","Strike_R","Strike_R","Defend_R","Defend_R","Defend_R","Defend_R","Bash","Whirlwind+1","Flex+1","Demon Form+1","Warcry","Spot Weakness","Heavy Blade+1"],"relics":["Burning Blood","Gremlin Horn","Pantograph","Bag of Marbles","Frozen Egg 2","Philosopher\u0027s Stone","Question Card","Tea:ReiMu"],"acts_visited":["Exordium","TheCity"],"potions_floor_usage":[],"damage_taken":[{"damage":3,"enemies":"2 Louse","floor":1,"turns":4},{"damage":6,"enemies":"Cultist","floor":2,"turns":4},{"damage":8,"enemies":"Jaw Worm","floor":3,"turns":4},{"damage":16,"enemies":"2 Fungi Beasts","floor":5,"turns":3},{"damage":19,"enemies":"Blue Slaver","floor":7,"turns":4},{"damage":24,"enemies":"Red Slaver","floor":8,"turns":5},{"damage":26,"enemies":"Lagavulin","floor":14,"turns":5},{"damage":54,"enemies":"The Guardian","floor":16,"turns":8},{"damage":0,"enemies":"2 Thieves","floor":18,"turns":1},{"damage":0,"enemies":"3 Byrds","floor":20,"turns":3},{"damage":34,"enemies":"Gremlin Leader","floor":24,"turns":5},{"damage":30,"enemies":"Centurion and Healer","floor":25,"turns":3},{"damage":21,"enemies":"Chosen and Byrds","floor":30,"turns":4},{"damage":42,"enemies":"Snake Plant","floor":31,"turns":3}],"seed_played":"-4308434098205136779","potions_obtained":[{"floor":2,"key":"ElixirPotion"},{"floor":7,"key":"ElixirPotion"},{"floor":16,"key":"SpeedPotion"}],"is_trial":false,"path_per_floor":["M","M","M","$","M","R","M","M","T","R","?","$","T","E","R","B",null,"M","$","M","$","?","?","E","M","T","R","T","R","M","M"],"character_chosen":"IRONCLAD","items_purchased":["Energy Potion"],"campfire_rested":2,"item_purchase_floors":[21],"current_hp_per_floor":[96,96,94,94,84,84,71,53,53,53,53,53,53,33,61,38,96,96,96,96,96,77,77,49,25,25,55,55,55,40,0,0],"gold":110,"neow_bonus":"TWENTY_PERCENT_HP_BONUS","is_daily":false,"chose_seed":false,"campfire_upgraded":3,"win_rate":0.0,"timestamp":1613502508,"path_taken":["M","M","M","$","M","R","M","M","T","R","?","$","?","E","R","BOSS","M","$","M","$","?","?","E","M","T","R","?","R","M","M"],"items_purchased_type":["Potion"],"build_version":"2020-12-22","purchased_purges":2,"victory":false,"max_hp_per_floor":[96,96,96,96,96,96,96,96,96,96,96,96,96,96,96,96,96,96,96,96,96,101,101,101,101,101,101,101,101,101,101,101],"card_choices":[{"not_picked":["Wild Strike","Headbutt"],"picked":"Whirlwind","floor":1},{"not_picked":["True Grit","Armaments"],"picked":"Flex","floor":2},{"not_picked":["Heavy Blade","Evolve","Perfected Strike"],"picked":"SKIP","floor":3},{"not_picked":["Dual Wield","Whirlwind","Havoc"],"picked":"SKIP","floor":5},{"not_picked":["Anger","Heavy Blade","Wild Strike"],"picked":"SKIP","floor":7},{"not_picked":["Second Wind","Dropkick","Combust"],"picked":"SKIP","floor":8},{"not_picked":["Impervious","Thunderclap"],"picked":"Demon Form+1","floor":14},{"not_picked":["Armaments","Headbutt"],"picked":"Warcry","floor":18},{"not_picked":["Shrug It Off","Reckless Charge","Headbutt"],"picked":"SKIP","floor":20},{"not_picked":["Carnage+1","Warcry"],"picked":"Spot Weakness","floor":24},{"not_picked":["Disarm","Headbutt","Body Slam"],"picked":"Heavy Blade","floor":25},{"not_picked":["Second Wind+1","Reckless Charge","Warcry","Armaments"],"picked":"SKIP","floor":30}],"player_experience":81501,"relics_obtained":[{"floor":9,"key":"Gremlin Horn"},{"floor":11,"key":"Pantograph"},{"floor":13,"key":"Bag of Marbles"},{"floor":14,"key":"Frozen Egg 2"},{"floor":24,"key":"Question Card"},{"floor":28,"key":"Tea:ReiMu"}],"event_choices":[{"damage_healed":0,"gold_gain":0,"player_choice":"Relic","damage_taken":0,"max_hp_gain":0,"max_hp_loss":0,"event_name":"Wheel of Change","floor":11,"gold_loss":0},{"damage_healed":0,"gold_gain":0,"player_choice":"Shed Blood","damage_taken":24,"max_hp_gain":5,"max_hp_loss":0,"event_name":"Forgotten Altar","floor":22,"gold_loss":0}],"is_beta":false,"boss_relics":[{"not_picked":["Coffee Dripper","Runic Dome"],"picked":"Philosopher\u0027s Stone"}],"items_purged_floors":[12,19],"is_endless":false,"potions_floor_spawned":[2,7,16,25],"killed_by":"Snake Plant","ascension_level":2}}