{"host":"phy652c7lim9lcu2","time":1613470771,"event":{"mods":["BaseMod","Colored Powertips","Googly Eyes","Minty Spire (QoL Compilation)","Relic Stats","Spicy Shops","StSLib","everything is the same but u backflip on backflip"],"gold_per_floor":[117,127,145,145,95,95,110,121,168,181,211,211,62,80,80,177,177,187,43,43,60,77,77,93,132,132,19,55,69,0,38,38,142,142,156,215,215,238,263,306,306,306,329,329,361,385,426,454,454,454,454,454,63,97,97],"floor_reached":56,"language":"ENG","playtime":2610,"items_purged":["Strike_G","Strike_G"],"score":1889,"play_id":"50f636e8-93db-4139-946b-076fc97ddf18","local_time":"20210216201931","is_ascension_mode":true,"campfire_choices":[{"data":"Neutralize","floor":6,"key":"SMITH"},{"data":"Accuracy","floor":15,"key":"SMITH"},{"data":"Tools of the Trade","floor":23,"key":"SMITH"},{"data":"After Image","floor":32,"key":"SMITH"},{"data":"Night Terror","floor":41,"key":"SMITH"},{"floor":44,"key":"RECALL"},{"data":"Blade Dance","floor":49,"key":"SMITH"},{"data":"Blade Dance","floor":52,"key":"SMITH"}],"circlet_count":0,"master_deck":["Strike_G","Strike_G","Strike_G","Defend_G","Defend_G","Defend_G","Defend_G","Survivor","Neutralize+1","After Image+1","Blade Dance+1","Infinite Blades","PiercingWail","Dagger Spray","Dodge and Roll","Cloak And Dagger+1","Blade Dance","Blur","Accuracy+1","Tools of the Trade+1","Finisher+1","Dagger Throw+1","Blade Dance+1","Leg Sweep","Dagger Spray+1","Footwork","Phantasmal Killer+1","Blade Dance+1","Night Terror+1","Footwork+1","Blade Dance","Cloak And Dagger+1","Finisher+1","Accuracy+1","Blade Dance+1"],"relics":["Ring of the Snake","HornCleat","Omamori","Oddly Smooth Stone","WristBlade","ClockworkSouvenir","CeramicFish","Anchor","Bird Faced Urn","Snake Skull","Runic Dome","Dead Branch","Pocketwatch","StoneCalendar","Ancient Tea Set","Gambling Chip","Blood Vial"],"acts_visited":["Exordium","TheCity","TheBeyond","TheEnding"],"potions_floor_usage":[11,25,25,55,55,55],"damage_taken":[{"damage":1,"enemies":"Small Slimes","floor":1,"turns":7},{"damage":6,"enemies":"Jaw Worm","floor":2,"turns":4},{"damage":6,"enemies":"2 Louse","floor":3,"turns":4},{"damage":0,"enemies":"Looter","floor":7,"turns":3},{"damage":0,"enemies":"Large Slime","floor":8,"turns":6},{"damage":5,"enemies":"Exordium Thugs","floor":10,"turns":6},{"damage":2,"enemies":"3 Sentries","floor":11,"turns":7},{"damage":0,"enemies":"2 Fungi Beasts","floor":14,"turns":3},{"damage":0,"enemies":"Slime Boss","floor":16,"turns":7},{"damage":0,"enemies":"Chosen","floor":18,"turns":4},{"damage":0,"enemies":"3 Byrds","floor":21,"turns":4},{"damage":3,"enemies":"Snake Plant","floor":22,"turns":4},{"damage":2,"enemies":"Snecko","floor":24,"turns":4},{"damage":12,"enemies":"Slavers","floor":25,"turns":4},{"damage":8,"enemies":"Gremlin Leader","floor":28,"turns":5},{"damage":0,"enemies":"Sentry and Sphere","floor":29,"turns":3},{"damage":6,"enemies":"Book of Stabbing","floor":31,"turns":4},{"damage":2,"enemies":"Champ","floor":33,"turns":10},{"damage":0,"enemies":"Orb Walker","floor":35,"turns":2},{"damage":0,"enemies":"Mind Bloom Boss Battle","floor":36,"turns":3},{"damage":4,"enemies":"3 Shapes","floor":38,"turns":4},{"damage":9,"enemies":"3 Darklings","floor":39,"turns":3},{"damage":27,"enemies":"Giant Head","floor":40,"turns":7},{"damage":0,"enemies":"Reptomancer","floor":45,"turns":4},{"damage":0,"enemies":"Writhing Mass","floor":46,"turns":5},{"damage":0,"enemies":"Giant Head","floor":47,"turns":2},{"damage":0,"enemies":"Sphere and 2 Shapes","floor":48,"turns":3},{"damage":20,"enemies":"Time Eater","floor":50,"turns":10},{"damage":17,"enemies":"Shield and Spear","floor":54,"turns":4},{"damage":40,"enemies":"The Heart","floor":55,"turns":6}],"seed_played":"8164331216170835890","potions_obtained":[{"floor":7,"key":"SneckoOil"},{"floor":8,"key":"SteroidPotion"},{"floor":10,"key":"ColorlessPotion"},{"floor":11,"key":"SmokeBomb"},{"floor":28,"key":"LiquidBronze"},{"floor":29,"key":"Energy Potion"},{"floor":31,"key":"FearPotion"}],"is_trial":false,"path_per_floor":["M","M","M","?","?","R","M","M","T","M","E","?","$","M","R","B",null,"M","$","?","M","M","R","M","E","T","$","E","M","?","E","R","B",null,"M","?","?","M","M","E","R","?","T","R","E","M","E","M","R","B",null,"R","$","E","B",null],"character_chosen":"THE_SILENT","items_purchased":["Blur","ClockworkSouvenir","Leg Sweep","PowerPotion","Gambling Chip"],"campfire_rested":0,"item_purchase_floors":[13,19,27,27,53],"current_hp_per_floor":[62,56,50,43,43,43,43,43,43,38,36,36,36,36,36,36,62,62,62,62,62,59,59,57,45,45,45,37,41,41,43,43,51,65,69,70,70,66,61,43,43,43,43,43,53,65,70,70,70,59,67,67,67,55,35],"gold":97,"neow_bonus":"ONE_RANDOM_RARE_CARD","is_daily":false,"chose_seed":false,"campfire_upgraded":7,"win_rate":0.0,"timestamp":1613470771,"path_taken":["M","M","M","?","?","R","M","M","T","M","E","?","$","M","R","BOSS","M","$","?","M","M","R","M","E","T","$","E","M","?","E","R","BOSS","M","?","?","M","?","E","R","?","T","R","E","?","E","M","R","BOSS","R","$","E","BOSS"],"items_purchased_type":["Card","Relic","Card","Potion","Relic"],"build_version":"2020-12-22","purchased_purges":2,"victory":true,"max_hp_per_floor":[70,70,70,70,70,70,70,70,70,70,70,70,70,70,70,70,70,70,70,70,70,70,70,70,70,70,70,70,70,70,70,70,70,70,70,70,70,70,70,70,70,70,70,70,70,70,70,70,70,70,70,70,70,70,70],"relic_stats":{"Blood Vial":2,"counters":[30,142],"CeramicFish":117,"Bird Faced Urn":[99],"Dead Branch":[184],"Gambling Chip":[5],"StoneCalendar":[52],"Snake Skull":[5],"obtain_stats":[{"CeramicFish":25,"Dead Branch":36,"Oddly Smooth Stone":11,"StoneCalendar":45,"Snake Skull":31,"Omamori":9,"Ancient Tea Set":47,"ClockworkSouvenir":19,"Blood Vial":54,"Runic Dome":34,"Anchor":26,"HornCleat":4,"WristBlade":17,"Bird Faced Urn":28,"Gambling Chip":53,"Ring of the Snake":0,"Pocketwatch":40},{"CeramicFish":14,"Dead Branch":20,"Oddly Smooth Stone":7,"StoneCalendar":24,"Snake Skull":17,"Omamori":5,"Ancient Tea Set":26,"ClockworkSouvenir":10,"Blood Vial":29,"Runic Dome":18,"Anchor":14,"HornCleat":3,"WristBlade":9,"Bird Faced Urn":15,"Gambling Chip":28,"Ring of the Snake":0,"Pocketwatch":23},{"CeramicFish":67,"Dead Branch":94,"Oddly Smooth Stone":37,"StoneCalendar":112,"Snake Skull":79,"Omamori":24,"Ancient Tea Set":119,"ClockworkSouvenir":51,"Blood Vial":136,"Runic Dome":89,"Anchor":67,"HornCleat":15,"WristBlade":47,"Bird Faced Urn":72,"Gambling Chip":132,"Ring of the Snake":0,"Pocketwatch":108}],"Ring of the Snake":[60],"Pocketwatch":[3]},"card_choices":[{"not_picked":["Sucker Punch","Deflect"],"picked":"Blade Dance","floor":1},{"not_picked":["Blade Dance","Heel Hook"],"picked":"Infinite Blades","floor":2},{"not_picked":["Well Laid Plans","Heel Hook"],"picked":"PiercingWail","floor":3},{"not_picked":["Blur","Calculated Gamble"],"picked":"Dagger Spray","floor":7},{"not_picked":["PiercingWail","Outmaneuver"],"picked":"Dodge and Roll","floor":8},{"not_picked":["Eviscerate","Dagger Spray"],"picked":"Cloak And Dagger","floor":10},{"not_picked":["Dagger Throw","PiercingWail"],"picked":"Blade Dance","floor":11},{"not_picked":["Expertise","Blade Dance"],"picked":"Accuracy","floor":14},{"not_picked":["Grand Finale","Unload"],"picked":"Tools of the Trade","floor":16},{"not_picked":["Flying Knee","Dagger Throw"],"picked":"Finisher+1","floor":18},{"not_picked":["Bouncing Flask","Distraction+1"],"picked":"Dagger Throw+1","floor":21},{"not_picked":["Acrobatics","Distraction","Endless Agony"],"picked":"SKIP","floor":22},{"not_picked":["Footwork","Acrobatics","Distraction"],"picked":"SKIP","floor":24},{"not_picked":["Acrobatics","Eviscerate"],"picked":"Blade Dance+1","floor":25},{"not_picked":["Finisher","Sucker Punch"],"picked":"Dagger Spray+1","floor":28},{"not_picked":["Bane","Poisoned Stab","Slice+1"],"picked":"SKIP","floor":29},{"not_picked":["Concentrate+1","Calculated Gamble+1"],"picked":"Footwork","floor":31},{"not_picked":["Envenom","Adrenaline"],"picked":"Phantasmal Killer","floor":33},{"not_picked":["Dodge and Roll+1","Dagger Spray+1","Underhanded Strike"],"picked":"SKIP","floor":35},{"not_picked":["Prepared","Underhanded Strike+1"],"picked":"Blade Dance","floor":36},{"not_picked":["Sucker Punch","Backflip"],"picked":"Night Terror","floor":38},{"not_picked":["Underhanded Strike","Dagger Throw"],"picked":"Footwork+1","floor":39},{"not_picked":["Dagger Spray","Deflect+1"],"picked":"Blade Dance","floor":40},{"not_picked":["All Out Attack","Venomology","Dagger Throw"],"picked":"SKIP","floor":45},{"not_picked":["Backstab","Noxious Fumes+1"],"picked":"Cloak And Dagger+1","floor":46},{"not_picked":["Sucker Punch+1","Quick Slash+1"],"picked":"Finisher+1","floor":47},{"not_picked":["Dodge and Roll+1","Slice"],"picked":"Accuracy+1","floor":48},{"not_picked":["Quick Slash","Leg Sweep+1"],"picked":"Blade Dance+1","floor":54}],"player_experience":339660,"relics_obtained":[{"floor":9,"key":"Omamori"},{"floor":11,"key":"Oddly Smooth Stone"},{"floor":25,"key":"CeramicFish"},{"floor":26,"key":"Anchor"},{"floor":28,"key":"Bird Faced Urn"},{"floor":31,"key":"Snake Skull"},{"floor":36,"key":"Dead Branch"},{"floor":40,"key":"Pocketwatch"},{"floor":45,"key":"StoneCalendar"},{"floor":47,"key":"Ancient Tea Set"},{"floor":54,"key":"Blood Vial"}],"event_choices":[{"damage_healed":0,"gold_gain":0,"player_choice":"Success","damage_taken":7,"relics_obtained":["HornCleat"],"max_hp_gain":0,"max_hp_loss":0,"event_name":"Scrap Ooze","floor":4,"gold_loss":0},{"cards_removed":["Defend_G"],"damage_healed":0,"gold_gain":0,"player_choice":"Card Removal","damage_taken":0,"max_hp_gain":0,"max_hp_loss":0,"event_name":"The Cleric","floor":5,"gold_loss":50},{"damage_healed":0,"gold_gain":0,"player_choice":"Grow","damage_taken":0,"max_hp_gain":0,"max_hp_loss":0,"event_name":"Living Wall","floor":12,"gold_loss":0,"cards_upgraded":["Cloak And Dagger"]},{"damage_healed":0,"gold_gain":0,"player_choice":"Ignored","damage_taken":0,"max_hp_gain":0,"max_hp_loss":0,"event_name":"Ghosts","floor":20,"gold_loss":0},{"damage_healed":0,"gold_gain":0,"player_choice":"Paid Fearfully","damage_taken":0,"max_hp_gain":0,"max_hp_loss":0,"event_name":"Masked Bandits","floor":30,"gold_loss":69},{"damage_healed":0,"gold_gain":0,"player_choice":"Fight","damage_taken":0,"max_hp_gain":0,"max_hp_loss":0,"event_name":"MindBloom","floor":36,"gold_loss":0},{"damage_healed":0,"gold_gain":0,"player_choice":"Ignored","damage_taken":0,"max_hp_gain":0,"max_hp_loss":0,"event_name":"SecretPortal","floor":37,"gold_loss":0},{"damage_healed":0,"gold_gain":0,"player_choice":"Forge","damage_taken":0,"max_hp_gain":0,"max_hp_loss":0,"event_name":"Accursed Blacksmith","floor":42,"gold_loss":0,"cards_upgraded":["Phantasmal Killer"]}],"is_beta":false,"boss_relics":[{"not_picked":["Calling Bell","Tiny House"],"picked":"WristBlade"},{"not_picked":["HoveringKite","Fusion Hammer"],"picked":"Runic Dome"}],"items_purged_floors":[13,53],"is_endless":false,"potions_floor_spawned":[7,8,10,11,16,28,29,31,35,38,45,46,47,48],"ascension_level":8}}