{"host":"snn1c4qsf0fj7fzf","time":1613453197,"event":{"mods":["AchievementEnabler","Act Like it!","Aspiration","Astrologer","BaseMod","Colored Powertips","Downfall","Gensokyo","Hermit","Infinite Spire","Lobotomy","Minty Spire (QoL Compilation)","Random Character Button","Rare Cards Sparkle","Reimu??????","Reliquary","Replay The Spire","Shop Mod","Spire Arcade","StSLib","The Administrix","The Cursed","The Gatherer","The Hierophant","The Poker Player","The Runesmith"],"gold_per_floor":[111,125,125,139,149,175,175,209,282,282,310,310,235,262,262,357,357,375,389,401,301,313,326,341,376,402,437,437,451,484,504,504,604,604,623,643,658,658,675,675,701,701,701,701,576,576,576,593,593,593,593,593,593,593,628,628],"floor_reached":57,"language":"ENG","playtime":2161,"items_purged":["TheCursedMod:ManaCirculation","TheCursedMod:CursedWand","TheCursedMod:Wield+1"],"score":1509,"play_id":"5af9bbb8-9d2d-4911-b842-33185488adcc","local_time":"20210216132637","is_ascension_mode":true,"campfire_choices":[{"data":"TheCursedMod:ManaBullet","floor":7.0,"key":"SMITH"},{"data":"TheCursedMod:CircleOfWindfury","floor":10.0,"key":"SMITH"},{"data":"TheCursedMod:CleanUpWorkshop","floor":12.0,"key":"SMITH"},{"data":"TheCursedMod:CircleOfFlame","floor":15.0,"key":"SMITH"},{"data":"TheCursedMod:CircleOfCorruption","floor":28.0,"key":"SMITH"},{"data":"TheCursedMod:Wield","floor":32.0,"key":"SMITH"},{"data":"TheCursedMod:CursedShiv","floor":40.0,"key":"SMITH"},{"data":"TheCursedMod:SurpriseAttack","floor":42.0,"key":"SMITH"},{"data":"TheCursedMod:SurpriseAttack","floor":44.0,"key":"SMITH"},{"floor":46.0,"key":"RECALL"},{"floor":53,"key":"REST"}],"circlet_count":0,"master_deck":["TheCursedMod:CleanUpWorkshop+1","TheCursedMod:CursedShiv+1","TheCursedMod:Wield+1","TheCursedMod:ManaBullet+1","TheCursedMod:CircleOfFlame+1","TheCursedMod:CircleOfWindfury+1","TheCursedMod:CircleOfCorruption+1","TheCursedMod:CircleOfAbyss+1","Finesse+1","TheCursedMod:SurpriseAttack+1","TheCursedMod:SurpriseAttack+1"],"relics":["TheCursedMod:MagicCandle"],"acts_visited":["Exordium","TheCity","TheBeyond","TheEnding"],"potions_floor_usage":[56,56],"damage_taken":[{"damage":0.0,"enemies":"Jaw Worm","floor":1.0,"turns":1.0},{"damage":0.0,"enemies":"Small Slimes","floor":2.0,"turns":1.0},{"damage":0.0,"enemies":"Cultist","floor":4.0,"turns":1.0},{"damage":0.0,"enemies":"Looter","floor":5.0,"turns":2.0},{"damage":0.0,"enemies":"Gremlin Nob","floor":6.0,"turns":1.0},{"damage":0.0,"enemies":"Replay:BlueRogue","floor":8.0,"turns":1.0},{"damage":0.0,"enemies":"Lagavulin","floor":11.0,"turns":1.0},{"damage":0.0,"enemies":"3 Sentries","floor":14.0,"turns":2.0},{"damage":0.0,"enemies":"Slime Boss","floor":16.0,"turns":1.0},{"damage":0.0,"enemies":"3 Byrds","floor":18.0,"turns":2.0},{"damage":0.0,"enemies":"Spheric Guardian","floor":19.0,"turns":1.0},{"damage":0.0,"enemies":"3 Cultists","floor":20.0,"turns":1.0},{"damage":0.0,"enemies":"Shelled Parasite and Fungi","floor":22.0,"turns":1.0},{"damage":0.0,"enemies":"Centurion and Healer","floor":23.0,"turns":1.0},{"damage":0.0,"enemies":"Cultist and Chosen","floor":24.0,"turns":1.0},{"damage":0.0,"enemies":"Gremlin Leader","floor":25.0,"turns":1.0},{"damage":0.0,"enemies":"Book of Stabbing","floor":27.0,"turns":1.0},{"damage":0.0,"enemies":"Snake Plant","floor":29.0,"turns":1.0},{"damage":0.0,"enemies":"Replay:Snechameleon","floor":30.0,"turns":1.0},{"damage":0.0,"enemies":"Centurion and Healer","floor":31.0,"turns":1.0},{"damage":0.0,"enemies":"Champ","floor":33.0,"turns":1.0},{"damage":0.0,"enemies":"3 Darklings","floor":35.0,"turns":1.0},{"damage":0.0,"enemies":"3 Shapes","floor":36.0,"turns":1.0},{"damage":0.0,"enemies":"Spire Growth","floor":37.0,"turns":1.0},{"damage":0.0,"enemies":"3 Darklings","floor":39.0,"turns":1.0},{"damage":0.0,"enemies":"Nemesis","floor":41.0,"turns":1.0},{"damage":0.0,"enemies":"Jaw Worm Horde","floor":48.0,"turns":1.0},{"damage":0,"enemies":"Replay:Hell Engine","floor":50,"turns":1},{"damage":0,"enemies":"Shield and Spear","floor":55,"turns":1},{"damage":42,"enemies":"The Heart","floor":56,"turns":4}],"seed_played":"6292451893677001317","potions_obtained":[{"floor":1.0,"key":"Elixir"},{"floor":6.0,"key":"Fire Potion"},{"floor":11.0,"key":"SkillPotion"},{"floor":14.0,"key":"BlessingOfTheForge"},{"floor":22.0,"key":"SteroidPotion"},{"floor":23.0,"key":"Elixir"},{"floor":29.0,"key":"PowerPotion"}],"is_trial":false,"path_per_floor":["M","M","?","M","M","E","R","E","T","R","E","R","$","E","R","B",null,"M","M","M","$","M","M","M","E","T","E","R","M","E","M","R","B",null,"M","M","M","AVR","M","R","E","R","T","R","$","R","$","M","R","B",null,null,"R","$","E","B",null],"character_chosen":"THE_CURSED","items_purchased":[],"campfire_rested":1,"item_purchase_floors":[],"current_hp_per_floor":[75,75,60,60,60,60,60,60,60,60,60,60,60,60,60,60,75,75,75,75,75,75,75,75,75,75,75,75,75,75,75,75,75,75,75,75,75,75,75,75,75,75,75,75,75,75,75,75,75,75,75,75,75,75,75,33],"gold":628,"neow_bonus":"ONE_RANDOM_RARE_CARD","is_daily":false,"chose_seed":false,"campfire_upgraded":9,"win_rate":0.0,"timestamp":1613453197,"path_taken":["M","M","?","M","M","E","R","E","T","R","E","R","$","E","R","BOSS","M","M","M","$","M","M","M","E","T","E","R","M","E","M","R","BOSS","M","M","M","AVR","M","R","E","R","T","R","$","R","$","M","R","BOSS","R","$","E","BOSS"],"items_purchased_type":[],"build_version":"2020-12-22","purchased_purges":3,"victory":true,"max_hp_per_floor":[75,75,75,75,75,75,75,75,75,75,75,75,75,75,75,75,75,75,75,75,75,75,75,75,75,75,75,75,75,75,75,75,75,75,75,75,75,75,75,75,75,75,75,75,75,75,75,75,75,75,75,75,75,75,75,75],"card_choices":[{"not_picked":["TheCursedMod:BlessingInDisguise","TheCursedMod:ReleasedKnowledge","TheCursedMod:Stigma"],"picked":"SKIP","floor":1.0},{"not_picked":["TheCursedMod:FuryStrike","TheCursedMod:CursedMace","TheCursedMod:PrepareRite"],"picked":"SKIP","floor":2.0},{"not_picked":["TheCursedMod:CursedMace","TheCursedMod:CursedAmulet","TheCursedMod:FuryStrike"],"picked":"SKIP","floor":4.0},{"not_picked":["TheCursedMod:CircleOfBlood","TheCursedMod:CursedBlade"],"picked":"TheCursedMod:SurpriseAttack","floor":5.0},{"not_picked":["TheCursedMod:DoubleShield","TheCursedMod:SoulReap","TheCursedMod:VitalStrike"],"picked":"SKIP","floor":6.0},{"not_picked":["TheCursedMod:EmpowerCircles","TheCursedMod:StunningStrike"],"picked":"TheCursedMod:SurpriseAttack","floor":8.0},{"not_picked":["TheCursedMod:ManaBullet","TheCursedMod:TacticalStrike","TheCursedMod:DoubleShield"],"picked":"SKIP","floor":11.0},{"not_picked":["TheCursedMod:ManaBullet","TheCursedMod:VitalStrike","TheCursedMod:EmpowerCircles"],"picked":"SKIP","floor":14.0},{"not_picked":["TheCursedMod:SpitefulStrike","TheCursedMod:AbyssShockwave","TheCursedMod:CursedArmor"],"picked":"SKIP","floor":18.0},{"not_picked":["TheCursedMod:RavingStaff","TheCursedMod:EmpowerCircles","TheCursedMod:RapidMovement+1"],"picked":"SKIP","floor":19.0},{"not_picked":["TheCursedMod:ReleasedKnowledge+1","TheCursedMod:HellsGateOpen"],"picked":"TheCursedMod:Wield+1","floor":20.0},{"not_picked":["TheCursedMod:CursedShiv+1","TheCursedMod:Obscuration","TheCursedMod:WearCloak"],"picked":"SKIP","floor":22.0},{"not_picked":["TheCursedMod:ForbiddenAlchemy","TheCursedMod:Stretching","TheCursedMod:SpitefulPlan+1"],"picked":"SKIP","floor":23.0},{"not_picked":["TheCursedMod:WearCloak","TheCursedMod:BloodBarrier","TheCursedMod:CursedBlade+1"],"picked":"SKIP","floor":24.0},{"not_picked":["TheCursedMod:DemonicPact","TheCursedMod:SmokeScreen","TheCursedMod:Torture+1"],"picked":"SKIP","floor":25.0},{"not_picked":["TheCursedMod:TacticalStrike","TheCursedMod:HellfireBreathing","TheCursedMod:RapidMovement+1"],"picked":"SKIP","floor":27.0},{"not_picked":["TheCursedMod:TacticalStrike","TheCursedMod:HellfireBreathing","TheCursedMod:RapidMovement+1"],"picked":"SKIP","floor":27.0},{"not_picked":["TheCursedMod:Evocation+1","TheCursedMod:CursedAmulet","TheCursedMod:PrepareRite+1"],"picked":"SKIP","floor":29.0},{"not_picked":["TheCursedMod:SpreadPlague","TheCursedMod:Stretching+1","TheCursedMod:WearCloak+1"],"picked":"SKIP","floor":30.0},{"not_picked":["TheCursedMod:StingEye","TheCursedMod:TacticalStrike","TheCursedMod:SpitefulStrike"],"picked":"SKIP","floor":31.0},{"not_picked":["TheCursedMod:Torture+1","TheCursedMod:RapidMovement","TheCursedMod:SpitefulPray"],"picked":"SKIP","floor":35.0},{"not_picked":["TheCursedMod:Obscuration","TheCursedMod:Wield+1","TheCursedMod:FleshFromBone"],"picked":"SKIP","floor":36.0},{"not_picked":["TheCursedMod:TacticalStrike","TheCursedMod:SpitefulPlan+1","TheCursedMod:SmokeScreen+1"],"picked":"SKIP","floor":37.0},{"not_picked":["TheCursedMod:RapidMovement","TheCursedMod:CircleOfFlame","TheCursedMod:Mangle"],"picked":"SKIP","floor":39.0},{"not_picked":["TheCursedMod:DarkBarrier","TheCursedMod:CircleOfAbyss","TheCursedMod:RapidMovement+1"],"picked":"SKIP","floor":41.0},{"not_picked":["TheCursedMod:Stigma","TheCursedMod:RavingStaff+1","TheCursedMod:EmpowerCircles"],"picked":"SKIP","floor":48.0},{"not_picked":["TheCursedMod:CircleOfCorruption+1","TheCursedMod:CursedShiv","TheCursedMod:CursedMace+1"],"picked":"SKIP","floor":55}],"player_experience":400602,"relics_obtained":[],"event_choices":[{"damage_healed":0.0,"max_hp_gain":0.0,"max_hp_loss":0.0,"gold_gain":0.0,"event_name":"Shining Light","player_choice":"Entered Light","floor":3.0,"gold_loss":0.0,"damage_taken":15.0,"cards_upgraded":["Finesse","TheCursedMod:CircleOfAbyss"]}],"is_beta":false,"boss_relics":[{"not_picked":["Coffee Dripper","aspiration:PoetsPen_weak","Empty Cage"]},{"not_picked":["Coffee Dripper","aspiration:PoetsPen_weak","Empty Cage"]}],"items_purged_floors":[13,21,45],"is_endless":false,"potions_floor_spawned":[1,6,11,14,22,23,24,29,31,36,41],"ascension_level":2}}