{"host":"zjc1tzo4ovig5lll","time":1613489082,"event":{"mods":["AchievementEnabler","Aspiration","BaseMod","Beaked The Cultist","Better Altar","Better Match","Better Note","Better Sensory Stone","Colored Map","Colored Powertips","Conspire","Energized Spire","Friendly Minions","GifTheSpireLib","Hermit","Minty Spire (QoL Compilation)","Rare Cards Sparkle","Reliquary","Replay The Spire","StSLib","The Blue Laboratory","The Construct","The Jungle","everything is the same but u backflip on backflip"],"gold_per_floor":[110,110,122,133,25,25,25],"floor_reached":6,"language":"ENG","playtime":285,"items_purged":["Regret"],"score":43,"play_id":"551c0b07-e61c-40fe-b812-8d76bfaa0c3d","local_time":"20210216172442","is_ascension_mode":true,"campfire_choices":[],"circlet_count":0,"master_deck":["Strike_R","Strike_R","Strike_R","Strike_R","Strike_R","Defend_R","Defend_R","Defend_R","Defend_R","Bash","Iron Wave","Shrug It Off+1"],"relics":["Burning Blood","Peace Pipe"],"acts_visited":["Exordium"],"potions_floor_usage":[],"damage_taken":[{"damage":8,"enemies":"Jaw Worm","floor":1,"turns":5},{"damage":20,"enemies":"Small Slimes","floor":3,"turns":5},{"damage":13,"enemies":"Cultist","floor":4,"turns":5},{"damage":27,"enemies":"Replay:BlueRogue","floor":6,"turns":9}],"seed_played":"6516992956207470470","potions_obtained":[],"is_trial":false,"path_per_floor":["M","?","M","M","$","E"],"character_chosen":"IRONCLAD","items_purchased":["Shrug It Off+1"],"campfire_rested":0,"item_purchase_floors":[5],"current_hp_per_floor":[86,86,72,65,65,38,38],"gold":25,"neow_bonus":"TEN_PERCENT_HP_BONUS","is_daily":false,"chose_seed":false,"campfire_upgraded":0,"win_rate":0.0,"timestamp":1613489082,"path_taken":["M","?","M","M","$","E"],"items_purchased_type":["Card"],"build_version":"2020-12-22","purchased_purges":1,"victory":false,"max_hp_per_floor":[88,88,88,88,88,88,88],"card_choices":[{"not_picked":["Body Slam","Cleave","Twin Strike"],"picked":"SKIP","floor":1},{"not_picked":["Warcry","Havoc"],"picked":"Iron Wave","floor":3},{"not_picked":["ReplayTheSpireMod:Strike From Hell","Clothesline","ReplayTheSpireMod:Muscle Training"],"picked":"SKIP","floor":4}],"player_experience":738454,"relics_obtained":[],"event_choices":[{"damage_healed":0,"gold_gain":0,"player_choice":"Box","damage_taken":0,"relics_obtained":["Peace Pipe"],"max_hp_gain":0,"max_hp_loss":0,"event_name":"Big Fish","floor":2,"gold_loss":0,"cards_obtained":["Regret"]}],"is_beta":false,"boss_relics":[],"items_purged_floors":[5],"is_endless":false,"potions_floor_spawned":[],"killed_by":"Replay:BlueRogue","ascension_level":4}}