{"host":"t7mx8yfj1no5p62f","time":1613488044,"event":{"mods":["BaseMod","Colored Map","Colored Powertips","Curses Come First","Minty Spire (QoL Compilation)","Relic Stats","StSLib"],"gold_per_floor":[112,112,132,146,146,146,180,9,9,44,44,55,17,29,29,29,29],"floor_reached":16,"language":"ENG","playtime":445,"items_purged":["Strike_R"],"score":220,"play_id":"c3ef0412-43dc-4997-8d73-151b567ee2ec","local_time":"20210216100724","is_ascension_mode":true,"campfire_choices":[{"data":"Inflame","floor":6.0,"key":"SMITH"},{"data":"Whirlwind","floor":11.0,"key":"SMITH"},{"data":"Inflame","floor":15.0,"key":"SMITH"}],"circlet_count":0,"master_deck":["AscendersBane","Strike_R","Strike_R","Strike_R","Strike_R","Defend_R","Defend_R","Defend_R","Defend_R","Bash","Inflame","Inflame+1","Dual Wield","Wild Strike","Whirlwind+1","Inflame+1","Corruption"],"relics":["Burning Blood","Bird Faced Urn","Membership Card","The Courier","Art of War"],"acts_visited":["Exordium"],"potions_floor_usage":[16],"damage_taken":[{"damage":11.0,"enemies":"Small Slimes","floor":1.0,"turns":5.0},{"damage":0.0,"enemies":"2 Louse","floor":3.0,"turns":4.0},{"damage":7.0,"enemies":"Jaw Worm","floor":4.0,"turns":3.0},{"damage":32.0,"enemies":"Gremlin Nob","floor":7.0,"turns":4.0},{"damage":40.0,"enemies":"3 Sentries","floor":10.0,"turns":11.0},{"damage":11.0,"enemies":"2 Fungi Beasts","floor":12.0,"turns":3.0},{"damage":19.0,"enemies":"Exordium Wildlife","floor":14.0,"turns":5.0},{"damage":22,"enemies":"Hexaghost","floor":16,"turns":7}],"seed_played":"1860616222442666054","potions_obtained":[{"floor":3.0,"key":"Energy Potion"},{"floor":7.0,"key":"SkillPotion"},{"floor":10.0,"key":"LiquidBronze"}],"is_trial":false,"path_per_floor":["M","?","M","M","?","R","E","$","T","E","R","M","$","M","R","B"],"character_chosen":"IRONCLAD","items_purchased":["Membership Card"],"campfire_rested":0,"item_purchase_floors":[8],"current_hp_per_floor":[70,70,76,75,80,80,54,54,54,24,24,19,19,10,10,0,0],"gold":29,"neow_bonus":"TEN_PERCENT_HP_BONUS","is_daily":false,"chose_seed":false,"campfire_upgraded":3,"win_rate":0.0,"timestamp":1613488044,"path_taken":["M","?","M","M","?","R","E","$","T","E","R","M","?","M","R","BOSS"],"items_purchased_type":["Relic"],"build_version":"2020-12-22","purchased_purges":1,"victory":false,"max_hp_per_floor":[82,82,82,82,87,87,87,87,87,87,87,87,87,87,87,87,87],"relic_stats":{"counters":[8,42],"Bird Faced Urn":[18],"Art of War":[2],"obtain_stats":[{"Bird Faced Urn":7,"The Courier":9,"Art of War":10,"Membership Card":8,"Burning Blood":0},{"Bird Faced Urn":4,"The Courier":4,"Art of War":5,"Membership Card":4,"Burning Blood":0},{"Bird Faced Urn":16,"The Courier":16,"Art of War":27,"Membership Card":16,"Burning Blood":0}],"Burning Blood":42},"card_choices":[{"not_picked":["Warcry","Clothesline"],"picked":"Inflame","floor":1.0},{"not_picked":["True Grit","Warcry"],"picked":"Inflame","floor":3.0},{"not_picked":["Armaments","Body Slam"],"picked":"Dual Wield","floor":4.0},{"not_picked":["Combust","Dark Embrace"],"picked":"Wild Strike","floor":7.0},{"not_picked":["Cleave","Hemokinesis"],"picked":"Whirlwind","floor":10.0},{"not_picked":["Clothesline","Warcry"],"picked":"Inflame","floor":12.0},{"not_picked":["Carnage","Pommel Strike"],"picked":"Corruption","floor":14.0}],"player_experience":1968927,"relics_obtained":[{"floor":7.0,"key":"Bird Faced Urn"},{"floor":9.0,"key":"The Courier"},{"floor":10.0,"key":"Art of War"}],"event_choices":[{"damage_healed":0.0,"max_hp_gain":0.0,"max_hp_loss":0.0,"gold_gain":0.0,"event_name":"Liars Game","player_choice":"Ignored","floor":2.0,"gold_loss":0.0,"damage_taken":0.0},{"damage_healed":0.0,"max_hp_gain":5.0,"max_hp_loss":0.0,"gold_gain":0.0,"event_name":"Big Fish","player_choice":"Donut","floor":5.0,"gold_loss":0.0,"damage_taken":0.0}],"is_beta":false,"boss_relics":[],"items_purged_floors":[13],"is_endless":false,"potions_floor_spawned":[3,7,10],"killed_by":"Hexaghost","ascension_level":20}}