{"host":"wxz7488rqrwl2v46","time":1613471988,"event":{"mods":["BaseMod","Minty Spire (QoL Compilation)","Quick Restart","Replay The Spire","StSLib"],"gold_per_floor":[113,127,138,138,157,157,188,201,252,252,266,266,60,86,86,181,181,198,178,178,193,193,193],"floor_reached":22,"language":"ZHS","playtime":928,"items_purged":["Strike_G"],"score":198,"play_id":"6ef6f8d6-0119-4d10-ab69-af801d13b03d","local_time":"20210216183948","is_ascension_mode":false,"campfire_choices":[{"data":"A Thousand Cuts","floor":6,"key":"SMITH"},{"floor":10,"key":"REST"}],"circlet_count":0,"master_deck":["Strike_G","Strike_G","Strike_G","Strike_G","Defend_G","Defend_G","Defend_G","Defend_G","Defend_G","Survivor","Neutralize","Dagger Throw","Skewer+1","Sucker Punch","A Thousand Cuts+1","Acrobatics","All Out Attack","ReplayTheSpireMod:The Works","Amnesia","Accuracy+1","Backstab","Finisher","Bullet Time","Flying Knee+1","Blade Dance+1","Survey Options","ReplayTheSpireMod:The Works+1"],"relics":["Runic Dome","Girya","Anchor","Ring of Hypnosis","ReplayTheSpireMod:Ring of Addiction","Toy Ornithopter","Chameleon Ring","Darkstone Periapt","Runic Pyramid"],"acts_visited":["Exordium","TheCity"],"potions_floor_usage":[7,7,14,14,14,16,16,16,22],"damage_taken":[{"damage":2,"enemies":"Small Slimes","floor":1,"turns":4},{"damage":4,"enemies":"Cultist","floor":2,"turns":4},{"damage":11,"enemies":"2 Louse","floor":3,"turns":3},{"damage":0,"enemies":"2 Fungi Beasts","floor":5,"turns":3},{"damage":19,"enemies":"Gremlin Nob","floor":7,"turns":4},{"damage":15,"enemies":"Looter","floor":8,"turns":3},{"damage":1,"enemies":"Large Slime","floor":11,"turns":3},{"damage":17,"enemies":"Lagavulin","floor":14,"turns":3},{"damage":19,"enemies":"Hexaghost","floor":16,"turns":6},{"damage":23,"enemies":"Shell Parasite","floor":18,"turns":5},{"damage":18,"enemies":"2 Thieves","floor":19,"turns":4},{"damage":25,"enemies":"Cultist and Chosen","floor":21,"turns":7},{"damage":11,"enemies":"3 Cultists","floor":22,"turns":3}],"seed_played":"4280086225690988066","potions_obtained":[{"floor":2,"key":"Venom Potion"},{"floor":3,"key":"Swift Potion"},{"floor":12,"key":"LiquidMemories"},{"floor":12,"key":"ColorlessPotion"},{"floor":12,"key":"Explosive Potion"},{"floor":14,"key":"Energy Potion"},{"floor":15,"key":"CunningPotion"},{"floor":15,"key":"Adrenaline Potion"},{"floor":21,"key":"BlessingOfTheForge"}],"is_trial":false,"path_per_floor":["M","M","M","?","M","R","E","M","T","R","M","?","$","E","R","B",null,"M","M","?","M","M"],"character_chosen":"THE_SILENT","items_purchased":["Accuracy+1","Backstab"],"campfire_rested":1,"item_purchase_floors":[13,13],"current_hp_per_floor":[68,64,53,53,53,53,34,19,19,40,39,39,39,37,37,33,70,47,29,29,4,0,0],"gold":193,"neow_bonus":"BOSS_RELIC","is_daily":false,"chose_seed":false,"campfire_upgraded":1,"win_rate":0.0,"timestamp":1613471988,"path_taken":["M","M","M","?","M","R","E","M","T","R","M","?","$","E","R","BOSS","M","M","?","?","M"],"items_purchased_type":["Card","Card"],"build_version":"2020-12-22","purchased_purges":1,"victory":false,"max_hp_per_floor":[70,70,70,70,70,70,70,70,70,70,70,70,70,70,70,70,70,70,70,68,68,68,68],"card_choices":[{"not_picked":["Deadly Poison","Bane"],"picked":"Dagger Throw","floor":1},{"not_picked":["Bane","Dodge and Roll"],"picked":"Skewer","floor":2},{"not_picked":["Backflip","Deadly Poison"],"picked":"Sucker Punch","floor":3},{"not_picked":["Dagger Throw","Quick Slash"],"picked":"A Thousand Cuts","floor":5},{"not_picked":["Backflip","Underhanded Strike"],"picked":"Acrobatics","floor":7},{"not_picked":["Deflect","Terror"],"picked":"All Out Attack","floor":8},{"not_picked":["Well Laid Plans","Bouncing Flask"],"picked":"ReplayTheSpireMod:The Works","floor":11},{"not_picked":["Poisoned Stab","Footwork"],"picked":"Finisher","floor":14},{"not_picked":["Die Die Die","Doppelganger"],"picked":"Bullet Time","floor":16},{"not_picked":["Endless Agony+1","Underhanded Strike"],"picked":"Flying Knee+1","floor":18},{"not_picked":["Fluid Movement","Dagger Spray"],"picked":"Blade Dance+1","floor":19},{"not_picked":["Escape Plan+1","Dagger Spray+1"],"picked":"ReplayTheSpireMod:The Works+1","floor":21}],"player_experience":47628,"relics_obtained":[{"floor":7,"key":"Girya"},{"floor":9,"key":"Anchor"},{"floor":12,"key":"Ring of Hypnosis"},{"floor":12,"key":"ReplayTheSpireMod:Ring of Addiction"},{"floor":12,"key":"Toy Ornithopter"},{"floor":12,"key":"Chameleon Ring"},{"floor":14,"key":"Darkstone Periapt"}],"event_choices":[{"damage_healed":0,"gold_gain":0,"player_choice":"1 cards matched","damage_taken":0,"max_hp_gain":0,"max_hp_loss":0,"event_name":"Match and Keep!","floor":20,"gold_loss":0,"cards_obtained":["Survey Options"]}],"is_beta":false,"boss_relics":[{"not_picked":["Ectoplasm","Painkiller Herb"],"picked":"Runic Pyramid"}],"items_purged_floors":[13],"is_endless":false,"potions_floor_spawned":[2,3,14,21],"killed_by":"3 Cultists","ascension_level":0}}