{"host":"77pvex58kafzx78l","time":1613470025,"event":{"mods":["BaseMod","Better Vampires","DeckTracker","Googly Eyes","Minty Spire (QoL Compilation)","Quick Restart","StSLib","SuperFastMode"],"gold_per_floor":[116,116,116,128,146,177,177,177,177,177,189,208,133,165,165,260,260,279,378,303,303,13,38,38,72,72,72,116,116,181,181,181,314,314,354,354,354,153,195,258,258,316,369,443,492,492,548,596,596,626,626,626,93,127,127],"floor_reached":56,"language":"ENG","playtime":1625,"items_purged":["Strike_P","Strike_P","Defend_P","Strike_P+1"],"score":2115,"play_id":"70f47bfe-b3f2-4aa8-a16d-bf657d072405","local_time":"20210216180705","is_ascension_mode":true,"campfire_choices":[{"data":"ReachHeaven","floor":7.0,"key":"SMITH"},{"data":"Vigilance","floor":10.0,"key":"SMITH"},{"data":"Ragnarok","floor":15.0,"key":"SMITH"},{"data":"Apotheosis","floor":24.0,"key":"SMITH"},{"data":"Wish","floor":27.0,"key":"SMITH"},{"data":"EmptyMind","floor":32.0,"key":"SMITH"},{"floor":46.0,"key":"RECALL"},{"data":"Establishment","floor":49.0,"key":"SMITH"},{"data":"Meditate","floor":52.0,"key":"SMITH"}],"circlet_count":0,"master_deck":["Eruption+1","Vigilance+1","BowlingBash+1","Ragnarok+1","EmptyMind+1","Establishment+1","ClearTheMind+1","Apotheosis+1","Wish+1","Adaptation","MasterReality","Meditate+1","FearNoEvil+1","Adaptation+1","Crescendo+1","MentalFortress","InnerPeace+1"],"relics":["PureWater","Mummified Hand","Eternal Feather","Ancient Tea Set","Calling Bell","Akabeko","HornCleat","CloakClasp","Torii","Gremlin Horn","TungstenRod","Coffee Dripper","Dream Catcher","Bag of Preparation","Whetstone","CeramicFish","Ornamental Fan","Medical Kit","War Paint","Oddly Smooth Stone"],"acts_visited":["Exordium","TheCity","TheBeyond","TheEnding"],"potions_floor_usage":[55],"damage_taken":[{"damage":7.0,"enemies":"Small Slimes","floor":1.0,"turns":3.0},{"damage":1.0,"enemies":"2 Louse","floor":4.0,"turns":3.0},{"damage":0.0,"enemies":"Jaw Worm","floor":5.0,"turns":2.0},{"damage":0.0,"enemies":"Gremlin Nob","floor":6.0,"turns":2.0},{"damage":9.0,"enemies":"Blue Slaver","floor":11.0,"turns":3.0},{"damage":0.0,"enemies":"2 Fungi Beasts","floor":12.0,"turns":2.0},{"damage":5.0,"enemies":"3 Sentries","floor":14.0,"turns":4.0},{"damage":0.0,"enemies":"Slime Boss","floor":16.0,"turns":3.0},{"damage":0.0,"enemies":"3 Byrds","floor":18.0,"turns":4.0},{"damage":12.0,"enemies":"Book of Stabbing","floor":23.0,"turns":3.0},{"damage":0.0,"enemies":"Gremlin Leader","floor":25.0,"turns":3.0},{"damage":0.0,"enemies":"Spheric Guardian","floor":28.0,"turns":2.0},{"damage":2.0,"enemies":"Slavers","floor":30.0,"turns":4.0},{"damage":0.0,"enemies":"Automaton","floor":33.0,"turns":4.0},{"damage":0.0,"enemies":"3 Shapes","floor":35.0,"turns":2.0},{"damage":16.0,"enemies":"Orb Walker","floor":39.0,"turns":4.0},{"damage":0.0,"enemies":"Reptomancer","floor":40.0,"turns":4.0},{"damage":0.0,"enemies":"Giant Head","floor":42.0,"turns":4.0},{"damage":12.0,"enemies":"Nemesis","floor":44.0,"turns":3.0},{"damage":0.0,"enemies":"Maw","floor":45.0,"turns":2.0},{"damage":0.0,"enemies":"Reptomancer","floor":47.0,"turns":2.0},{"damage":0.0,"enemies":"Transient","floor":48.0,"turns":4.0},{"damage":48.0,"enemies":"Time Eater","floor":50.0,"turns":7.0},{"damage":0.0,"enemies":"Shield and Spear","floor":54.0,"turns":2.0},{"damage":0,"enemies":"The Heart","floor":55,"turns":4}],"seed_played":"3514242742067241992","potions_obtained":[{"floor":6.0,"key":"Strength Potion"},{"floor":11.0,"key":"SmokeBomb"},{"floor":12.0,"key":"Explosive Potion"},{"floor":23.0,"key":"Swift Potion"},{"floor":28.0,"key":"EssenceOfSteel"},{"floor":30.0,"key":"AttackPotion"},{"floor":39.0,"key":"EntropicBrew"},{"floor":42.0,"key":"DistilledChaos"},{"floor":48.0,"key":"Ambrosia"}],"is_trial":false,"path_per_floor":["M","?","?","M","M","E","R","?","T","R","M","M","$","E","R","B",null,"M","?","?","?","$","E","R","E","T","R","M","?","E","?","R","B",null,"M","?","?","$","M","E","?","E","T","E","M","R","E","M","R","B",null,"R","$","E","B",null],"character_chosen":"WATCHER","items_purchased":["Apotheosis","FearNoEvil","Medical Kit","MentalFortress","InnerPeace","War Paint"],"campfire_rested":0,"item_purchase_floors":[22,38,53,53,53,53],"current_hp_per_floor":[40,64,50,49,49,49,49,42,42,45,36,36,36,31,37,37,63,63,63,63,63,63,51,57,57,57,63,63,63,61,49,55,55,72,72,72,72,72,56,56,56,56,56,44,44,53,53,53,62,14,58,67,67,67,67],"gold":127,"neow_bonus":"TRANSFORM_TWO_CARDS","is_daily":false,"chose_seed":false,"campfire_upgraded":8,"win_rate":0.0,"timestamp":1613470025,"path_taken":["M","?","?","M","M","E","R","?","T","R","M","M","$","E","R","BOSS","M","?","?","?","$","E","R","E","T","R","?","?","E","?","R","BOSS","M","?","?","$","M","E","?","E","T","E","M","R","E","M","R","BOSS","R","$","E","BOSS"],"items_purchased_type":["Card","Card","Relic","Card","Card","Relic"],"build_version":"2020-12-22","purchased_purges":4,"victory":true,"max_hp_per_floor":[72,72,72,72,72,72,72,72,72,72,72,72,72,72,72,72,72,72,72,72,72,72,72,72,72,72,72,72,72,72,77,77,77,77,77,77,77,77,77,77,73,73,73,73,73,73,73,73,73,73,73,73,73,73,73],"card_choices":[{"not_picked":["PathToVictory","BowlingBash","FollowUp"],"picked":"SKIP","floor":1.0},{"not_picked":["CrushJoints","Sanctity","SashWhip"],"picked":"SKIP","floor":4.0},{"not_picked":["ForeignInfluence","PathToVictory","JustLucky"],"picked":"SKIP","floor":5.0},{"not_picked":["ForeignInfluence","PathToVictory","JustLucky"],"picked":"SKIP","floor":5.0},{"not_picked":["Weave","CrushJoints","WindmillStrike"],"picked":"SKIP","floor":6.0},{"not_picked":["Crescendo","PathToVictory"],"picked":"Ragnarok","floor":11.0},{"not_picked":["Indignation","EmptyBody"],"picked":"EmptyMind","floor":12.0},{"not_picked":["BowlingBash","Prostrate","Ragnarok"],"picked":"SKIP","floor":14.0},{"not_picked":["Brilliance","Alpha"],"picked":"Establishment","floor":16.0},{"not_picked":["ClearTheMind","EmptyFist","SandsOfTime"],"picked":"SKIP","floor":18.0},{"not_picked":["EmptyFist","SandsOfTime"],"picked":"ClearTheMind","floor":18.0},{"not_picked":["WaveOfTheHand","CarveReality","CutThroughFate+1"],"picked":"SKIP","floor":23.0},{"not_picked":["WaveOfTheHand","CarveReality","CutThroughFate+1"],"picked":"SKIP","floor":23.0},{"not_picked":["ReachHeaven","CrushJoints"],"picked":"Wish","floor":25.0},{"not_picked":["ClearTheMind","SashWhip","CutThroughFate"],"picked":"SKIP","floor":28.0},{"not_picked":["Consecrate","Evaluate"],"picked":"Adaptation","floor":30.0},{"not_picked":["Devotion","SpiritShield"],"picked":"MasterReality","floor":33.0},{"not_picked":["Halt","JustLucky+1"],"picked":"Meditate","floor":35.0},{"not_picked":["WheelKick+1","SashWhip+1","BowlingBash"],"picked":"SKIP","floor":39.0},{"not_picked":["EmptyFist","Wish","FlyingSleeves+1"],"picked":"SKIP","floor":40.0},{"not_picked":["SashWhip+1","ConjureBlade"],"picked":"Adaptation+1","floor":42.0},{"not_picked":["Halt","BowlingBash"],"picked":"Crescendo+1","floor":44.0},{"not_picked":["CutThroughFate+1","Wallop","PathToVictory"],"picked":"SKIP","floor":45.0},{"not_picked":["Worship+1","WheelKick+1","ThirdEye+1"],"picked":"SKIP","floor":47.0},{"not_picked":["Nirvana","Prostrate+1","SandsOfTime"],"picked":"SKIP","floor":48.0},{"not_picked":["Consecrate+1","ThirdEye+1","FlurryOfBlows+1"],"picked":"SKIP","floor":54.0}],"player_experience":246980,"relics_obtained":[{"floor":6.0,"key":"Mummified Hand"},{"floor":9.0,"key":"Eternal Feather"},{"floor":14.0,"key":"Ancient Tea Set"},{"floor":17.0,"key":"Akabeko"},{"floor":17.0,"key":"HornCleat"},{"floor":17.0,"key":"CloakClasp"},{"floor":23.0,"key":"Torii"},{"floor":25.0,"key":"Gremlin Horn"},{"floor":30.0,"key":"TungstenRod"},{"floor":40.0,"key":"Dream Catcher"},{"floor":42.0,"key":"Bag of Preparation"},{"floor":43.0,"key":"Whetstone"},{"floor":44.0,"key":"CeramicFish"},{"floor":47.0,"key":"Ornamental Fan"},{"floor":54.0,"key":"Oddly Smooth Stone"}],"event_choices":[{"damage_healed":24.0,"max_hp_gain":0.0,"max_hp_loss":0.0,"gold_gain":0.0,"event_name":"Big Fish","player_choice":"Banana","floor":2.0,"gold_loss":0.0,"damage_taken":0.0},{"damage_healed":0.0,"max_hp_gain":0.0,"max_hp_loss":0.0,"gold_gain":0.0,"event_name":"Shining Light","player_choice":"Entered Light","floor":3.0,"gold_loss":0.0,"damage_taken":14.0,"cards_upgraded":["Strike_P","Eruption"]},{"cards_removed":["Defend_P"],"damage_healed":0.0,"max_hp_gain":0.0,"max_hp_loss":0.0,"gold_gain":0.0,"event_name":"Golden Wing","player_choice":"Card Removal","floor":8.0,"gold_loss":0.0,"damage_taken":7.0},{"damage_healed":0.0,"max_hp_gain":0.0,"max_hp_loss":0.0,"gold_gain":99.0,"event_name":"Nest","player_choice":"Stole From Cult","floor":19.0,"gold_loss":0.0,"damage_taken":0.0},{"cards_removed":["Strike_P"],"damage_healed":0.0,"max_hp_gain":0.0,"max_hp_loss":0.0,"gold_gain":0.0,"event_name":"Beggar","player_choice":"Gave Gold","floor":20.0,"gold_loss":75.0,"damage_taken":0.0},{"damage_healed":0.0,"max_hp_gain":0.0,"max_hp_loss":0.0,"gold_gain":0.0,"event_name":"Ghosts","player_choice":"Ignored","floor":21.0,"gold_loss":0.0,"damage_taken":0.0},{"damage_healed":0.0,"max_hp_gain":0.0,"max_hp_loss":0.0,"gold_gain":0.0,"event_name":"Vampires","player_choice":"Ignored","floor":29.0,"gold_loss":0.0,"damage_taken":0.0},{"damage_healed":0.0,"max_hp_gain":5.0,"max_hp_loss":0.0,"gold_gain":0.0,"event_name":"Forgotten Altar","player_choice":"Shed Blood","floor":31.0,"gold_loss":0.0,"damage_taken":18.0},{"cards_removed":["ReachHeaven"],"damage_healed":0.0,"max_hp_gain":0.0,"max_hp_loss":0.0,"gold_gain":0.0,"event_name":"Falling","player_choice":"Removed Attack","floor":36.0,"gold_loss":0.0,"damage_taken":0.0},{"damage_healed":0.0,"max_hp_gain":0.0,"max_hp_loss":0.0,"gold_gain":0.0,"event_name":"Tomb of Lord Red Mask","player_choice":"Ignored","floor":37.0,"gold_loss":0.0,"damage_taken":0.0},{"damage_healed":0.0,"max_hp_gain":0.0,"max_hp_loss":4.0,"gold_gain":0.0,"event_name":"Winding Halls","player_choice":"Max HP","floor":41.0,"gold_loss":0.0,"damage_taken":0.0}],"is_beta":false,"boss_relics":[{"not_picked":["Busted Crown","SacredBark"],"picked":"Calling Bell"},{"not_picked":["Fusion Hammer","Cursed Key"],"picked":"Coffee Dripper"}],"items_purged_floors":[13,22,38,53],"is_endless":false,"potions_floor_spawned":[6,11,12,23,28,30,39,42,45,48],"ascension_level":6}}