{"host":"uexz8m6e0pxi7xat","time":1613461009,"event":{"mods":["BaseMod","Bestiary","Minty Spire (QoL Compilation)","Relic Stats","ojb\u0027s Info Mod"],"gold_per_floor":[115,141,155,172,187,187,214,214,214,48,64,64,97,109,109,181,181,199,209,159,175,225,250,267,280,280,280,314,159,189,214,214,289,289,301,85,85,97,319,351,351,382,408,439,459,473,507,526,526,526,526,526,526,79,113,113],"floor_reached":57,"language":"ENG","playtime":8384,"items_purged":["Strike_B","Defend_B","Defend_B","Conserve Battery","Sunder+1"],"score":3459,"play_id":"7a7dee13-4997-4f05-af93-a6c5bce98349","local_time":"20210216203649","is_ascension_mode":true,"campfire_choices":[{"data":"Meteor Strike","floor":8,"key":"SMITH"},{"data":"Coolheaded","floor":12,"key":"SMITH"},{"data":"Biased Cognition","floor":15,"key":"SMITH"},{"data":"Loop","floor":27,"key":"SMITH"},{"data":"Loop","floor":32,"key":"SMITH"},{"floor":41,"key":"RECALL"},{"data":"Capacitor","floor":49,"key":"SMITH"},{"data":"Hologram","floor":53,"key":"SMITH"}],"circlet_count":0,"master_deck":["AscendersBane","Zap","Dualcast","Compile Driver","Doom and Gloom","Meteor Strike+1","Coolheaded+1","Glacier","Biased Cognition+1","Meteor Strike","Steam Power+1","Amplify+1","Loop+1","Compile Driver","Coolheaded","Multi-Cast","Hologram+1","Loop+1","Buffer","Apotheosis","Capacitor+1","Echo Form"],"relics":["Snecko Eye","Oddly Smooth Stone","Smiling Mask","Ornamental Fan","Emotion Chip","Astrolabe","Gambling Chip","Symbiotic Virus","Vajra","Red Mask","Du-Vu Doll","Empty Cage","OrangePellets","Regal Pillow","Happy Flower","Anchor","Pocketwatch","Bag of Preparation","Pen Nib"],"acts_visited":["Exordium","TheCity","TheBeyond","TheEnding"],"potions_floor_usage":[7,14,23,33,40,56],"damage_taken":[{"damage":8,"enemies":"Cultist","floor":1,"turns":5},{"damage":0,"enemies":"Jaw Worm","floor":3,"turns":5},{"damage":0,"enemies":"Small Slimes","floor":4,"turns":3},{"damage":2,"enemies":"3 Louse","floor":5,"turns":3},{"damage":3,"enemies":"Gremlin Nob","floor":7,"turns":3},{"damage":0,"enemies":"Looter","floor":11,"turns":2},{"damage":0,"enemies":"Lagavulin","floor":13,"turns":4},{"damage":0,"enemies":"Exordium Wildlife","floor":14,"turns":3},{"damage":1,"enemies":"The Guardian","floor":16,"turns":5},{"damage":9,"enemies":"Shell Parasite","floor":18,"turns":4},{"damage":0,"enemies":"3 Byrds","floor":19,"turns":2},{"damage":0,"enemies":"Snecko","floor":21,"turns":3},{"damage":0,"enemies":"Gremlin Leader","floor":23,"turns":2},{"damage":0,"enemies":"Cultist and Chosen","floor":24,"turns":3},{"damage":2,"enemies":"Snake Plant","floor":25,"turns":3},{"damage":0,"enemies":"Slavers","floor":28,"turns":2},{"damage":0,"enemies":"Masked Bandits","floor":30,"turns":1},{"damage":0,"enemies":"Gremlin Leader","floor":31,"turns":3},{"damage":18,"enemies":"Automaton","floor":33,"turns":5},{"damage":0,"enemies":"3 Shapes","floor":35,"turns":1},{"damage":0,"enemies":"Orb Walker","floor":38,"turns":1},{"damage":0,"enemies":"Giant Head","floor":40,"turns":4},{"damage":0,"enemies":"Nemesis","floor":42,"turns":3},{"damage":0,"enemies":"Giant Head","floor":44,"turns":5},{"damage":2,"enemies":"Sphere and 2 Shapes","floor":45,"turns":3},{"damage":0,"enemies":"3 Darklings","floor":46,"turns":6},{"damage":0,"enemies":"Reptomancer","floor":47,"turns":2},{"damage":0,"enemies":"Transient","floor":48,"turns":6},{"damage":6,"enemies":"Time Eater","floor":50,"turns":7},{"damage":0,"enemies":"Donu and Deca","floor":51,"turns":6},{"damage":0,"enemies":"Shield and Spear","floor":55,"turns":3},{"damage":29,"enemies":"The Heart","floor":56,"turns":6}],"seed_played":"-4007704985623056378","potions_obtained":[{"floor":3,"key":"Explosive Potion"},{"floor":4,"key":"Strength Potion"},{"floor":14,"key":"SpeedPotion"},{"floor":21,"key":"Explosive Potion"},{"floor":23,"key":"SpeedPotion"},{"floor":28,"key":"Fruit Juice"},{"floor":33,"key":"Regen Potion"},{"floor":42,"key":"BlessingOfTheForge"},{"floor":47,"key":"GamblersBrew"}],"is_trial":false,"path_per_floor":["M","T","M","M","M","?","E","R","T","$","M","R","E","M","R","B",null,"M","M","$","M","?","E","M","M","T","R","E","$","?","E","R","B",null,"M","$","?","M","?","E","R","E","T","E","M","M","E","M","R","B","B",null,"R","$","E","B",null],"character_chosen":"DEFECT","items_purchased":["Block Potion","Coolheaded","Hologram","Loop","OrangePellets","Bag of Preparation","Echo Form","Swift Potion"],"campfire_rested":0,"item_purchase_floors":[10,10,29,29,36,54,54,54],"current_hp_per_floor":[56,56,56,56,54,47,44,44,44,44,44,44,44,44,44,43,64,55,55,55,55,55,55,55,53,53,53,53,53,53,53,53,40,67,67,67,57,57,57,69,69,69,69,69,67,67,67,67,67,61,61,72,72,72,72,43],"gold":113,"neow_bonus":"BOSS_RELIC","is_daily":false,"chose_seed":false,"campfire_upgraded":7,"win_rate":0.0,"timestamp":1613461009,"path_taken":["M","?","M","M","M","?","E","R","T","$","M","R","E","M","R","BOSS","M","M","$","M","?","E","M","M","T","R","E","$","?","E","R","BOSS","M","$","?","M","?","E","R","E","T","E","?","M","E","M","R","BOSS","BOSS","R","$","E","BOSS"],"items_purchased_type":["Potion","Card","Card","Card","Relic","Relic","Card","Potion"],"build_version":"2020-12-22","purchased_purges":5,"victory":true,"max_hp_per_floor":[71,71,71,71,71,71,71,71,71,71,71,71,71,71,71,71,71,71,71,71,71,71,71,71,71,71,71,71,71,71,71,71,76,76,76,76,76,76,76,76,76,76,76,76,76,76,76,76,76,76,76,76,76,76,76,76],"relic_stats":{"Regal Pillow":0,"Happy Flower":[14],"counters":[32,114],"Astrolabe":["Steam Power","Amplify","Sunder"],"Pen Nib":[2],"Bag of Preparation":[4],"Smiling Mask":375,"OrangePellets":[38],"Emotion Chip":[32,1,11,6,14],"Ornamental Fan":[196],"Gambling Chip":[75],"Snecko Eye":[179,173,187,182],"obtain_stats":[{"Regal Pillow":40,"Happy Flower":42,"Astrolabe":17,"Oddly Smooth Stone":2,"Vajra":28,"Pen Nib":55,"Bag of Preparation":54,"Smiling Mask":7,"Empty Cage":34,"Du-Vu Doll":31,"OrangePellets":36,"Emotion Chip":13,"Anchor":44,"Ornamental Fan":9,"Gambling Chip":23,"Snecko Eye":0,"Red Mask":30,"Cracked Core":0,"Symbiotic Virus":26,"Pocketwatch":47},{"Regal Pillow":22,"Happy Flower":23,"Astrolabe":9,"Oddly Smooth Stone":1,"Vajra":16,"Pen Nib":31,"Bag of Preparation":30,"Smiling Mask":5,"Empty Cage":19,"Du-Vu Doll":18,"OrangePellets":20,"Emotion Chip":7,"Anchor":24,"Ornamental Fan":5,"Gambling Chip":13,"Snecko Eye":0,"Red Mask":17,"Cracked Core":0,"Symbiotic Virus":15,"Pocketwatch":27},{"Regal Pillow":67,"Happy Flower":70,"Astrolabe":33,"Oddly Smooth Stone":5,"Vajra":52,"Pen Nib":108,"Bag of Preparation":105,"Smiling Mask":19,"Empty Cage":61,"Du-Vu Doll":56,"OrangePellets":62,"Emotion Chip":25,"Anchor":75,"Ornamental Fan":19,"Gambling Chip":44,"Snecko Eye":0,"Red Mask":53,"Cracked Core":0,"Symbiotic Virus":50,"Pocketwatch":86}],"Pocketwatch":[15]},"card_choices":[{"not_picked":["Barrage","Gash"],"picked":"Conserve Battery","floor":1},{"not_picked":["Leap","Go for the Eyes"],"picked":"Rip and Tear","floor":3},{"not_picked":["Storm","Capacitor"],"picked":"Compile Driver","floor":4},{"not_picked":["Ball Lightning","Cold Snap"],"picked":"Doom and Gloom","floor":5},{"not_picked":["Storm","Echo Form"],"picked":"Meteor Strike","floor":7},{"not_picked":["Reprogram","Chaos"],"picked":"Glacier","floor":11},{"not_picked":["Creative AI","Coolheaded"],"picked":"Biased Cognition","floor":13},{"not_picked":["Sweeping Beam","Rip and Tear","Steam"],"picked":"SKIP","floor":14},{"not_picked":["Electrodynamics","Buffer"],"picked":"Meteor Strike","floor":16},{"not_picked":["Stack","Turbo+1"],"picked":"Loop","floor":18},{"not_picked":["Gash","Leap","Recycle"],"picked":"SKIP","floor":19},{"not_picked":["Gash","Leap","Recycle"],"picked":"SKIP","floor":19},{"not_picked":["Gash","Leap","Recycle"],"picked":"SKIP","floor":19},{"not_picked":["Aggregate","Tempest"],"picked":"Compile Driver","floor":21},{"not_picked":["Compile Driver","Cold Snap"],"picked":"Coolheaded","floor":23},{"not_picked":["Conserve Battery","Compile Driver","Rebound"],"picked":"SKIP","floor":24},{"not_picked":["Auto Shields","Undo"],"picked":"Multi-Cast","floor":25},{"not_picked":["Sweeping Beam","Doom and Gloom","Compile Driver"],"picked":"SKIP","floor":28},{"not_picked":["Stack","Heatsinks","Steam"],"picked":"SKIP","floor":31},{"not_picked":["Thunder Strike","Hyperbeam"],"picked":"Buffer","floor":33},{"not_picked":["Conserve Battery","Hologram","Lockon"],"picked":"SKIP","floor":35},{"not_picked":["PanicButton","Chrysalis"],"picked":"Apotheosis","floor":37},{"not_picked":["Steam","Tempest+1"],"picked":"Capacitor","floor":38},{"not_picked":["White Noise","Storm+1","Genetic Algorithm+1"],"picked":"SKIP","floor":40},{"not_picked":["Redo","Go for the Eyes","Barrage"],"picked":"SKIP","floor":42},{"not_picked":["Hello World","Steam","All For One"],"picked":"SKIP","floor":44},{"not_picked":["Force Field","Sweeping Beam","Ball Lightning"],"picked":"SKIP","floor":45},{"not_picked":["Rebound","Redo","Steam+1"],"picked":"SKIP","floor":46},{"not_picked":["Thunder Strike","Ball Lightning","Auto Shields"],"picked":"SKIP","floor":47},{"not_picked":["Barrage+1","Compile Driver","Double Energy"],"picked":"SKIP","floor":48},{"not_picked":["Conserve Battery","Streamline+1","Turbo"],"picked":"SKIP","floor":55}],"player_experience":1043808,"relics_obtained":[{"floor":2,"key":"Oddly Smooth Stone"},{"floor":7,"key":"Smiling Mask"},{"floor":9,"key":"Ornamental Fan"},{"floor":13,"key":"Emotion Chip"},{"floor":23,"key":"Gambling Chip"},{"floor":26,"key":"Symbiotic Virus"},{"floor":28,"key":"Vajra"},{"floor":30,"key":"Red Mask"},{"floor":31,"key":"Du-Vu Doll"},{"floor":40,"key":"Regal Pillow"},{"floor":42,"key":"Happy Flower"},{"floor":44,"key":"Anchor"},{"floor":47,"key":"Pocketwatch"},{"floor":55,"key":"Pen Nib"}],"event_choices":[{"cards_removed":["Strike_B"],"damage_healed":0,"gold_gain":0,"player_choice":"Card Removal","damage_taken":7,"max_hp_gain":0,"max_hp_loss":0,"event_name":"Golden Wing","floor":6,"gold_loss":0},{"damage_healed":0,"gold_gain":50,"player_choice":"Stole From Cult","damage_taken":0,"max_hp_gain":0,"max_hp_loss":0,"event_name":"Nest","floor":22,"gold_loss":0},{"damage_healed":0,"gold_gain":0,"player_choice":"Fought Bandits","damage_taken":0,"max_hp_gain":0,"max_hp_loss":0,"event_name":"Masked Bandits","floor":30,"gold_loss":0},{"damage_healed":0,"gold_gain":0,"player_choice":"Memory 3","damage_taken":10,"max_hp_gain":0,"max_hp_loss":0,"event_name":"SensoryStone","floor":37,"gold_loss":0},{"damage_healed":0,"gold_gain":222,"player_choice":"Wore Mask","damage_taken":0,"max_hp_gain":0,"max_hp_loss":0,"event_name":"Tomb of Lord Red Mask","floor":39,"gold_loss":0}],"is_beta":false,"boss_relics":[{"not_picked":["Fusion Hammer","Pandora\u0027s Box"],"picked":"Astrolabe"},{"not_picked":["Philosopher\u0027s Stone","Sozu"],"picked":"Empty Cage"}],"items_purged_floors":[10,20,29,36,54],"is_endless":false,"potions_floor_spawned":[3,4,11,14,21,23,25,28,33,42,45,47,48,55],"ascension_level":20}}