{"host":"wz0gxtmrae5vpfk6","time":1613447805,"event":{"mods":["Aspiration","Astrologer","BaseMod","Better Vampires","Bossed Relics","Challenge The Spire","Conspire","Downfall","Friendly Minions","FruityMod","GifTheSpireLib","Halation","Hermit","Hubris","Infinite Spire","Jedi Mod","Jorbs\u0027s Wanderer Trilogy","Mimic Mod","Minty Spire (QoL Compilation)","RatMod","Reliquary","Replay The Spire","SacredBarkPlus","Shop Mod","Spikes Relics","Spire Arcade","StSLib","Stuff the Spire","SuperFastMode","The Animator","The Blue Laboratory","The Construct","The Cursed","The Elementalist","The Gatherer","The Jungle","Wandering Minibosses","??????REMEMod"],"gold_per_floor":[99,112,132,132,147,147,147,147,159,178,178,197,232,38,57,57,57,57],"floor_reached":16,"language":"ENG","playtime":1756,"items_purged":["Guardian:Strike_Guardian"],"score":104,"play_id":"2ab0050d-053c-4baf-9f85-5827c8956659","local_time":"20210215215645","is_ascension_mode":false,"campfire_choices":[{"data":"Guardian:Defend_Guardian","floor":1,"key":"PURGE"},{"data":"Guardian:Recover","floor":6,"key":"SMITH"},{"data":"Guardian:CurlUp","floor":8,"key":"SMITH"}],"circlet_count":0,"master_deck":["Guardian:Strike_Guardian+1","Guardian:Strike_Guardian","Guardian:Strike_Guardian+1","Guardian:Defend_Guardian","Guardian:CurlUp+1","Guardian:TwinSlam","Guardian:CrystalBeam","Guardian:Recover+1","Guardian:PrimingBeam","expansioncontent:AwakenDeath","Guardian:Gem_Cyan","Guardian:Gem_White","Guardian:BaubleBeam","Guardian:StasisStrike","Guardian:PrimingBeam","Guardian:TemporalStrike","Guardian:Gem_Cyan","Guardian:MultiBeam+1","Guardian:ChargeCore"],"relics":["Guardian:ModeShifter","REME_ComplimentaryCards","Matryoshka","Whetstone"],"acts_visited":["Exordium"],"potions_floor_usage":[],"damage_taken":[{"damage":9,"enemies":"Jaw Worm","floor":2,"turns":4},{"damage":3,"enemies":"Cultist","floor":3,"turns":5},{"damage":0,"enemies":"2 Louse","floor":5,"turns":3},{"damage":8,"enemies":"2 Fungi Beasts","floor":9,"turns":4},{"damage":17,"enemies":"Gremlin Gang","floor":10,"turns":6},{"damage":14,"enemies":"3 Louse","floor":12,"turns":5},{"damage":16,"enemies":"Lagavulin","floor":13,"turns":7},{"damage":7,"enemies":"downfall:FleeingMerchant","floor":14,"turns":4},{"damage":0,"enemies":"downfall:LooterAlt","floor":15,"turns":3},{"damage":45,"enemies":"WA_ARCHETYPE_RETAIN","floor":16,"turns":7}],"seed_played":"-5218288209214922255","potions_obtained":[{"floor":3,"key":"blueLaboratory:RecallPotion"},{"floor":10,"key":"blueLaboratory:HummingbirdPotion"},{"floor":13,"key":"Milkshake"}],"is_trial":false,"path_per_floor":["R","M","M","?","M","R","T","R","M","M","?","M","E","$","M","B"],"character_chosen":"GUARDIAN","items_purchased":["Guardian:Gem_Cyan","Guardian:MultiBeam+1"],"campfire_rested":0,"item_purchase_floors":[14,14],"current_hp_per_floor":[88,79,76,76,76,76,76,76,68,51,51,37,21,14,14,0,0,0],"gold":57,"neow_bonus":"TEN_PERCENT_HP_BONUS","is_daily":false,"chose_seed":false,"campfire_upgraded":2,"win_rate":0.0,"timestamp":1613447805,"path_taken":["R","M","M","?","M","R","T","R","?","M","?","M","E","$","M","BOSS"],"items_purchased_type":["Card","Card"],"build_version":"2020-12-22","purchased_purges":1,"victory":false,"max_hp_per_floor":[88,88,88,88,88,88,88,88,88,88,88,88,88,88,88,88,88,88],"card_choices":[{"not_picked":["Guardian:TemporalShield","Guardian:VentSteam"],"picked":"Guardian:CrystalBeam","floor":2},{"not_picked":["Guardian:VentSteam","Guardian:ShieldCharger"],"picked":"Guardian:Recover","floor":3},{"not_picked":["Guardian:Suspension","Guardian:Gem_Blue"],"picked":"Guardian:PrimingBeam","floor":5},{"not_picked":["Guardian:Reroute","Guardian:PrismaticBarrier"],"picked":"Guardian:Gem_Cyan","floor":9},{"not_picked":["Guardian:ShieldCharger","Guardian:TemporalStrike"],"picked":"Guardian:Gem_White","floor":10},{"not_picked":["Guardian:Planning","Guardian:Preprogram"],"picked":"Guardian:StasisStrike","floor":12},{"not_picked":["Guardian:CrystalBeam","Guardian:TimeCapacitor"],"picked":"Guardian:PrimingBeam","floor":13},{"not_picked":["Guardian:VentSteam","Guardian:Clone"],"picked":"Guardian:TemporalStrike","floor":14},{"not_picked":["Guardian:ExploitGems","Guardian:TemporalStrike"],"picked":"Guardian:ChargeCore","floor":15}],"player_experience":3161931,"relics_obtained":[{"floor":7,"key":"Matryoshka"},{"floor":13,"key":"Whetstone"}],"event_choices":[{"cards_removed":["Guardian:Defend_Guardian"],"damage_healed":0,"gold_gain":0,"player_choice":"Offered Basic","damage_taken":0,"max_hp_gain":0,"max_hp_loss":0,"event_name":"Bonfire Elementals","floor":4,"gold_loss":0},{"damage_healed":0,"gold_gain":0,"cards_transformed":["Guardian:Defend_Guardian"],"player_choice":"Change","damage_taken":0,"max_hp_gain":0,"max_hp_loss":0,"event_name":"Living Wall","floor":11,"gold_loss":0,"cards_obtained":["Guardian:BaubleBeam"]}],"is_beta":false,"boss_relics":[],"items_purged_floors":[14],"is_endless":false,"potions_floor_spawned":[3,10,13,15],"killed_by":"WA_ARCHETYPE_RETAIN","ascension_level":0}}