{"host":"oeeu8njhzvf3llor","time":1613517269,"event":{"mods":["BaseMod","Better Match","Better Note","Better Skull","Better Third Choice","Hubris","Minty Spire (QoL Compilation)","Rare Cards Sparkle","Replay The Spire","Shop Mod","Spicy Shops","StSLib","Swap Starting Deck Mod"],"gold_per_floor":[113,38,38,57,70,95,95,125,125,137,151,151,185,208,208,336,336,349,363,363,363,363],"floor_reached":21,"language":"ENG","playtime":847,"items_purged":[],"score":236,"play_id":"bf9944a3-fd1c-4a2e-8b01-d02a5749ca41","local_time":"20210216181429","is_ascension_mode":true,"campfire_choices":[{"data":"Neutralize","floor":7.0,"key":"SMITH"},{"floor":15.0,"key":"REST"}],"circlet_count":0,"master_deck":["Strike_G","Strike_G","Strike_G","Strike_G","Strike_G","Defend_G","Defend_G","Defend_G","Defend_G","Defend_G","Survivor","Neutralize+1","Hidden Blade","Cloak And Dagger","Sucker Punch","Cloak And Dagger","Sucker Punch+1","Sucker Punch","Accuracy+1","Sucker Punch","Dagger Spray","Storm of Steel"],"relics":["Ring of the Snake","Bronze Scales","Frozen Egg 2","Ice Cream","Gremlin Food","Golden Idol","Replay:Wax Seal","SlaversCollar"],"acts_visited":["Exordium","TheCity"],"potions_floor_usage":[21],"damage_taken":[{"damage":0.0,"enemies":"Small Slimes","floor":1.0,"turns":4.0},{"damage":0.0,"enemies":"Cultist","floor":4.0,"turns":4.0},{"damage":1.0,"enemies":"2 Louse","floor":5.0,"turns":2.0},{"damage":19.0,"enemies":"Lagavulin","floor":6.0,"turns":8.0},{"damage":1.0,"enemies":"Replay:BlueRogue","floor":8.0,"turns":7.0},{"damage":1.0,"enemies":"2 Fungi Beasts","floor":10.0,"turns":3.0},{"damage":0.0,"enemies":"Gremlin Gang","floor":11.0,"turns":2.0},{"damage":11.0,"enemies":"Gremlin Nob","floor":13.0,"turns":4.0},{"damage":0.0,"enemies":"Large Slime","floor":14.0,"turns":5.0},{"damage":43.0,"enemies":"Hexaghost","floor":16.0,"turns":11.0},{"damage":20,"enemies":"Shell Parasite","floor":18,"turns":7},{"damage":4,"enemies":"3 Byrds","floor":19,"turns":3},{"damage":27,"enemies":"Cultist and Chosen","floor":21,"turns":6}],"seed_played":"6794954831043654102","potions_obtained":[{"floor":1.0,"key":"PowerPotion"},{"floor":8.0,"key":"Explosive Potion"},{"floor":10.0,"key":"Dexterity Potion"},{"floor":19,"key":"Poison Potion"}],"is_trial":false,"path_per_floor":["M","$","?","M","M","E","R","E","T","M","M","?","E","M","R","B",null,"M","M","?","M"],"character_chosen":"THE_SILENT","items_purchased":["Cloak And Dagger"],"campfire_rested":1,"item_purchase_floors":[2],"current_hp_per_floor":[70,70,70,70,69,50,50,49,49,48,48,48,37,37,56,13,65,45,41,41,14,14],"gold":363,"neow_bonus":"RANDOM_COMMON_RELIC","is_daily":false,"chose_seed":false,"campfire_upgraded":1,"win_rate":0.0,"timestamp":1613517269,"path_taken":["M","$","?","?","?","E","R","E","T","M","M","?","E","M","R","BOSS","M","M","?","M"],"items_purchased_type":["Card"],"build_version":"2020-12-22","purchased_purges":0,"victory":false,"max_hp_per_floor":[70,70,70,70,70,70,70,70,70,70,70,65,65,65,65,65,65,65,65,65,65,65],"card_choices":[{"not_picked":["Expertise","ReplayTheSpireMod:Scrap Shanks"],"picked":"Hidden Blade","floor":1.0},{"not_picked":["Dodge and Roll","Expertise","hubris:SlightOfHand"],"picked":"SKIP","floor":4.0},{"not_picked":["hubris:SlightOfHand","Blade Dance"],"picked":"Sucker Punch","floor":5.0},{"not_picked":["Outmaneuver","ReplayTheSpireMod:Necrosis"],"picked":"Cloak And Dagger","floor":6.0},{"not_picked":["Skewer","Prepared"],"picked":"Sucker Punch","floor":8.0},{"not_picked":["Slice","Heel Hook"],"picked":"Sucker Punch","floor":10.0},{"not_picked":["Backflip","Poisoned Stab"],"picked":"Accuracy+1","floor":11.0},{"not_picked":["Replay:Bag of Tricks","Quick Slash"],"picked":"Sucker Punch","floor":13.0},{"not_picked":["Deadly Poison","Deflect"],"picked":"Dagger Spray","floor":14.0},{"not_picked":["Die Die Die","Tools of the Trade+1"],"picked":"Storm of Steel","floor":16.0},{"not_picked":["Dagger Spray+1","Setup","Poisoned Stab"],"picked":"SKIP","floor":18},{"not_picked":["Crippling Poison+1","Dagger Spray+1","Flechettes+1"],"picked":"SKIP","floor":19}],"player_experience":517210,"relics_obtained":[{"floor":6.0,"key":"Frozen Egg 2"},{"floor":8.0,"key":"Ice Cream"},{"floor":9.0,"key":"Gremlin Food"},{"floor":13.0,"key":"Replay:Wax Seal"}],"event_choices":[{"damage_healed":0.0,"max_hp_gain":0.0,"max_hp_loss":0.0,"gold_gain":0.0,"event_name":"Wheel of Change","player_choice":"Full Heal","floor":3.0,"gold_loss":0.0,"damage_taken":0.0},{"damage_healed":0.0,"max_hp_gain":0.0,"max_hp_loss":5.0,"gold_gain":0.0,"event_name":"Golden Idol","player_choice":"Lose Max HP","floor":12.0,"gold_loss":0.0,"damage_taken":0.0,"relics_obtained":["Golden Idol"]},{"cards_removed":["Strike_G"],"damage_healed":0,"gold_gain":0,"player_choice":"Give","damage_taken":0,"max_hp_gain":0,"max_hp_loss":0,"event_name":"betterNote:BetterNote","floor":20,"gold_loss":0,"cards_obtained":["Strike_R"]}],"is_beta":false,"boss_relics":[{"not_picked":["Velvet Choker","SacredBark"],"picked":"SlaversCollar"}],"items_purged_floors":[],"is_endless":false,"potions_floor_spawned":[1,8,10,19],"killed_by":"Cultist and Chosen","ascension_level":1}}