{"host":"tf5skwcwe0vlu2md","time":1613481536,"event":{"mods":["BaseMod","Downfall","Highlight Path","Minty Spire (QoL Compilation)","Quick Restart","StSLib","The Hierophant"],"gold_per_floor":[119,138,151,171,136,136,151,151,151,171,171,188,213,231,231,329,329,340,352,365,365,376,376,408,428,454,454,466,491,491,416,416,511,511,525,540,540,555,555,555,582,593,618,618,618],"floor_reached":44,"playtime":3122,"items_purged":[],"score":588,"play_id":"21541558-387b-4c86-860e-3f37a6899851","local_time":"20210217001856","is_ascension_mode":true,"campfire_choices":[{"data":"Buffer","floor":6,"key":"SMITH"},{"data":"Fission","floor":8,"key":"SMITH"},{"data":"Dualcast","floor":11,"key":"SMITH"},{"data":"Go for the Eyes","floor":15,"key":"SMITH"},{"data":"Hyperbeam","floor":23,"key":"SMITH"},{"data":"Darkness","floor":27,"key":"SMITH"},{"data":"Sunder","floor":30,"key":"SMITH"},{"data":"Doom and Gloom","floor":32,"key":"SMITH"},{"data":"Seek","floor":40,"key":"SMITH"}],"circlet_count":0,"master_deck":["Strike_B","Strike_B","Strike_B","Strike_B","Defend_B","Defend_B","Dualcast+1","Doom and Gloom+1","Go for the Eyes","Buffer+1","Fission+1","Go for the Eyes+1","Undo","Undo","Hyperbeam+1","FTL+1","Genetic Algorithm+1","Sweeping Beam+1","Doom and Gloom","Auto Shields","Streamline+1","Fusion+1","Darkness+1","Beam Cell+1","Redo","Sunder+1","Seek+1","CurseOfTheBell","Rebound","Hologram+1","Hyperbeam","Hologram"],"relics":["Cracked Core","Darkstone Periapt","Boot","Astrolabe","Thread and Needle","Potion Belt","Calling Bell","DataDisk","Shuriken","Calipers","Pen Nib","MealTicket"],"acts_visited":["Exordium","TheCity","TheBeyond"],"potions_floor_usage":[13,22,29,33,33,33,41,44,44],"damage_taken":[{"damage":3,"enemies":"2 Louse","floor":1,"turns":3},{"damage":0,"enemies":"Small Slimes","floor":2,"turns":2},{"damage":1,"enemies":"Cultist","floor":3,"turns":3},{"damage":10,"enemies":"Large Slime","floor":4,"turns":5},{"damage":14,"enemies":"Gremlin Gang","floor":7,"turns":7},{"damage":0,"enemies":"2 Fungi Beasts","floor":10,"turns":2},{"damage":0,"enemies":"Large Slime","floor":12,"turns":6},{"damage":0,"enemies":"Gremlin Nob","floor":13,"turns":4},{"damage":4,"enemies":"Blue Slaver","floor":14,"turns":3},{"damage":52,"enemies":"Hexaghost","floor":16,"turns":10},{"damage":11,"enemies":"Spheric Guardian","floor":18,"turns":4},{"damage":3,"enemies":"Chosen","floor":19,"turns":3},{"damage":22,"enemies":"Snake Plant","floor":20,"turns":6},{"damage":5,"enemies":"Centurion and Healer","floor":22,"turns":4},{"damage":1,"enemies":"Gremlin Leader","floor":24,"turns":6},{"damage":0,"enemies":"3 Cultists","floor":25,"turns":3},{"damage":0,"enemies":"Sentry and Sphere","floor":28,"turns":3},{"damage":8,"enemies":"Slavers","floor":29,"turns":6},{"damage":3,"enemies":"Collector","floor":33,"turns":10},{"damage":0,"enemies":"Orb Walker","floor":35,"turns":3},{"damage":8,"enemies":"3 Shapes","floor":36,"turns":1},{"damage":28,"enemies":"3 Darklings","floor":38,"turns":4},{"damage":5,"enemies":"Reptomancer","floor":41,"turns":5},{"damage":0,"enemies":"Jaw Worm Horde","floor":42,"turns":2},{"damage":53,"enemies":"Giant Head","floor":44,"turns":9}],"seed_played":"-7213965427381276561","potions_obtained":[{"floor":1,"key":"FocusPotion"},{"floor":3,"key":"SmokeBomb"},{"floor":4,"key":"Energy Potion"},{"floor":12,"key":"PotionOfCapacity"},{"floor":13,"key":"Explosive Potion"},{"floor":18,"key":"Strength Potion"},{"floor":24,"key":"Fire Potion"},{"floor":29,"key":"GamblersBrew"},{"floor":33,"key":"BlessingOfTheForge"},{"floor":38,"key":"Fire Potion"},{"floor":39,"key":"SneckoOil"},{"floor":39,"key":"SmokeBomb"},{"floor":39,"key":"DuplicationPotion"},{"floor":41,"key":"LiquidBronze"}],"is_trial":false,"path_per_floor":["M","M","M","M","?","R","M","R","T","M","R","M","E","M","R","B",null,"M","M","M","?","M","R","E","M","T","R","M","E","R","?","R","B",null,"M","M","?","M","?","R","E","M","T","E"],"character_chosen":"DEFECT","items_purchased":[],"campfire_rested":0,"item_purchase_floors":[],"current_hp_per_floor":[79,79,78,68,82,82,68,68,68,68,68,68,68,64,64,12,82,71,68,46,46,41,41,40,40,40,40,40,32,32,32,32,29,88,88,80,80,52,52,52,47,47,47,0,0],"gold":618,"neow_bonus":"TEN_PERCENT_HP_BONUS","is_daily":false,"chose_seed":false,"campfire_upgraded":9,"win_rate":0.0,"timestamp":1613481536,"path_taken":["M","M","M","M","?","R","M","R","T","M","R","M","E","M","R","BOSS","M","M","M","?","M","R","E","M","T","R","M","E","R","?","R","BOSS","M","M","?","?","?","R","E","M","T","E"],"items_purchased_type":[],"build_version":"2020-12-13","purchased_purges":0,"victory":false,"max_hp_per_floor":[82,82,82,82,82,82,82,82,82,82,82,82,82,82,82,82,82,82,82,82,82,82,82,82,82,82,82,82,82,82,82,82,82,88,88,88,88,88,88,88,88,88,88,88,88],"card_choices":[{"not_picked":["Ball Lightning","Redo"],"picked":"Doom and Gloom","floor":1},{"not_picked":["Tempest","Ball Lightning"],"picked":"Go for the Eyes","floor":2},{"not_picked":["Blizzard","Consume"],"picked":"Loop","floor":3},{"not_picked":["Go for the Eyes","Sweeping Beam"],"picked":"Buffer","floor":4},{"not_picked":["Compile Driver","Beam Cell"],"picked":"Fission","floor":7},{"not_picked":["FTL","Steam"],"picked":"Go for the Eyes","floor":10},{"not_picked":["Sweeping Beam","Streamline","Barrage"],"picked":"SKIP","floor":12},{"not_picked":["Compile Driver","Lockon"],"picked":"Undo","floor":13},{"not_picked":["Glacier","Double Energy"],"picked":"Undo","floor":14},{"not_picked":["Amplify","Thunder Strike"],"picked":"Hyperbeam","floor":16},{"not_picked":["Stack+1","Lockon+1"],"picked":"Doom and Gloom","floor":18},{"not_picked":["Ball Lightning+1","Rip and Tear"],"picked":"Auto Shields","floor":19},{"not_picked":["Turbo","Steam"],"picked":"Streamline+1","floor":20},{"not_picked":["Heatsinks","Steam"],"picked":"Fusion+1","floor":22},{"not_picked":["Beam Cell","Force Field"],"picked":"Darkness","floor":24},{"not_picked":["BootSequence","Ball Lightning"],"picked":"Beam Cell+1","floor":25},{"not_picked":["Streamline","Conserve Battery"],"picked":"Redo","floor":28},{"not_picked":["Multi-Cast","White Noise"],"picked":"Sunder","floor":29},{"not_picked":["Rainbow","Machine Learning"],"picked":"Seek","floor":33},{"not_picked":["Ball Lightning+1","Barrage","Consume+1"],"picked":"SKIP","floor":35},{"not_picked":["Consume","Conserve Battery"],"picked":"Rebound","floor":36},{"not_picked":["Blizzard+1","Capacitor+1"],"picked":"Hologram+1","floor":38},{"not_picked":["Steam+1","Gash+1"],"picked":"Hyperbeam","floor":41},{"not_picked":["White Noise","Reinforced Body+1"],"picked":"Hologram","floor":42}],"player_experience":259827,"relics_obtained":[{"floor":9,"key":"Darkstone Periapt"},{"floor":13,"key":"Boot"},{"floor":24,"key":"Thread and Needle"},{"floor":29,"key":"Potion Belt"},{"floor":34,"key":"DataDisk"},{"floor":34,"key":"Shuriken"},{"floor":34,"key":"Calipers"},{"floor":41,"key":"Pen Nib"},{"floor":43,"key":"MealTicket"}],"event_choices":[{"damage_healed":20,"gold_gain":0,"player_choice":"Healed","damage_taken":0,"max_hp_gain":0,"max_hp_loss":0,"event_name":"The Cleric","floor":5,"gold_loss":35},{"damage_healed":0,"gold_gain":0,"player_choice":"Ignored","damage_taken":0,"max_hp_gain":0,"max_hp_loss":0,"event_name":"Vampires","floor":21,"gold_loss":0},{"cards_removed":["Zap"],"damage_healed":0,"gold_gain":0,"player_choice":"Gave Gold","damage_taken":0,"max_hp_gain":0,"max_hp_loss":0,"event_name":"Beggar","floor":31,"gold_loss":75},{"damage_healed":0,"gold_gain":0,"player_choice":"Ignored","damage_taken":0,"max_hp_gain":0,"max_hp_loss":0,"event_name":"SecretPortal","floor":37,"gold_loss":0},{"damage_healed":0,"gold_gain":0,"player_choice":"Got Potions","damage_taken":0,"max_hp_gain":0,"max_hp_loss":0,"event_name":"Lab","floor":39,"gold_loss":0}],"is_beta":false,"boss_relics":[{"not_picked":["Sozu","Runic Pyramid"],"picked":"Astrolabe"},{"not_picked":["Tiny House","Velvet Choker"],"picked":"Calling Bell"}],"items_purged_floors":[],"is_endless":false,"potions_floor_spawned":[1,3,4,12,13,18,20,24,29,33,38,41],"killed_by":"Giant Head","ascension_level":3}}