{"host":"rjfefv2ruvigm2gb","time":1613511855,"event":{"mods":["Act Like it!","AlwaysNeverKeys","BaseMod","Better Note","Better Third Choice","BetterRewards","Block Reminder","Bossed Relics","Colored Map","Colored Powertips","Curses Come First","Displayed Cursed Tome","Fox Events","Gold Saver","Googly Eyes","Highlight Path","Minty Spire (QoL Compilation)","Permanent Neow","Quick Restart","Relic Stats","Reliquary","Ruina","Shapeshifter Mod","Shop Mod","Small Relic Pack","StSLib","SuperFastMode","Transform Curses","Uncapped","Virulent Crown"],"gold_per_floor":[1280,1280,1455,1473,969,969,1008,1008,1031,492,492,533,199,214,214,334,334,358,378,121,140,140,140,163,163,163,163,163],"floor_reached":27,"language":"ENG","playtime":1389,"items_purged":["StSShapeShifter:ShapeShifter_Defend","Doubt"],"score":219,"play_id":"34efcb03-5768-4b10-a710-df3fe4e58ba3","local_time":"20210216154415","is_ascension_mode":false,"campfire_choices":[{"data":"StSShapeShifter:Tortoise_Form","floor":6.0,"key":"SMITH"},{"floor":8.0,"key":"REST"},{"floor":15,"key":"REST"},{"floor":23,"key":"REST"}],"circlet_count":0,"master_deck":["StSShapeShifter:ShapeShifter_Strike","StSShapeShifter:ShapeShifter_Strike","StSShapeShifter:ShapeShifter_Strike","StSShapeShifter:ShapeShifter_Strike+1","StSShapeShifter:ShapeShifter_Strike","StSShapeShifter:ShapeShifter_Defend","StSShapeShifter:ShapeShifter_Defend","StSShapeShifter:ShapeShifter_Defend","StSShapeShifter:ShapeShifter_Defend","StSShapeShifter:Roar","StSShapeShifter:ShiftingStrike","StSShapeShifter:PantherForm","StSShapeShifter:AdaptiveStrikes","StSShapeShifter:MonkeyForm","StSShapeShifter:Spring","StSShapeShifter:Evolution+1","StSShapeShifter:BloomingSlash+1","StSShapeShifter:StormGryphonForm"],"relics":["StSShapeShifter:AnimalHeart","StSShapeShifter:TheShapeShiftersMagnolia","Golden Idol","relicPack:SpireResearchBook","reliquary:JackalopeAntler","reliquary:TuningFork","Bag of Preparation","MealTicket","Bronze Scales","reliquary:BallBearing","TungstenRod","StSShapeShifter:LemurHeaddress","Whetstone","StSShapeShifter:AlarmClock"],"acts_visited":["Exordium","Exordium"],"potions_floor_usage":[21,24,27],"damage_taken":[{"damage":0.0,"enemies":"2 Louse","floor":1.0,"turns":2.0},{"damage":1.0,"enemies":"Jaw Worm","floor":4.0,"turns":2.0},{"damage":25.0,"enemies":"3 Sentries","floor":7.0,"turns":8.0},{"damage":31,"enemies":"Lagavulin","floor":12,"turns":5},{"damage":0,"enemies":"Cultist","floor":14,"turns":2},{"damage":25,"enemies":"Slime Boss","floor":16,"turns":12},{"damage":16,"enemies":"ruina:Nosferatu","floor":18,"turns":4},{"damage":25,"enemies":"ruina:BadWolf","floor":19,"turns":5},{"damage":41,"enemies":"ruina:KingOfGreed","floor":21,"turns":4},{"damage":27,"enemies":"ruina:KnightOfDespair","floor":24,"turns":5},{"damage":40,"enemies":"ruina:RoadHome","floor":27,"turns":4}],"seed_played":"837357666421645874","potions_obtained":[{"floor":1.0,"key":"SpeedPotion"},{"floor":4.0,"key":"Energy Potion"},{"floor":12,"key":"SteroidPotion"},{"floor":24,"key":"SpeedPotion"}],"is_trial":false,"path_per_floor":["M","?","?","M","$","R","E","R","T","$","?","E","$","M","R","B",null,"M","M","$","M","?","R","M","?","T","E"],"character_chosen":"SHAPESHIFTER","items_purchased":["FairyPotion","relicPack:SpireResearchBook","reliquary:JackalopeAntler","StSShapeShifter:PantherForm","Fruit Juice","MealTicket","Bronze Scales","TungstenRod","StSShapeShifter:MonkeyForm","Whetstone"],"campfire_rested":3,"item_purchase_floors":[5,5,5,10,10,10,10,13,13,20],"current_hp_per_floor":[78,59,59,58,58,58,33,56,56,61,61,30,45,45,69,44,83,67,42,57,16,9,33,6,6,6,0,0],"gold":163,"neow_bonus":"UPGRADE_CARD","is_daily":false,"chose_seed":false,"campfire_upgraded":1,"win_rate":0.0,"timestamp":1613511855,"path_taken":["M","?","?","M","?","R","E","R","T","$","?","E","?","M","R","BOSS","M","M","$","?","?","R","?","?","T","E"],"items_purchased_type":["Potion","Relic","Relic","Card","Potion","Relic","Relic","Relic","Card","Relic"],"build_version":"2020-12-22","purchased_purges":2,"victory":false,"max_hp_per_floor":[78,78,78,78,78,78,78,78,78,83,83,83,83,83,83,83,83,83,83,83,83,83,83,83,83,83,83,83],"relic_stats":{"counters":[11,53],"Golden Idol":65,"Bronze Scales":[69],"MealTicket":30,"Bag of Preparation":[16],"Whetstone":["StSShapeShifter:BloomingSlash","StSShapeShifter:ShapeShifter_Strike"],"obtain_stats":[{"StSShapeShifter:TheShapeShiftersMagnolia":0,"StSShapeShifter:AnimalHeart":0,"Golden Idol":2,"Bag of Preparation":9,"Whetstone":20,"relicPack:SpireResearchBook":5,"reliquary:JackalopeAntler":5,"StSShapeShifter:LemurHeaddress":17,"Bronze Scales":10,"MealTicket":10,"reliquary:BallBearing":12,"reliquary:TuningFork":7,"StSShapeShifter:AlarmClock":26,"TungstenRod":13},{"StSShapeShifter:TheShapeShiftersMagnolia":0,"StSShapeShifter:AnimalHeart":0,"Golden Idol":1,"Bag of Preparation":3,"Whetstone":8,"relicPack:SpireResearchBook":2,"reliquary:JackalopeAntler":2,"StSShapeShifter:LemurHeaddress":6,"Bronze Scales":3,"MealTicket":3,"reliquary:BallBearing":4,"reliquary:TuningFork":3,"StSShapeShifter:AlarmClock":10,"TungstenRod":4},{"StSShapeShifter:TheShapeShiftersMagnolia":0,"StSShapeShifter:AnimalHeart":0,"Golden Idol":2,"Bag of Preparation":12,"Whetstone":40,"relicPack:SpireResearchBook":4,"reliquary:JackalopeAntler":4,"StSShapeShifter:LemurHeaddress":31,"Bronze Scales":12,"MealTicket":12,"reliquary:BallBearing":17,"reliquary:TuningFork":12,"StSShapeShifter:AlarmClock":49,"TungstenRod":17}],"TungstenRod":24},"card_choices":[{"not_picked":["StSShapeShifter:Bonk","StSShapeShifter:RockSlide"],"picked":"StSShapeShifter:Roar","floor":1.0},{"not_picked":["StSShapeShifter:DeerForm","StSShapeShifter:ThornToss","StSShapeShifter:VineHandcuffs"],"picked":"SKIP","floor":4.0},{"not_picked":["StSShapeShifter:FlowerShield","StSShapeShifter:CosmicShifter"],"picked":"StSShapeShifter:ShiftingStrike","floor":7.0},{"not_picked":["StSShapeShifter:ShiftingStrike","StSShapeShifter:FallingLeaves"],"picked":"StSShapeShifter:AdaptiveStrikes","floor":12},{"not_picked":["StSShapeShifter:Hunt","StSShapeShifter:VineHandcuffs","StSShapeShifter:EntForm"],"picked":"SKIP","floor":14},{"not_picked":["StSShapeShifter:PhoenixForm","StSShapeShifter:RhinoCalfForm"],"picked":"StSShapeShifter:Spring","floor":16},{"not_picked":["StSShapeShifter:Sapling","StSShapeShifter:PorcupineForm"],"picked":"StSShapeShifter:Evolution+1","floor":18},{"not_picked":["StSShapeShifter:ReplenishingNectar","StSShapeShifter:MagicMushrooms"],"picked":"StSShapeShifter:BloomingSlash","floor":19},{"not_picked":["StSShapeShifter:SunflowerShuriken+1","StSShapeShifter:BurstingSpore","StSShapeShifter:ReplenishingNectar+1"],"picked":"SKIP","floor":21},{"not_picked":["StSShapeShifter:RaptorForm+1","StSShapeShifter:BarkSkin","StSShapeShifter:OwlForm+1"],"picked":"SKIP","floor":24}],"player_experience":1028358,"relics_obtained":[{"floor":7.0,"key":"reliquary:TuningFork"},{"floor":9.0,"key":"Bag of Preparation"},{"floor":12,"key":"reliquary:BallBearing"},{"floor":26,"key":"StSShapeShifter:AlarmClock"}],"event_choices":[{"damage_healed":0.0,"max_hp_gain":0.0,"max_hp_loss":0.0,"gold_gain":0.0,"event_name":"Golden Idol","player_choice":"Take Damage","floor":2.0,"gold_loss":0.0,"damage_taken":19.0,"relics_obtained":["Golden Idol"]},{"damage_healed":0.0,"max_hp_gain":0.0,"max_hp_loss":0.0,"gold_gain":175.0,"event_name":"betterThird:BetterSerpent","player_choice":"AGREE","floor":3.0,"gold_loss":0.0,"damage_taken":1280.0},{"damage_healed":0.0,"max_hp_gain":1.0,"max_hp_loss":0.0,"gold_gain":0.0,"event_name":"betterThird:BetterGoop","player_choice":"Left","floor":11.0,"gold_loss":0.0,"damage_taken":0.0}],"is_beta":false,"boss_relics":[{"not_picked":["Runic Dome","reliquary:Ember"],"picked":"StSShapeShifter:LemurHeaddress"}],"items_purged_floors":[10,20],"is_endless":false,"potions_floor_spawned":[1,4,12,24],"killed_by":"ruina:RoadHome","ascension_level":0}}