{"host":"raaimkojny05jekw","time":1613457383,"event":{"mods":["AchievementEnabler","BaseMod","Colored Map","Colored Powertips","DeckTracker","Minty Spire (QoL Compilation)","Quick Restart","Rare Cards Sparkle","everything is the same but u backflip on backflip"],"gold_per_floor":[114,130,130,57,76,76,105,105,105,125,200,235,28,40,40,142,142,152,152,77,95,113,113,139,139,164,164,193,220,240,262,262,373,373,396,396,421,321,340,340,358,358,358],"floor_reached":42,"language":"KOR","playtime":1411,"items_purged":["Strike_R","Strike_R"],"score":627,"play_id":"a4de24d8-363f-4c23-b62a-08b34ba35cc8","local_time":"20210216153623","is_ascension_mode":true,"campfire_choices":[{"data":"Metamorphosis","floor":6,"key":"SMITH"},{"data":"Inflame","floor":8,"key":"SMITH"},{"data":"Intimidate","floor":15,"key":"SMITH"},{"data":"Metallicize","floor":23,"key":"SMITH"},{"floor":25,"key":"REST"},{"data":"Shockwave","floor":27,"key":"SMITH"},{"data":"Demon Form","floor":32,"key":"SMITH"},{"data":"Ghostly Armor","floor":40,"key":"SMITH"}],"circlet_count":0,"master_deck":["Defend_R","Defend_R","Defend_R","Defend_R","Bash","Metamorphosis+1","Intimidate+1","Ghostly Armor+1","Inflame+1","Shockwave+1","Warcry+1","Infernal Blade+1","Headbutt","Apotheosis+1","Seeing Red+1","Metallicize+1","Demon Form+1","Battle Trance+1","Twin Strike+1","Flame Barrier+1","Heavy Blade+1","Warcry+1","Shrug It Off+1","Disarm+1","Seeing Red+1","Warcry+1","Exhume+1","Bloodletting+1","Rage+1","Havoc+1","Chrysalis+1","Master of Strategy+1"],"relics":["Burning Blood","Toxic Egg 2","Art of War","Mercury Hourglass","Astrolabe","Oddly Smooth Stone","CeramicFish","Bronze Scales","Coffee Dripper"],"acts_visited":["Exordium","TheCity","TheBeyond"],"potions_floor_usage":[12,21,22,24,42],"damage_taken":[{"damage":15,"enemies":"Jaw Worm","floor":1,"turns":4},{"damage":13,"enemies":"2 Louse","floor":2,"turns":3},{"damage":0,"enemies":"Cultist","floor":5,"turns":4},{"damage":24,"enemies":"Gremlin Nob","floor":7,"turns":4},{"damage":9,"enemies":"Blue Slaver","floor":10,"turns":5},{"damage":10,"enemies":"Lagavulin","floor":12,"turns":5},{"damage":0,"enemies":"2 Fungi Beasts","floor":14,"turns":3},{"damage":5,"enemies":"Hexaghost","floor":16,"turns":7},{"damage":26,"enemies":"3 Byrds","floor":18,"turns":5},{"damage":9,"enemies":"Shell Parasite","floor":21,"turns":4},{"damage":26,"enemies":"Snake Plant","floor":22,"turns":3},{"damage":10,"enemies":"Book of Stabbing","floor":24,"turns":5},{"damage":25,"enemies":"Gremlin Leader","floor":28,"turns":5},{"damage":1,"enemies":"Snecko","floor":29,"turns":4},{"damage":13,"enemies":"Centurion and Healer","floor":30,"turns":6},{"damage":10,"enemies":"Cultist and Chosen","floor":31,"turns":5},{"damage":61,"enemies":"Automaton","floor":33,"turns":8},{"damage":1,"enemies":"3 Shapes","floor":35,"turns":6},{"damage":0,"enemies":"Orb Walker","floor":37,"turns":3},{"damage":45,"enemies":"Jaw Worm Horde","floor":39,"turns":3},{"damage":38,"enemies":"Transient","floor":42,"turns":2}],"seed_played":"-8955269283406008900","potions_obtained":[{"floor":10,"key":"Block Potion"},{"floor":16,"key":"FairyPotion"},{"floor":18,"key":"Regen Potion"},{"floor":21,"key":"Fruit Juice"},{"floor":22,"key":"Fire Potion"},{"floor":35,"key":"LiquidMemories"}],"is_trial":false,"path_per_floor":["M","M","?","$","M","R","E","R","T","M","?","E","$","M","R","B",null,"M","?","$","M","M","R","E","R","T","R","E","M","M","M","R","B",null,"M","?","M","$","M","R","?","M"],"character_chosen":"IRONCLAD","items_purchased":["Inflame","Apotheosis+1","Seeing Red+1"],"campfire_rested":1,"item_purchase_floors":[4,13,13],"current_hp_per_floor":[63,56,56,56,62,62,44,44,44,41,30,26,26,32,32,33,68,48,48,48,50,39,39,35,60,60,60,41,46,39,35,35,29,71,76,76,82,82,43,43,38,0,0],"gold":358,"neow_bonus":"RANDOM_COLORLESS_2","is_daily":false,"chose_seed":false,"campfire_upgraded":7,"win_rate":0.0,"timestamp":1613457383,"path_taken":["M","M","?","$","M","R","E","R","T","M","?","E","$","M","R","BOSS","M","?","$","M","M","R","E","R","T","R","E","?","M","M","R","BOSS","M","?","M","$","M","R","?","M"],"items_purchased_type":["Card","Card","Card"],"build_version":"2020-12-22","purchased_purges":2,"victory":false,"max_hp_per_floor":[80,80,80,80,80,80,80,80,80,80,80,80,80,80,80,80,80,80,80,80,85,85,85,85,85,85,85,85,85,85,85,85,85,85,85,85,85,85,85,85,85,85,85],"card_choices":[{"not_picked":["Thinking Ahead","Master of Strategy"],"picked":"Metamorphosis","floor":0},{"not_picked":["Warcry","Clash"],"picked":"Intimidate","floor":1},{"not_picked":["Blood for Blood","Metallicize"],"picked":"Ghostly Armor","floor":2},{"not_picked":["Body Slam","Rampage"],"picked":"Shockwave","floor":5},{"not_picked":["Second Wind+1","Heavy Blade"],"picked":"Warcry+1","floor":7},{"not_picked":["Body Slam","Fire Breathing"],"picked":"Infernal Blade+1","floor":10},{"not_picked":["Sword Boomerang","Iron Wave"],"picked":"Headbutt","floor":12},{"not_picked":["Power Through+1","Cleave"],"picked":"Metallicize","floor":14},{"not_picked":["Barricade","Impervious+1"],"picked":"Demon Form","floor":16},{"not_picked":["Pummel","Sever Soul"],"picked":"Heavy Blade+1","floor":18},{"not_picked":["Wild Strike","Havoc+1"],"picked":"Warcry+1","floor":21},{"not_picked":["Sever Soul","Pommel Strike"],"picked":"Shrug It Off+1","floor":22},{"not_picked":["Searing Blow","Rupture","Heavy Blade"],"picked":"SKIP","floor":24},{"not_picked":["Sword Boomerang","Juggernaut","Reckless Charge"],"picked":"SKIP","floor":28},{"not_picked":["Sentinel+1","Rupture"],"picked":"Disarm+1","floor":29},{"not_picked":["Dual Wield+1","Sword Boomerang"],"picked":"Seeing Red+1","floor":30},{"not_picked":["Hemokinesis","Heavy Blade"],"picked":"Warcry+1","floor":31},{"not_picked":["Bludgeon","Brutality"],"picked":"Exhume+1","floor":33},{"not_picked":["Fire Breathing+1","Wild Strike"],"picked":"Bloodletting+1","floor":35},{"not_picked":["Rupture","Blood for Blood+1"],"picked":"Rage+1","floor":37},{"not_picked":["Twin Strike","Iron Wave+1"],"picked":"Havoc+1","floor":39},{"not_picked":["Finesse+1","Dark Shackles+1"],"picked":"Chrysalis+1","floor":41},{"not_picked":["Enlightenment+1","Dark Shackles+1"],"picked":"Master of Strategy+1","floor":41}],"player_experience":755681,"relics_obtained":[{"floor":7,"key":"Toxic Egg 2"},{"floor":9,"key":"Art of War"},{"floor":12,"key":"Mercury Hourglass"},{"floor":24,"key":"Oddly Smooth Stone"},{"floor":26,"key":"CeramicFish"},{"floor":28,"key":"Bronze Scales"}],"event_choices":[{"damage_healed":0,"gold_gain":0,"player_choice":"Leave","damage_taken":0,"max_hp_gain":0,"max_hp_loss":0,"event_name":"The Cleric","floor":3,"gold_loss":0},{"damage_healed":0,"gold_gain":75,"player_choice":"Gather Gold","damage_taken":11,"max_hp_gain":0,"max_hp_loss":0,"event_name":"World of Goop","floor":11,"gold_loss":0},{"cards_removed":["Normality"],"damage_healed":0,"gold_gain":0,"player_choice":"Removed Curses","damage_taken":0,"max_hp_gain":0,"max_hp_loss":0,"event_name":"Fountain of Cleansing","floor":19,"gold_loss":0},{"damage_healed":0,"gold_gain":0,"player_choice":"Ignored","damage_taken":0,"max_hp_gain":0,"max_hp_loss":0,"event_name":"Tomb of Lord Red Mask","floor":36,"gold_loss":0},{"damage_healed":0,"gold_gain":0,"player_choice":"Memory 2","damage_taken":5,"max_hp_gain":0,"max_hp_loss":0,"event_name":"SensoryStone","floor":41,"gold_loss":0}],"is_beta":false,"boss_relics":[{"not_picked":["Runic Dome","Tiny House"],"picked":"Astrolabe"},{"not_picked":["Mark of Pain","Runic Pyramid"],"picked":"Coffee Dripper"}],"items_purged_floors":[20,38],"is_endless":false,"potions_floor_spawned":[10,16,18,21,22,35],"killed_by":"Transient","ascension_level":8}}