{"host":"0mk07bycsqo1qk03","time":1613498080,"event":{"mods":["BaseMod","Downfall","Hermit","Hubris","Minty Spire (QoL Compilation)","Reliquary","Replay The Spire","StSLib"],"gold_per_floor":[119,119,119,130,130,130,159,219,219,250,16,31,49,68,68,73,73],"floor_reached":16,"language":"ENG","playtime":377,"items_purged":[],"score":203,"play_id":"9990c0d2-04b4-4092-aa80-7236d8d9c8c0","local_time":"20210216185440","is_ascension_mode":true,"campfire_choices":[{"data":"hermit:Midnight","floor":6,"key":"SMITH"}],"circlet_count":0,"master_deck":["AscendersBane","hermit:Strike_Hermit","hermit:Strike_Hermit","hermit:Defend_Hermit","hermit:Defend_Hermit","hermit:Defend_Hermit","hermit:Defend_Hermit","hermit:Snapshot","hermit:Malice","hermit:Midnight+1","hermit:Quickdraw","hermit:Scavenge","hermit:HoleUp","hermit:Dissolve","hermit:GhostlyPresence","hermit:HighNoon","hermit:CursedWeapon","CommonCold"],"relics":["hermit:Momento","NeowsBlessing","Anchor","hexamod:BolsterEngine","reliquary:Vitrine","Gremlin Food","ReplayTheSpireMod:CursedCoin","HornCleat"],"acts_visited":["Exordium"],"potions_floor_usage":[8,10],"damage_taken":[{"damage":0,"enemies":"Jaw Worm","floor":1,"turns":1},{"damage":0,"enemies":"2 Louse","floor":4,"turns":1},{"damage":0,"enemies":"Lagavulin","floor":7,"turns":1},{"damage":12,"enemies":"Gremlin Nob","floor":8,"turns":2},{"damage":38,"enemies":"Gremlin Nob","floor":10,"turns":6},{"damage":0,"enemies":"Cultist","floor":12,"turns":4},{"damage":0,"enemies":"3 Louse","floor":13,"turns":2},{"damage":14,"enemies":"Exordium Thugs","floor":14,"turns":5},{"damage":7,"enemies":"Hexaghost","floor":16,"turns":4}],"seed_played":"591616347284463868","potions_obtained":[{"floor":1,"key":"Death Potion"},{"floor":7,"key":"hermit:Tonic"}],"is_trial":false,"path_per_floor":["M","?","?","M","$","R","E","?","T","E","$","M","M","M","R","B"],"character_chosen":"HERMIT","items_purchased":["ReplayTheSpireMod:CursedCoin","hermit:Dissolve","HornCleat"],"campfire_rested":0,"item_purchase_floors":[11,11,11],"current_hp_per_floor":[68,68,68,68,68,68,68,56,56,18,18,18,18,4,4,0,0],"gold":73,"neow_bonus":"THREE_ENEMY_KILL","is_daily":false,"chose_seed":false,"campfire_upgraded":1,"win_rate":0.0,"timestamp":1613498080,"path_taken":["M","?","?","?","$","R","E","?","T","E","?","M","M","M","R","BOSS"],"items_purchased_type":["Relic","Card","Relic"],"build_version":"2020-12-22","purchased_purges":0,"victory":false,"max_hp_per_floor":[75,75,75,75,75,75,75,75,75,75,75,75,75,75,75,75,75],"card_choices":[{"not_picked":["hermit:FlashPowder","hermit:Headshot"],"picked":"hermit:Malice","floor":1},{"not_picked":["hermit:Headshot","hermit:HighCaliber"],"picked":"hermit:Midnight","floor":4},{"not_picked":["hermit:CalledShot","hermit:LuckOfTheDraw"],"picked":"hermit:Quickdraw","floor":7},{"not_picked":["hermit:Desperado","hermit:HoleUp"],"picked":"hermit:Scavenge","floor":8},{"not_picked":["hermit:Virtue","hermit:Desperado"],"picked":"hermit:HoleUp","floor":10},{"not_picked":["hermit:Combo","hermit:LowProfile"],"picked":"hermit:GhostlyPresence","floor":12},{"not_picked":["hermit:NoHoldsBarred","hermit:Desperado"],"picked":"hermit:HighNoon","floor":13},{"not_picked":["hermit:Desperado","hermit:CalledShot"],"picked":"hermit:CursedWeapon","floor":14}],"player_experience":1044174,"relics_obtained":[{"floor":7,"key":"Anchor"},{"floor":9,"key":"reliquary:Vitrine"},{"floor":10,"key":"Gremlin Food"}],"event_choices":[{"cards_removed":["hermit:Strike_Hermit"],"damage_healed":0,"gold_gain":0,"player_choice":"Offered Basic","damage_taken":0,"max_hp_gain":0,"max_hp_loss":0,"event_name":"Bonfire Elementals","floor":3,"gold_loss":0},{"damage_healed":0,"gold_gain":0,"player_choice":"Searched \u00272\u0027 times","damage_taken":0,"relics_obtained":["hexamod:BolsterEngine"],"max_hp_gain":0,"max_hp_loss":0,"event_name":"Dead Adventurer","floor":8,"gold_loss":0}],"is_beta":false,"boss_relics":[],"items_purged_floors":[],"is_endless":false,"potions_floor_spawned":[1,7],"killed_by":"Hexaghost","ascension_level":10}}