{"host":"rb2p2z6v6vieend5","time":1613435380,"event":{"mods":["BaseMod","Block Reminder","Colored Map","DeckTracker","Highlight Path","Minty Spire (QoL Compilation)","Random Character Button","Relic Stats"],"gold_per_floor":[116,130,130,183,201,228,228,263,263,263,19,19,35,61,61,140,140,160,4,4,18,30,30,56,56,56,56,56,56],"floor_reached":28,"language":"ENG","playtime":1030,"items_purged":["Defend_R"],"score":457,"play_id":"866fb129-7449-4975-a396-b948c6968e9e","local_time":"20210216012940","is_ascension_mode":true,"campfire_choices":[{"floor":7,"key":"REST"},{"data":"True Grit","floor":10,"key":"SMITH"},{"data":"Immolate","floor":12,"key":"SMITH"},{"floor":15,"key":"REST"},{"data":"Perfected Strike","floor":23,"key":"SMITH"},{"data":"Immolate","floor":25,"key":"SMITH"},{"data":"Evolve","floor":27,"key":"SMITH"}],"circlet_count":0,"master_deck":["AscendersBane","Strike_R","Strike_R","Strike_R","Strike_R","Strike_R","Defend_R+1","Defend_R","Defend_R+1","Bash","Thunderclap","Immolate+1","Perfected Strike+1","Shrug It Off","True Grit+1","Evolve+1","Immolate+1","Cleave","Offering","Clothesline+1","Ghostly Armor","Twin Strike","True Grit+1"],"relics":["Burning Blood","Art of War","Anchor","War Paint","Omamori","WingedGreaves","Lizard Tail","Mark of Pain","Necronomicon","StoneCalendar","Matryoshka"],"acts_visited":["Exordium","TheCity"],"potions_floor_usage":[6,16,16],"damage_taken":[{"damage":6,"enemies":"Jaw Worm","floor":1,"turns":5},{"damage":6,"enemies":"Cultist","floor":2,"turns":4},{"damage":0,"enemies":"Small Slimes","floor":5,"turns":2},{"damage":35,"enemies":"Lagavulin","floor":6,"turns":5},{"damage":10,"enemies":"3 Sentries","floor":8,"turns":4},{"damage":0,"enemies":"Exordium Thugs","floor":13,"turns":2},{"damage":16,"enemies":"Gremlin Nob","floor":14,"turns":3},{"damage":81,"enemies":"Hexaghost","floor":16,"turns":11},{"damage":6,"enemies":"Shell Parasite","floor":18,"turns":3},{"damage":1,"enemies":"2 Thieves","floor":21,"turns":3},{"damage":8,"enemies":"Shelled Parasite and Fungi","floor":22,"turns":2},{"damage":3,"enemies":"Slavers","floor":24,"turns":3},{"damage":45,"enemies":"Gremlin Leader","floor":28,"turns":2}],"seed_played":"-3544481206461981293","potions_obtained":[{"floor":0,"key":"SkillPotion"},{"floor":0,"key":"LiquidMemories"},{"floor":14,"key":"SteroidPotion"},{"floor":24,"key":"EssenceOfSteel"}],"is_trial":false,"path_per_floor":["M","M","?","T","M","E","R","E","T","R","$","R","M","E","R","B",null,"M","$","?","M","M","R","E","R","T","R","E"],"character_chosen":"IRONCLAD","items_purchased":["Evolve","Immolate","Ghostly Armor"],"campfire_rested":2,"item_purchase_floors":[11,11,19],"current_hp_per_floor":[68,68,33,33,39,10,32,28,28,28,28,28,34,24,46,12,59,59,59,38,43,41,41,44,44,44,44,0,0],"gold":56,"neow_bonus":"THREE_SMALL_POTIONS","is_daily":false,"chose_seed":false,"campfire_upgraded":5,"win_rate":0.0,"timestamp":1613435380,"path_taken":["M","M","?","?","?","E","R","E","T","R","$","R","?","E","R","BOSS","M","$","?","M","M","R","E","R","T","R","E"],"items_purchased_type":["Card","Card","Card"],"build_version":"2020-12-22","purchased_purges":1,"victory":false,"max_hp_per_floor":[75,75,75,75,75,75,75,75,75,75,75,75,75,75,75,75,75,75,75,75,75,75,75,75,75,75,75,75,75],"relic_stats":{"Lizard Tail":37,"counters":[13,49],"StoneCalendar":[0],"Art of War":[0],"Necronomicon":[9],"War Paint":["Defend_R","Defend_R"],"obtain_stats":[{"Anchor":4,"Lizard Tail":14,"Matryoshka":26,"StoneCalendar":24,"WingedGreaves":9,"Mark of Pain":17,"Art of War":3,"Omamori":8,"Necronomicon":20,"War Paint":6,"Burning Blood":0},{"Anchor":2,"Lizard Tail":7,"Matryoshka":12,"StoneCalendar":12,"WingedGreaves":5,"Mark of Pain":8,"Art of War":2,"Omamori":5,"Necronomicon":9,"War Paint":4,"Burning Blood":0},{"Anchor":9,"Lizard Tail":25,"Matryoshka":47,"StoneCalendar":47,"WingedGreaves":20,"Mark of Pain":36,"Art of War":9,"Omamori":20,"Necronomicon":39,"War Paint":16,"Burning Blood":0}],"Burning Blood":72},"card_choices":[{"not_picked":["Sword Boomerang","Cleave"],"picked":"Thunderclap","floor":1},{"not_picked":["Second Wind","Clash"],"picked":"Immolate","floor":2},{"not_picked":["True Grit","Havoc"],"picked":"Perfected Strike","floor":5},{"not_picked":["Bloodletting","Sword Boomerang"],"picked":"Shrug It Off","floor":6},{"not_picked":["Anger","Shrug It Off"],"picked":"True Grit","floor":8},{"not_picked":["True Grit","Sever Soul","Warcry"],"picked":"SKIP","floor":13},{"not_picked":["Sentinel","Headbutt"],"picked":"Cleave","floor":14},{"not_picked":["Exhume","Impervious"],"picked":"Offering","floor":16},{"not_picked":["Sword Boomerang","Rampage"],"picked":"Clothesline+1","floor":18},{"not_picked":["Warcry","Headbutt"],"picked":"Twin Strike","floor":21},{"not_picked":["Thunderclap","Pummel","Clash"],"picked":"SKIP","floor":22},{"not_picked":["Carnage","Berserk"],"picked":"True Grit+1","floor":24}],"player_experience":755922,"relics_obtained":[{"floor":4,"key":"Anchor"},{"floor":6,"key":"War Paint"},{"floor":8,"key":"Omamori"},{"floor":9,"key":"WingedGreaves"},{"floor":14,"key":"Lizard Tail"},{"floor":20,"key":"Necronomicon"},{"floor":24,"key":"StoneCalendar"},{"floor":26,"key":"Matryoshka"}],"event_choices":[{"damage_healed":0,"gold_gain":0,"player_choice":"Success","damage_taken":35,"relics_obtained":["Art of War"],"max_hp_gain":0,"max_hp_loss":0,"event_name":"Scrap Ooze","floor":3,"gold_loss":0},{"damage_healed":0,"gold_gain":0,"player_choice":"Obtained Book","damage_taken":21,"max_hp_gain":0,"max_hp_loss":0,"event_name":"Cursed Tome","floor":20,"gold_loss":0}],"is_beta":false,"boss_relics":[{"not_picked":["Astrolabe","Runic Dome"],"picked":"Mark of Pain"}],"items_purged_floors":[19],"is_endless":false,"potions_floor_spawned":[1,2,14,24],"killed_by":"Gremlin Leader","ascension_level":16}}