{"host":"pi8b3ffzwvxqztac","time":1613443114,"event":{"mods":["BaseMod","Colored Map","Custom Start","Downfall","Minty Spire (QoL Compilation)","StSLib"],"gold_per_floor":[114,127,142,162,9,9,37,37,64,74,149,169,169,179,179,279,279,290,324,296,211,211,254,274,274,274,298,298,313,313,335,335,449,458,469,528,750,770,167,177,204,204,213,213,245,245,265,140,140,140],"floor_reached":51,"language":"ENG","playtime":4156,"items_purged":["Strike_B","Strike_B","Parasite"],"score":1076,"play_id":"bc70455f-e884-4c36-ad9e-f72610a5fe69","local_time":"20210216153834","is_ascension_mode":true,"campfire_choices":[{"data":"Zap","floor":6.0,"key":"SMITH"},{"data":"Dualcast","floor":8.0,"key":"SMITH"},{"data":"Go for the Eyes","floor":15.0,"key":"SMITH"},{"floor":25.0,"key":"REST"},{"data":"Storm","floor":28.0,"key":"SMITH"},{"data":"White Noise","floor":30.0,"key":"SMITH"},{"floor":32.0,"key":"REST"},{"data":"Capacitor","floor":42.0,"key":"SMITH"},{"floor":44.0,"key":"REST"},{"data":"Skim","floor":46.0,"key":"SMITH"},{"data":"Defragment","floor":49.0,"key":"SMITH"}],"circlet_count":0,"master_deck":["Strike_B","Strike_B+1","Defend_B","Defend_B","Defend_B","Defend_B","Zap+1","Dualcast+1","Amplify","Sweeping Beam","Melter+1","Skim+1","Conserve Battery","Storm+1","Glacier","Go for the Eyes+1","Glacier","Echo Form","Capacitor+1","Hologram+1","Core Surge","White Noise+1","Skim+1","Conserve Battery+1","Electrodynamics","CurseOfTheBell","Force Field+1","Recycle+1","Defragment+1"],"relics":["Cracked Core","Whetstone","Oddly Smooth Stone","sneckomod:SneckoTalon","Red Mask","CeramicFish","downfall:ExtraCursedKey","Mummified Hand","Calling Bell","bronze:BronzeIdol","Sundial","TungstenRod","Unceasing Top","HandDrill","sneckomod:BlankCard","Omamori","Pantograph","Dream Catcher"],"acts_visited":["Exordium","TheCity","TheBeyond"],"potions_floor_usage":[50,50],"damage_taken":[{"damage":1.0,"enemies":"Cultist","floor":1.0,"turns":3.0},{"damage":1.0,"enemies":"Small Slimes","floor":2.0,"turns":3.0},{"damage":0.0,"enemies":"2 Louse","floor":3.0,"turns":2.0},{"damage":7.0,"enemies":"Looter","floor":4.0,"turns":3.0},{"damage":8.0,"enemies":"Gremlin Nob","floor":7.0,"turns":3.0},{"damage":0.0,"enemies":"Large Slime","floor":10.0,"turns":5.0},{"damage":15.0,"enemies":"3 Louse","floor":12.0,"turns":3.0},{"damage":5.0,"enemies":"Exordium Wildlife","floor":14.0,"turns":4.0},{"damage":0.0,"enemies":"The Guardian","floor":16.0,"turns":13.0},{"damage":0.0,"enemies":"3 Byrds","floor":18.0,"turns":6.0},{"damage":34.0,"enemies":"Masked Bandits","floor":19.0,"turns":7.0},{"damage":18.0,"enemies":"2 Thieves","floor":20.0,"turns":5.0},{"damage":19.0,"enemies":"Slavers","floor":23.0,"turns":9.0},{"damage":0.0,"enemies":"Cultist and Chosen","floor":24.0,"turns":6.0},{"damage":0.0,"enemies":"Sentry and Sphere","floor":27.0,"turns":4.0},{"damage":0.0,"enemies":"Snake Plant","floor":29.0,"turns":3.0},{"damage":0.0,"enemies":"Centurion and Healer","floor":31.0,"turns":7.0},{"damage":31.0,"enemies":"Collector","floor":33.0,"turns":9.0},{"damage":0.0,"enemies":"Orb Walker","floor":35.0,"turns":4.0},{"damage":0.0,"enemies":"Mind Bloom Boss Battle","floor":36.0,"turns":4.0},{"damage":16.0,"enemies":"3 Darklings","floor":38.0,"turns":4.0},{"damage":0.0,"enemies":"Sphere and 2 Shapes","floor":40.0,"turns":3.0},{"damage":0.0,"enemies":"Writhing Mass","floor":41.0,"turns":7.0},{"damage":2.0,"enemies":"Nemesis","floor":45.0,"turns":9.0},{"damage":3.0,"enemies":"4 Shapes","floor":47.0,"turns":3.0},{"damage":0,"enemies":"Awakened One","floor":50,"turns":17}],"seed_played":"3344848871896302773","potions_obtained":[{"floor":2.0,"key":"Strength Potion"},{"floor":3.0,"key":"SteroidPotion"},{"floor":4.0,"key":"Block Potion"},{"floor":12.0,"key":"SteroidPotion"},{"floor":20.0,"key":"FairyPotion"},{"floor":23.0,"key":"LiquidMemories"},{"floor":31.0,"key":"hexamod:SoulburnPotion"},{"floor":33.0,"key":"SteroidPotion"},{"floor":35.0,"key":"LiquidBronze"},{"floor":36.0,"key":"bronze:BurnAndBuffPotion"},{"floor":40.0,"key":"Block Potion"},{"floor":45.0,"key":"sneckomod:MuddlingPotion"}],"is_trial":false,"path_per_floor":["M","M","M","M","$","R","E","R","T","M","?","M","?","M","R","B",null,"M","?","M","?","?","E","M","R","T","M","R","M","R","M","R","B",null,"M","?","?","M","$","M","M","R","T","R","E","R","M","$","R","B",null],"character_chosen":"DEFECT","items_purchased":["Storm","HandDrill","sneckomod:BlankCard","Omamori","Block Potion"],"campfire_rested":3,"item_purchase_floors":[5,39,39,39,39],"current_hp_per_floor":[67,66,66,59,59,59,51,51,51,51,40,25,30,25,25,25,66,66,32,14,14,14,21,21,45,45,45,45,45,45,45,69,38,70,70,70,70,54,54,54,54,54,54,78,76,76,73,73,73,77],"gold":140,"neow_bonus":"ONE_RANDOM_RARE_CARD","is_daily":false,"chose_seed":false,"campfire_upgraded":8,"win_rate":0.0,"timestamp":1613443114,"path_taken":["M","?","M","M","$","R","E","R","T","M","?","M","?","M","R","BOSS","M","?","M","?","?","E","M","R","T","M","R","M","R","M","R","BOSS","M","?","?","?","$","M","M","R","T","R","E","R","?","$","R","BOSS"],"items_purchased_type":["Card","Relic","Relic","Relic","Potion"],"build_version":"2020-12-22","purchased_purges":3,"victory":true,"max_hp_per_floor":[75,75,75,75,75,75,75,75,75,75,75,75,80,80,80,80,80,80,80,80,80,80,80,80,80,80,80,80,80,80,80,80,80,80,80,80,80,80,80,80,80,80,80,80,80,80,80,77,77,77],"card_choices":[{"not_picked":["Leap","Steam"],"picked":"Sweeping Beam","floor":1.0},{"not_picked":["Leap","Lockon"],"picked":"Melter","floor":2.0},{"not_picked":["Fusion","Sweeping Beam"],"picked":"Skim","floor":3.0},{"not_picked":["Hologram","Leap"],"picked":"Conserve Battery","floor":4.0},{"not_picked":["Genetic Algorithm","Biased Cognition","Gash"],"picked":"SKIP","floor":7.0},{"not_picked":["Rebound","Chaos"],"picked":"Glacier","floor":10.0},{"not_picked":["Darkness","Steam"],"picked":"Go for the Eyes","floor":12.0},{"not_picked":["Rebound","Hologram"],"picked":"Glacier","floor":14.0},{"not_picked":["Thunder Strike","Seek"],"picked":"Echo Form","floor":16.0},{"not_picked":["Streamline","Steam+1"],"picked":"Capacitor","floor":18.0},{"not_picked":["Compile Driver","Coolheaded"],"picked":"Hologram+1","floor":19.0},{"not_picked":["Sweeping Beam","Consume","Stack"],"picked":"SKIP","floor":20.0},{"not_picked":["FTL","Stack"],"picked":"Core Surge","floor":23.0},{"not_picked":["Rebound","Gash+1"],"picked":"White Noise","floor":24.0},{"not_picked":["Compile Driver","Leap+1"],"picked":"Skim+1","floor":27.0},{"not_picked":["Cold Snap","Fusion","Melter"],"picked":"SKIP","floor":29.0},{"not_picked":["Cold Snap","Coolheaded"],"picked":"Conserve Battery+1","floor":31.0},{"not_picked":["Reboot","Multi-Cast"],"picked":"Electrodynamics","floor":33.0},{"not_picked":["Leap+1","Redo+1","Steam Power+1"],"picked":"SKIP","floor":35.0},{"not_picked":["Ball Lightning","Redo"],"picked":"Force Field+1","floor":36.0},{"not_picked":["Ball Lightning","Melter","Beam Cell"],"picked":"SKIP","floor":38.0},{"not_picked":["Turbo","Thunder Strike","Sweeping Beam+1"],"picked":"SKIP","floor":40.0},{"not_picked":["Go for the Eyes+1","Sweeping Beam"],"picked":"Recycle+1","floor":41.0},{"not_picked":["Chaos+1","Reboot","Beam Cell"],"picked":"SKIP","floor":45.0},{"not_picked":["Rip and Tear","Recycle+1"],"picked":"Defragment","floor":47.0}],"player_experience":801238,"relics_obtained":[{"floor":7.0,"key":"Whetstone"},{"floor":9.0,"key":"Oddly Smooth Stone"},{"floor":19.0,"key":"Red Mask"},{"floor":23.0,"key":"Mummified Hand"},{"floor":34.0,"key":"bronze:BronzeIdol"},{"floor":34.0,"key":"Sundial"},{"floor":34.0,"key":"TungstenRod"},{"floor":36.0,"key":"Unceasing Top"},{"floor":43.0,"key":"Pantograph"},{"floor":45.0,"key":"Dream Catcher"}],"event_choices":[{"damage_healed":0.0,"max_hp_gain":0.0,"max_hp_loss":0.0,"gold_gain":75.0,"event_name":"World of Goop","player_choice":"Gather Gold","floor":11.0,"gold_loss":0.0,"damage_taken":11.0},{"damage_healed":0.0,"max_hp_gain":5.0,"max_hp_loss":0.0,"gold_gain":0.0,"event_name":"Big Fish","player_choice":"Donut","floor":13.0,"gold_loss":0.0,"damage_taken":0.0},{"damage_healed":0.0,"max_hp_gain":0.0,"max_hp_loss":0.0,"gold_gain":0.0,"event_name":"Masked Bandits","player_choice":"Fought Bandits","floor":19.0,"gold_loss":0.0,"damage_taken":0.0},{"damage_healed":0.0,"max_hp_gain":0.0,"max_hp_loss":0.0,"gold_gain":0.0,"event_name":"Addict","player_choice":"Obtained Relic","floor":21.0,"gold_loss":85.0,"damage_taken":0.0,"relics_obtained":["CeramicFish"]},{"damage_healed":0.0,"max_hp_gain":0.0,"max_hp_loss":0.0,"gold_gain":0.0,"event_name":"MindBloom","player_choice":"Fight","floor":36.0,"gold_loss":0.0,"damage_taken":0.0},{"damage_healed":0.0,"max_hp_gain":0.0,"max_hp_loss":0.0,"gold_gain":222.0,"event_name":"Tomb of Lord Red Mask","player_choice":"Wore Mask","floor":37.0,"gold_loss":0.0,"damage_taken":0.0}],"is_beta":false,"boss_relics":[{"not_picked":["SacredBark","Astrolabe"],"picked":"sneckomod:SneckoTalon"},{"not_picked":["Busted Crown","FrozenCore"],"picked":"Calling Bell"}],"items_purged_floors":[5,39,48],"is_endless":false,"potions_floor_spawned":[2,3,4,12,20,23,31,33,35,36,40,45],"ascension_level":8}}