{"host":"qy1e0kd24tpj3i2m","time":1613510454,"event":{"mods":["Act Like it!","BaseMod","Better Skull","Better Vampires","Colored Map","Colored Powertips","Curses Come First","Custom Start","Displayed Cursed Tome","Extra Virgin Snecko Oil","Faster Ascension Climbing","Friendly Minions","GifTheSpireLib","Gremlin Skip","Highlight Path","Minty Spire (QoL Compilation)","Permanent Neow","Poor People Problems","Quick Restart","Red Circlet Mod","Relic Filter Mod","Relic Sorter","Reorder Act Four","SacredBarkPlus","Shop Mod","StSLib","SuperFastMode","Transform Curses","没有小屋子和绿帽子啦"],"gold_per_floor":[111,36,36,53,73,73,105,105,105,123,134,134,160,195,195,269,269,284,284,295,142,158,193,193,221,287,299,311,323,335,397,409,500,512,544,248,248,83,133,165,165,196,221,230,248,248,264,284,284,284,284,284,14,14,49,49],"floor_reached":57,"language":"ZHS","playtime":3824,"items_purged":["Normality","Strike_R"],"score":2908,"play_id":"b2736d9d-83ad-44c5-a856-9a418f52c50c","local_time":"20210217062054","is_ascension_mode":true,"campfire_choices":[{"data":"Whirlwind","floor":6.0,"key":"SMITH"},{"data":"Corruption","floor":12.0,"key":"SMITH"},{"data":"Sadistic Nature","floor":15.0,"key":"SMITH"},{"data":"Evolve","floor":24.0,"key":"SMITH"},{"floor":27.0,"key":"REST"},{"data":"J.A.X.","floor":30.0,"key":"SMITH"},{"data":"Dual Wield","floor":32.0,"key":"SMITH"},{"data":"Pommel Strike","floor":41.0,"key":"SMITH"},{"floor":49.0,"key":"RECALL"},{"floor":54.0,"key":"REST"}],"circlet_count":0,"master_deck":["AscendersBane","Strike_R","Strike_R","Strike_R","Defend_R","Defend_R","Defend_R","Defend_R","Sadistic Nature+1","Seeing Red","Whirlwind+1","Flex","Dual Wield+1","Corruption+1","Iron Wave","Pommel Strike+1","Demon Form+1","Evolve+1","Twin Strike+1","Seeing Red","Seeing Red","J.A.X.+1","Exhume","Dark Embrace+1","Flex","Reckless Charge","Iron Wave","Infernal Blade+1","Dark Embrace+1","Iron Wave"],"relics":["Burning Blood","Dead Branch","Regal Pillow","Orichalcum","Du-Vu Doll","Sozu","MerchantsRug","Anchor","Centennial Puzzle","Busted Crown","Frozen Egg 2","Toolbox","Ginger","Pen Nib","Red Skull"],"acts_visited":["Exordium","TheCity","TheBeyond","TheEnding"],"potions_floor_usage":[],"damage_taken":[{"damage":3.0,"enemies":"2 Louse","floor":1.0,"turns":4.0},{"damage":7.0,"enemies":"Cultist","floor":4.0,"turns":4.0},{"damage":12.0,"enemies":"Small Slimes","floor":5.0,"turns":4.0},{"damage":40.0,"enemies":"3 Sentries","floor":7.0,"turns":6.0},{"damage":8.0,"enemies":"Exordium Thugs","floor":10.0,"turns":3.0},{"damage":9.0,"enemies":"Looter","floor":11.0,"turns":3.0},{"damage":3.0,"enemies":"Lagavulin","floor":14.0,"turns":4.0},{"damage":4.0,"enemies":"The Guardian","floor":16.0,"turns":4.0},{"damage":0.0,"enemies":"Chosen","floor":18.0,"turns":2.0},{"damage":2.0,"enemies":"3 Byrds","floor":20.0,"turns":4.0},{"damage":16.0,"enemies":"Centurion and Healer","floor":22.0,"turns":4.0},{"damage":28.0,"enemies":"Slavers","floor":23.0,"turns":4.0},{"damage":24.0,"enemies":"Gremlin Leader","floor":25.0,"turns":7.0},{"damage":19.0,"enemies":"Collector","floor":33.0,"turns":4.0},{"damage":10.0,"enemies":"3 Shapes","floor":35.0,"turns":5.0},{"damage":9.0,"enemies":"2 Orb Walkers","floor":39.0,"turns":2.0},{"damage":9.0,"enemies":"Reptomancer","floor":40.0,"turns":3.0},{"damage":55.0,"enemies":"Nemesis","floor":42.0,"turns":5.0},{"damage":10.0,"enemies":"Orb Walker","floor":45.0,"turns":3.0},{"damage":11.0,"enemies":"Writhing Mass","floor":47.0,"turns":5.0},{"damage":1.0,"enemies":"3 Darklings","floor":48.0,"turns":3.0},{"damage":11.0,"enemies":"Time Eater","floor":50.0,"turns":6.0},{"damage":7.0,"enemies":"Donu and Deca","floor":51.0,"turns":5.0},{"damage":3.0,"enemies":"Shield and Spear","floor":55.0,"turns":4.0},{"damage":82,"enemies":"The Heart","floor":56,"turns":8}],"seed_played":"-1211700573807511981","potions_obtained":[{"floor":1.0,"key":"BlessingOfTheForge"},{"floor":7.0,"key":"SpeedPotion"},{"floor":10.0,"key":"Swift Potion"},{"floor":16.0,"key":"Weak Potion"}],"is_trial":false,"path_per_floor":["M","$","?","M","M","R","E","?","T","M","M","R","T","E","R","B",null,"M","?","M","$","M","E","R","E","T","R","$","?","R","?","R","B",null,"M","$","?","$","?","E","R","E","T","$","M","?","M","M","R","B","B",null,"$","R","E","B",null],"character_chosen":"IRONCLAD","items_purchased":["MerchantsRug","Frozen Egg 2","Dark Embrace+1","Toolbox","Pen Nib","Dark Embrace+1"],"campfire_rested":2,"item_purchase_floors":[21,36,36,38,53,53],"current_hp_per_floor":[71,71,71,70,64,64,30,30,40,38,35,35,35,38,38,40,74,80,80,84,84,74,52,52,34,34,74,74,74,74,74,74,61,79,75,75,75,75,72,69,69,20,20,20,16,16,11,16,16,11,10,66,66,85,85,9],"gold":49,"neow_bonus":"RANDOM_COLORLESS_2","is_daily":false,"chose_seed":false,"campfire_upgraded":7,"win_rate":0.0,"timestamp":1613510454,"path_taken":["M","$","?","M","?","R","E","?","T","?","M","R","?","E","R","BOSS","M","?","M","?","?","E","R","E","T","R","$","?","R","?","R","BOSS","M","$","?","$","?","E","R","E","T","?","?","?","?","M","R","BOSS","BOSS","$","R","E","BOSS"],"items_purchased_type":["Relic","Relic","Card","Relic","Relic","Card"],"build_version":"2020-12-22","purchased_purges":2,"victory":true,"max_hp_per_floor":[75,75,75,75,75,75,75,75,85,85,85,85,85,85,85,85,85,85,85,85,85,85,85,85,85,85,85,85,85,85,85,85,85,85,85,85,85,85,85,85,85,85,85,85,85,85,85,85,85,85,85,85,85,85,85,85],"card_choices":[{"not_picked":["Chrysalis","Secret Weapon"],"picked":"Sadistic Nature","floor":0.0},{"not_picked":["Flex","Bloodletting"],"picked":"Seeing Red","floor":1.0},{"not_picked":["Clash","Iron Wave"],"picked":"Flex","floor":4.0},{"not_picked":["Clothesline","Twin Strike"],"picked":"Dual Wield","floor":5.0},{"not_picked":["Warcry","Battle Trance"],"picked":"Corruption","floor":7.0},{"not_picked":["Armaments","True Grit"],"picked":"Iron Wave","floor":10.0},{"not_picked":["Twin Strike","Clothesline","Clash"],"picked":"SKIP","floor":11.0},{"not_picked":["Corruption","Combust"],"picked":"Pommel Strike","floor":14.0},{"not_picked":["Impervious","Exhume"],"picked":"Demon Form","floor":16.0},{"not_picked":["True Grit","Headbutt"],"picked":"Evolve","floor":18.0},{"not_picked":["Iron Wave","Flex"],"picked":"Twin Strike+1","floor":20.0},{"not_picked":["Shrug It Off","Second Wind"],"picked":"Seeing Red","floor":22.0},{"not_picked":["Anger","Headbutt","Wild Strike"],"picked":"SKIP","floor":23.0},{"not_picked":["Offering","Clash"],"picked":"Seeing Red","floor":25.0},{"not_picked":["Offering","Corruption"],"picked":"Exhume","floor":33.0},{"not_picked":["Havoc+1"],"picked":"SKIP","floor":35.0},{"not_picked":[],"picked":"Flex","floor":39.0},{"not_picked":["Clash"],"picked":"SKIP","floor":40.0},{"not_picked":[],"picked":"Reckless Charge","floor":42.0},{"not_picked":[],"picked":"Iron Wave","floor":45.0},{"not_picked":[],"picked":"Infernal Blade+1","floor":47.0},{"not_picked":["Infernal Blade"],"picked":"SKIP","floor":48.0},{"not_picked":[],"picked":"Iron Wave","floor":55.0}],"player_experience":890357,"relics_obtained":[{"floor":7.0,"key":"Dead Branch"},{"floor":8.0,"key":"Regal Pillow"},{"floor":9.0,"key":"Pear"},{"floor":13.0,"key":"Orichalcum"},{"floor":14.0,"key":"Du-Vu Doll"},{"floor":23.0,"key":"Anchor"},{"floor":25.0,"key":"MawBank"},{"floor":26.0,"key":"Centennial Puzzle"},{"floor":39.0,"key":"Pocketwatch"},{"floor":40.0,"key":"Potion Belt"},{"floor":42.0,"key":"Ginger"},{"floor":55.0,"key":"Red Skull"}],"event_choices":[{"damage_healed":0.0,"max_hp_gain":0.0,"max_hp_loss":0.0,"gold_gain":0.0,"cards_transformed":["Bash"],"event_name":"Transmorgrifier","player_choice":"Transformed","floor":3.0,"gold_loss":0.0,"damage_taken":0.0,"cards_obtained":["Whirlwind"]},{"damage_healed":0.0,"max_hp_gain":0.0,"max_hp_loss":0.0,"gold_gain":0.0,"event_name":"Wheel of Change","player_choice":"Relic","floor":8.0,"gold_loss":0.0,"damage_taken":0.0},{"damage_healed":0.0,"max_hp_gain":0.0,"max_hp_loss":0.0,"gold_gain":0.0,"event_name":"Upgrade Shrine","player_choice":"Upgraded","floor":19.0,"gold_loss":0.0,"damage_taken":0.0,"cards_upgraded":["Demon Form"]},{"damage_healed":0.0,"max_hp_gain":0.0,"max_hp_loss":0.0,"gold_gain":0.0,"event_name":"Drug Dealer","player_choice":"Obtain J.A.X.","floor":29.0,"gold_loss":0.0,"damage_taken":0.0,"cards_obtained":["J.A.X."]},{"damage_healed":0.0,"max_hp_gain":0.0,"max_hp_loss":0.0,"gold_gain":50.0,"event_name":"Nest","player_choice":"Stole From Cult","floor":31.0,"gold_loss":0.0,"damage_taken":0.0},{"cards_removed":["Strike_R"],"damage_healed":0.0,"max_hp_gain":0.0,"max_hp_loss":0.0,"gold_gain":0.0,"event_name":"Falling","player_choice":"Removed Attack","floor":37.0,"gold_loss":0.0,"damage_taken":0.0},{"damage_healed":0.0,"max_hp_gain":0.0,"max_hp_loss":0.0,"gold_gain":0.0,"event_name":"Mysterious Sphere","player_choice":"Fight","floor":39.0,"gold_loss":0.0,"damage_taken":0.0},{"damage_healed":0.0,"max_hp_gain":0.0,"max_hp_loss":0.0,"gold_gain":0.0,"event_name":"Lab","player_choice":"Got Potions","floor":46.0,"gold_loss":0.0,"damage_taken":0.0}],"is_beta":false,"boss_relics":[{"not_picked":["SlaversCollar","Black Star"],"picked":"Sozu"},{"not_picked":["Coffee Dripper","Snecko Eye"],"picked":"Busted Crown"}],"items_purged_floors":[2,53],"is_endless":false,"potions_floor_spawned":[1,7,10,14,16,20,23,33,35,39,45,55],"ascension_level":20}}