{"host":"krw8blyxua7at9ak","time":1613505789,"event":{"mods":["BaseMod","Highlight Path","Minty Spire (QoL Compilation)","ojb\u0027s Info Mod"],"gold_per_floor":[117,117,117,132,132,132,161,161,161,161,179,208,225,258,258,334,334,348,348,348,360,360,385,385,413,468,22,39,71,71,85,85,85,85],"floor_reached":33,"language":"ENG","playtime":1230,"items_purged":[],"score":692,"play_id":"d851af57-36b5-4aaa-8a58-76375d06bf26","local_time":"20210216210309","is_ascension_mode":true,"campfire_choices":[{"data":"Leg Sweep","floor":6,"key":"SMITH"},{"data":"Tools of the Trade","floor":15,"key":"SMITH"},{"floor":24,"key":"REST"},{"floor":30,"key":"REST"},{"data":"Adrenaline","floor":32,"key":"SMITH"}],"circlet_count":0,"master_deck":["AscendersBane","Strike_G+1","Strike_G+1","Strike_G+1","Defend_G+1","Defend_G+1","Defend_G+1","Defend_G+1","Defend_G+1","Survivor+1","Neutralize","Masterful Stab","Leg Sweep+1","Riddle With Holes","Predator+1","Sucker Punch+1","Tools of the Trade+1","Eviscerate+1","Poisoned Stab+1","Unload+1","Underhanded Strike+1","RitualDagger+1","Dagger Throw+1","Reflex","Prepared","Adrenaline+1","Dash+1","Slice+1"],"relics":["Ring of the Snake","NeowsBlessing","Orichalcum","Molten Egg 2","Tough Bandages","Lantern","Sundial","Black Star","Bronze Scales","War Paint","Oddly Smooth Stone","Regal Pillow","Blood Vial","White Beast Statue","Frozen Eye","The Courier","Dream Catcher"],"acts_visited":["Exordium","TheCity"],"potions_floor_usage":[12,13,16,29,29,33,33],"damage_taken":[{"damage":0,"enemies":"Small Slimes","floor":1,"turns":1},{"damage":0,"enemies":"Cultist","floor":4,"turns":1},{"damage":0,"enemies":"Lagavulin","floor":7,"turns":1},{"damage":0,"enemies":"Jaw Worm","floor":11,"turns":3},{"damage":14,"enemies":"3 Sentries","floor":12,"turns":8},{"damage":0,"enemies":"Exordium Thugs","floor":13,"turns":4},{"damage":3,"enemies":"Lagavulin","floor":14,"turns":6},{"damage":7,"enemies":"Slime Boss","floor":16,"turns":10},{"damage":0,"enemies":"Spheric Guardian","floor":18,"turns":3},{"damage":0,"enemies":"Chosen","floor":21,"turns":3},{"damage":28,"enemies":"Slavers","floor":23,"turns":8},{"damage":13,"enemies":"Book of Stabbing","floor":25,"turns":4},{"damage":15,"enemies":"Snake Plant","floor":28,"turns":2},{"damage":6,"enemies":"Gremlin Leader","floor":29,"turns":4},{"damage":0,"enemies":"Sentry and Sphere","floor":31,"turns":3},{"damage":46,"enemies":"Collector","floor":33,"turns":6}],"seed_played":"-1685903254148650711","potions_obtained":[{"floor":1,"key":"ColorlessPotion"},{"floor":4,"key":"Fire Potion"},{"floor":12,"key":"DuplicationPotion"},{"floor":25,"key":"CunningPotion"},{"floor":28,"key":"LiquidMemories"},{"floor":29,"key":"SteroidPotion"},{"floor":31,"key":"ColorlessPotion"}],"is_trial":false,"path_per_floor":["M","?","$","M","?","R","E","$","T","?","M","E","M","E","R","B",null,"M","?","?","M","?","E","R","E","T","$","M","E","R","M","R","B"],"character_chosen":"THE_SILENT","items_purchased":["White Beast Statue","Frozen Eye"],"campfire_rested":2,"item_purchase_floors":[27,27],"current_hp_per_floor":[59,59,59,59,41,41,41,41,41,34,34,20,20,17,17,10,52,52,52,46,46,46,18,37,24,24,24,11,7,41,43,43,0,0],"gold":85,"neow_bonus":"THREE_ENEMY_KILL","is_daily":false,"chose_seed":false,"campfire_upgraded":3,"win_rate":0.0,"timestamp":1613505789,"path_taken":["M","?","$","?","?","R","E","$","T","?","?","E","M","E","R","BOSS","M","?","?","M","?","E","R","E","T","$","M","E","R","M","R","BOSS"],"items_purchased_type":["Relic","Relic"],"build_version":"2020-12-22","purchased_purges":0,"victory":false,"max_hp_per_floor":[66,66,66,66,66,66,66,66,66,66,66,66,66,66,66,66,66,66,66,66,66,66,66,66,66,66,66,66,66,66,66,66,66,66],"card_choices":[{"not_picked":["Slice","Bane"],"picked":"Masterful Stab","floor":1},{"not_picked":["Acrobatics","Backflip"],"picked":"Riddle With Holes","floor":4},{"not_picked":["Caltrops","Slice+1"],"picked":"Predator+1","floor":7},{"not_picked":["Caltrops","Infinite Blades"],"picked":"Sucker Punch+1","floor":11},{"not_picked":["After Image","Eviscerate+1"],"picked":"Tools of the Trade","floor":12},{"not_picked":["Flying Knee+1","Outmaneuver"],"picked":"Eviscerate+1","floor":13},{"not_picked":["Burst","Concentrate"],"picked":"Poisoned Stab+1","floor":14},{"not_picked":["Envenom","A Thousand Cuts"],"picked":"Unload+1","floor":16},{"not_picked":["Bouncing Flask+1","Infinite Blades","Escape Plan"],"picked":"SKIP","floor":18},{"not_picked":["All Out Attack+1","Prepared"],"picked":"Dagger Throw+1","floor":21},{"not_picked":["PiercingWail","Dodge and Roll"],"picked":"Reflex","floor":23},{"not_picked":["Well Laid Plans","Backflip"],"picked":"Prepared","floor":25},{"not_picked":["Quick Slash+1","Cloak And Dagger","Distraction+1"],"picked":"SKIP","floor":28},{"not_picked":["Caltrops","Outmaneuver"],"picked":"Adrenaline","floor":29},{"not_picked":["Dagger Spray+1","Predator+1"],"picked":"Dash+1","floor":30},{"not_picked":["Accuracy","Quick Slash+1"],"picked":"Slice+1","floor":31}],"player_experience":418384,"relics_obtained":[{"floor":7,"key":"Molten Egg 2"},{"floor":9,"key":"Tough Bandages"},{"floor":12,"key":"Lantern"},{"floor":14,"key":"Sundial"},{"floor":23,"key":"Bronze Scales"},{"floor":23,"key":"War Paint"},{"floor":25,"key":"Oddly Smooth Stone"},{"floor":25,"key":"Regal Pillow"},{"floor":26,"key":"Blood Vial"},{"floor":29,"key":"The Courier"},{"floor":29,"key":"Dream Catcher"}],"event_choices":[{"damage_healed":0,"gold_gain":0,"cards_transformed":["Strike_G"],"player_choice":"Transformed","damage_taken":0,"max_hp_gain":0,"max_hp_loss":0,"event_name":"Transmorgrifier","floor":2,"gold_loss":0,"cards_obtained":["Leg Sweep"]},{"damage_healed":0,"gold_gain":0,"player_choice":"Success","damage_taken":18,"relics_obtained":["Orichalcum"],"max_hp_gain":0,"max_hp_loss":0,"event_name":"Scrap Ooze","floor":5,"gold_loss":0},{"cards_removed":["Strike_G"],"damage_healed":0,"gold_gain":0,"player_choice":"Card Removal","damage_taken":7,"max_hp_gain":0,"max_hp_loss":0,"event_name":"Golden Wing","floor":10,"gold_loss":0},{"damage_healed":0,"gold_gain":0,"player_choice":"Read","damage_taken":0,"max_hp_gain":0,"max_hp_loss":0,"event_name":"The Library","floor":19,"gold_loss":0,"cards_obtained":["Underhanded Strike"]},{"damage_healed":0,"gold_gain":0,"player_choice":"Joined the Cult","damage_taken":6,"max_hp_gain":0,"max_hp_loss":0,"event_name":"Nest","floor":20,"gold_loss":0,"cards_obtained":["RitualDagger"]},{"damage_healed":0,"gold_gain":0,"player_choice":"Simplicity","damage_taken":0,"max_hp_gain":0,"max_hp_loss":0,"event_name":"Back to Basics","floor":22,"gold_loss":0,"cards_upgraded":["Strike_G","Strike_G","Strike_G","Defend_G","Defend_G","Defend_G","Defend_G","Defend_G"]}],"is_beta":false,"boss_relics":[{"not_picked":["Astrolabe","Empty Cage"],"picked":"Black Star"}],"items_purged_floors":[],"is_endless":false,"potions_floor_spawned":[1,4,12,25,28,29,31],"killed_by":"Collector","ascension_level":20}}