{"host":"t9zjxed0utvsfjwc","time":1613460205,"event":{"mods":["2.2 Compatiblity","Act Like it!","Aspiration","BaseMod","Better Altar","Better Match","Better Note","Better Sensory Stone","Better Skull","Better Third Choice","Block Reminder","Colored Map","Colored Powertips","Conspire","Defuse TimeMaze Blight","Energized Spire","GifTheSpireLib","Hermit","Highlight Path","Hubris","Infinite Spire","Marked Mod","Minty Spire (QoL Compilation)","Quick Restart","Rare Cards Sparkle","Relic Sorter","Relic Stats","Reliquary","Replay The Spire","Ruina","StSLib","Stuff the Spire","The Blue Laboratory","The Jungle","The Marked","Unceasing Turn Reminder","Wandering Minibosses","everything is the same but u backflip on backflip"],"gold_per_floor":[111,111,111,129,129,162,162,181,181,106,106,106,125,150,150,150,150],"floor_reached":16,"language":"ENG","playtime":589,"items_purged":["Strike_R"],"score":138,"play_id":"544991ed-9e07-40ef-a6b6-669ff8ee99b4","local_time":"20210216072325","is_ascension_mode":true,"campfire_choices":[{"data":"Feed","floor":7,"key":"SMITH"},{"data":"StuffTheSpire:Ambrosia","floor":12,"key":"SMITH"},{"floor":15,"key":"REST"}],"circlet_count":0,"master_deck":["Strike_R","Strike_R","Strike_R","Strike_R","Defend_R","Defend_R","Defend_R","Defend_R","Bash","Uppercut","Feed+1","Iron Wave","Clothesline","StuffTheSpire:Ambrosia+1"],"relics":["conspire:SpecialSausage","infinitespire:Cubic Diamond","conspire:GiftBox","Blood Vial","Iron Hammer","Matryoshka"],"acts_visited":["Exordium"],"potions_floor_usage":[16,16],"damage_taken":[{"damage":2,"enemies":"2 Louse","floor":1,"turns":2},{"damage":1,"enemies":"conspire:RoseBush","floor":4,"turns":2},{"damage":39,"enemies":"3 Sentries","floor":6,"turns":8},{"damage":12,"enemies":"infinitespire:Voidling","floor":8,"turns":5},{"damage":17,"enemies":"Looter","floor":13,"turns":4},{"damage":15,"enemies":"Replay:BlueRogue","floor":14,"turns":4},{"damage":65,"enemies":"Slime Boss","floor":16,"turns":10}],"seed_played":"-2191352672745086902","potions_obtained":[{"floor":13,"key":"blueLaboratory:Moonshine"},{"floor":14,"key":"blueLaboratory:BottleOfVodka"}],"is_trial":false,"path_per_floor":["M","?","?","M","?","E","R","M","T","$","?","R","M","E","R","B"],"character_chosen":"IRONCLAD","items_purchased":[],"campfire_rested":1,"item_purchase_floors":[],"current_hp_per_floor":[78,78,78,77,77,41,41,44,44,44,44,44,35,28,57,0,0],"gold":150,"neow_bonus":"BOSS_RELIC","is_daily":false,"chose_seed":false,"campfire_upgraded":2,"win_rate":0.0,"timestamp":1613460205,"path_taken":["M","?","?","?","?","E","R","M","T","?","?","R","M","E","R","BOSS"],"items_purchased_type":[],"build_version":"2020-12-22","purchased_purges":1,"victory":false,"max_hp_per_floor":[80,80,80,80,80,83,83,87,87,87,87,87,93,99,99,105,105],"relic_stats":{"Blood Vial":8,"counters":[7,35],"obtain_stats":[{"Blood Vial":6,"conspire:GiftBox":5,"Matryoshka":14,"conspire:SpecialSausage":0,"infinitespire:Cubic Diamond":2,"Iron Hammer":9,"Burning Blood":0,"Replay:Rubber Ducky":3},{"Blood Vial":3,"conspire:GiftBox":2,"Matryoshka":6,"conspire:SpecialSausage":0,"infinitespire:Cubic Diamond":1,"Iron Hammer":4,"Burning Blood":0,"Replay:Rubber Ducky":1},{"Blood Vial":12,"conspire:GiftBox":4,"Matryoshka":25,"conspire:SpecialSausage":0,"infinitespire:Cubic Diamond":2,"Iron Hammer":17,"Burning Blood":0,"Replay:Rubber Ducky":2}]},"card_choices":[{"not_picked":["True Grit","Sever Soul"],"picked":"Uppercut","floor":1},{"not_picked":["Wild Strike","Armaments","Headbutt"],"picked":"SKIP","floor":4},{"not_picked":["Bludgeon","Juggernaut"],"picked":"Feed","floor":5},{"not_picked":["Berserk","Burning Pact"],"picked":"Iron Wave","floor":6},{"not_picked":["hubris:ReadiedAction","Twin Strike"],"picked":"Clothesline","floor":8},{"not_picked":["StuffTheSpire:Harmony","StuffTheSpire:Perfection"],"picked":"StuffTheSpire:Ambrosia","floor":11},{"not_picked":["StuffTheSpire:Slingshot","StuffTheSpire:TitanForm","hubris:ReadiedAction"],"picked":"SKIP","floor":13},{"not_picked":["Wild Strike","Body Slam","StuffTheSpire:Pyroclast"],"picked":"SKIP","floor":14}],"player_experience":474776,"relics_obtained":[{"floor":3,"key":"Replay:Rubber Ducky"},{"floor":5,"key":"conspire:GiftBox"},{"floor":6,"key":"Blood Vial"},{"floor":9,"key":"Iron Hammer"},{"floor":14,"key":"Matryoshka"}],"event_choices":[{"damage_healed":0,"gold_gain":0,"player_choice":"Relic","damage_taken":0,"max_hp_gain":0,"max_hp_loss":0,"event_name":"Wheel of Change","floor":3,"gold_loss":0}],"is_beta":false,"boss_relics":[],"items_purged_floors":[10],"is_endless":false,"potions_floor_spawned":[13,14],"killed_by":"Slime Boss","ascension_level":1}}