{"host":"0k7350af1t8odskw","time":1613494193,"event":{"mods":["AchievementEnabler","BaseMod","Better Vampires","BetterRewards","Colored Map","Downfall","Highlight Path","Hubris","Jorbs\u0027s Wanderer Trilogy","Lobotomy","Marisa£®ÏF”Í°°ƒß¿Ì…≥£©","Minty Spire (QoL Compilation)","Quick Restart","Replay The Spire","Shop Mod","StSLib","The Administrix","The Cursed","The Death Knight","The Runesmith","Youmu£®ªÍ∆«—˝√Œ£©"],"gold_per_floor":[109,56,56,156,211,211,211,221,247,247,247,247,257,257,257,257,257],"floor_reached":16,"language":"ZHS","playtime":594,"items_purged":[],"score":101,"play_id":"5ce6a85a-9cab-4335-bc3b-3de356810f4d","local_time":"20210216084953","is_ascension_mode":true,"campfire_choices":[{"data":"Poisoned Stab","floor":6,"key":"SMITH"},{"data":"Dagger Throw","floor":7,"key":"SMITH"},{"data":"ReplayTheSpireMod:Necrosis","floor":10,"key":"SMITH"},{"data":"Strike_G","floor":12,"key":"SMITH"},{"data":"Deadly Poison","floor":15,"key":"SMITH"}],"circlet_count":0,"master_deck":["Strike_G+1","Strike_G","Strike_G","Strike_G","Strike_G","Defend_G","Defend_G","Defend_G","Defend_G","Defend_G","Survivor","Neutralize","Cloak And Dagger","Poisoned Stab+1","Amnesia","CurseOfTheBell","CurseOfTheBell","Delirium","Dagger Throw+1","ReplayTheSpireMod:Necrosis+1","Bane","Deadly Poison+1"],"relics":["Ring of the Snake","Snake Skull","ReplayTheSpireMod:Ring of Challenge","ReplayTheSpireMod:Ring of Addiction","Toy Ornithopter","SacredBark","downfall:ExtraCursedBell","Runesmith:AutoHammer","hubris:SphereOfDissonance","WingedGreaves","Nunchaku"],"acts_visited":["Exordium"],"potions_floor_usage":[],"damage_taken":[{"damage":0,"enemies":"Cultist","floor":1,"turns":3},{"damage":7,"enemies":"2 Louse","floor":5,"turns":4},{"damage":0,"enemies":"Jaw Worm","floor":8,"turns":2},{"damage":0,"enemies":"Large Slime","floor":13,"turns":5},{"damage":40,"enemies":"Slime Boss","floor":16,"turns":7}],"seed_played":"5532946727537610363","potions_obtained":[{"floor":3,"key":"Weak Potion"},{"floor":3,"key":"Fire Potion"},{"floor":3,"key":"Dexterity Potion"}],"is_trial":false,"path_per_floor":["M","$","?","?","M","R","R","M","T","R","$","R","M","?","R","B"],"character_chosen":"THE_SILENT","items_purchased":["Snake Skull","Poisoned Stab"],"campfire_rested":0,"item_purchase_floors":[0,2],"current_hp_per_floor":[51,51,51,51,44,44,44,44,44,44,44,44,44,44,44,4,4],"gold":257,"neow_bonus":"","is_daily":false,"chose_seed":false,"campfire_upgraded":5,"win_rate":0.0,"timestamp":1613494193,"path_taken":["M","?","?","?","?","R","R","M","T","R","$","R","M","?","R","BOSS"],"items_purchased_type":["Relic","Card"],"build_version":"2020-12-22","purchased_purges":0,"victory":false,"max_hp_per_floor":[70,70,70,70,70,70,68,68,68,66,66,66,64,64,64,62,62],"card_choices":[{"not_picked":["Heel Hook","Tactician"],"picked":"Cloak And Dagger","floor":1},{"not_picked":["Footwork","Blade Dance"],"picked":"Dagger Throw","floor":5},{"not_picked":["Heel Hook","Dash"],"picked":"ReplayTheSpireMod:Necrosis","floor":8},{"not_picked":["hubris:SlightOfHand","Expertise"],"picked":"Bane","floor":13}],"player_experience":162011,"relics_obtained":[{"floor":3,"key":"ReplayTheSpireMod:Ring of Challenge"},{"floor":3,"key":"ReplayTheSpireMod:Ring of Addiction"},{"floor":3,"key":"Toy Ornithopter"},{"floor":3,"key":"SacredBark"},{"floor":4,"key":"Runesmith:AutoHammer"},{"floor":4,"key":"hubris:SphereOfDissonance"},{"floor":4,"key":"WingedGreaves"},{"floor":9,"key":"Nunchaku"}],"event_choices":[],"is_beta":false,"boss_relics":[],"items_purged_floors":[],"is_endless":false,"potions_floor_spawned":[13],"killed_by":"Slime Boss","ascension_level":3}}