{"host":"cd7awanv0x2msn9z","time":1613496987,"event":{"mods":["BaseMod","Downfall","Minty Spire (QoL Compilation)","Replay The Spire","StSLib","SuperFastMode"],"gold_per_floor":[109,120,120,295,370,402,402,419,419,432,56,56,23,42,42,42,42],"floor_reached":16,"language":"ZHS","playtime":3249,"items_purged":["Doubt"],"score":125,"play_id":"19936cb0-1cf0-4842-a623-1e3debf9780b","local_time":"20210217013627","is_ascension_mode":false,"campfire_choices":[{"data":"Turbo","floor":7,"key":"SMITH"},{"data":"Dualcast","floor":15,"key":"SMITH"}],"circlet_count":0,"master_deck":["Strike_B","Strike_B","Strike_B","Strike_B","Defend_B","Defend_B","Defend_B","Defend_B","Zap","Dualcast+1","Turbo+1","Skim+1","Hologram+1","BasicCrystalCard+1","Turbo+1"],"relics":["Cracked Core","NeowsBlessing","Ornamental Fan","Toxic Egg 2","Ice Cream"],"acts_visited":["Exordium"],"potions_floor_usage":[],"damage_taken":[{"damage":0,"enemies":"2 Louse","floor":1,"turns":1},{"damage":0,"enemies":"Small Slimes","floor":2,"turns":1},{"damage":0,"enemies":"Lagavulin","floor":6,"turns":1},{"damage":17,"enemies":"Jaw Worm","floor":8,"turns":4},{"damage":18,"enemies":"Red Slaver","floor":10,"turns":4},{"damage":5,"enemies":"3 Louse","floor":14,"turns":2},{"damage":45,"enemies":"Fading Forest","floor":16,"turns":7}],"seed_played":"2057857267793909138","potions_obtained":[{"floor":6,"key":"Regen Potion"},{"floor":10,"key":"SpeedPotion"},{"floor":14,"key":"Block Potion"}],"is_trial":false,"path_per_floor":["M","M","$","?","?","E","R","M","T","M","$","?","$","M","R","B"],"character_chosen":"DEFECT","items_purchased":["Ice Cream","BasicCrystalCard+1"],"campfire_rested":0,"item_purchase_floors":[11,13],"current_hp_per_floor":[75,75,75,75,64,64,64,47,47,29,29,29,29,24,24,0,0],"gold":42,"neow_bonus":"THREE_ENEMY_KILL","is_daily":false,"chose_seed":false,"campfire_upgraded":2,"win_rate":0.0,"timestamp":1613496987,"path_taken":["M","M","$","?","?","E","R","M","T","M","$","?","$","M","R","BOSS"],"items_purchased_type":["Relic","Card"],"build_version":"2020-12-22","purchased_purges":1,"victory":false,"max_hp_per_floor":[75,75,75,75,75,75,75,75,75,75,75,75,75,75,75,75,75],"card_choices":[{"not_picked":["Sweeping Beam","Beam Cell"],"picked":"Turbo","floor":1},{"not_picked":["Cold Snap","Conserve Battery","Steam"],"picked":"SKIP","floor":2},{"not_picked":["Self Repair","Hologram"],"picked":"Skim","floor":6},{"not_picked":["Redo","Static Discharge","Lockon"],"picked":"SKIP","floor":8},{"not_picked":["Sunder","Capacitor"],"picked":"Hologram+1","floor":10},{"not_picked":["Sweeping Beam","Doom and Gloom"],"picked":"Turbo+1","floor":14}],"player_experience":61696,"relics_obtained":[{"floor":6,"key":"Ornamental Fan"},{"floor":9,"key":"Toxic Egg 2"}],"event_choices":[{"damage_healed":0,"gold_gain":175,"player_choice":"AGREE","damage_taken":0,"max_hp_gain":0,"max_hp_loss":0,"event_name":"Liars Game","floor":4,"gold_loss":0,"cards_obtained":["Doubt"]},{"damage_healed":0,"gold_gain":75,"player_choice":"Gather Gold","damage_taken":11,"max_hp_gain":0,"max_hp_loss":0,"event_name":"World of Goop","floor":5,"gold_loss":0},{"damage_healed":0,"gold_gain":0,"player_choice":"Grow","damage_taken":0,"max_hp_gain":0,"max_hp_loss":0,"event_name":"Living Wall","floor":12,"gold_loss":0,"cards_upgraded":["Skim"]}],"is_beta":false,"boss_relics":[],"items_purged_floors":[11],"is_endless":false,"potions_floor_spawned":[6,10,14],"killed_by":"Fading Forest","ascension_level":0}}