{"host":"cd25ms2o8pjhjp7m","time":1613482894,"event":{"mods":["Aspiration","BaseMod","Bestiary","Better Third Choice","BetterRewards","Conspire","Curses Come First","Friendly Minions","GifTheSpireLib","Hubris","Infinite Spire","Minty Spire (QoL Compilation)","Rare Cards Sparkle","Relic Stats","Reliquary","Replay The Spire","Robot Space Explorer","StSLib","The Poker Player","The Runesmith","Uncapped","[IsaacMod]????","??????REMEMod"],"gold_per_floor":[118,136,136,136,152,185,185,201,201,53,87,52,66,86,86,187,187,204,220,320,320,331,331,342,342,342,358,368,383,134,134,134,236,236,250,250,125,125,143,143,160,160,235,267,267,267,281,313,313,313,313,313,21,21,21],"floor_reached":54,"language":"DEU","playtime":2520,"items_purged":["RobotSpaceExplorer:Strike","RobotSpaceExplorer:Strike","RobotSpaceExplorer:Strike+1","RobotSpaceExplorer:PowerGlove","RobotSpaceExplorer:MiniLasers"],"score":1109,"play_id":"403203fb-c4dd-4ef9-ae27-cb830074b321","local_time":"20210216144134","is_ascension_mode":false,"campfire_choices":[{"data":"Mayhem","floor":7,"key":"SMITH"},{"floor":15,"key":"REST"},{"data":"Madness","floor":23,"key":"SMITH"},{"data":"RobotSpaceExplorer:Autoloader","floor":25,"key":"SMITH"},{"data":"RobotSpaceExplorer:TrailblazerForm","floor":32,"key":"SMITH"},{"data":"RobotSpaceExplorer:TrailblazerForm","floor":40,"key":"SMITH"},{"data":"RobotSpaceExplorer:ChargingLaser","floor":46,"key":"SMITH"},{"floor":49,"key":"RECALL"},{"data":"RobotSpaceExplorer:StarDust","floor":52,"key":"SMITH"}],"circlet_count":0,"master_deck":["RobotSpaceExplorer:Defend+1","RobotSpaceExplorer:Defend+1","RobotSpaceExplorer:Defend+1","RobotSpaceExplorer:Scan","EpicFetus+1","Mayhem+1","Madness+1","RobotSpaceExplorer:DroneSwarm+1","RobotSpaceExplorer:Pulsar","RobotSpaceExplorer:StarDust+1","RobotSpaceExplorer:Autoloader+1","RobotSpaceExplorer:Pulsar","RobotSpaceExplorer:ChargingLaser+1","RobotSpaceExplorer:DoubleBlock+1","RobotSpaceExplorer:StarDust+1","RobotSpaceExplorer:TrailblazerForm+1","RobotSpaceExplorer:GearShield","RobotSpaceExplorer:TrailblazerForm+1","RobotSpaceExplorer:Comet","RobotSpaceExplorer:Multitool","infinitespire:UltimateForm"],"relics":["RobotSpaceExplorer:RoboCore","REME_ComplimentaryCards","HushsDoor","BloodDonationMachine","GuppysHead","hubris:MysteriousPyramids","Omamori","betterThird:SlimedRelic","aspiration:SecretTechniqueScroll","GuppysHairball","JudasShadow","Guide Book","reliquary:RedPaperclip","GuppysTail","conspire:TreasureMap","reliquary:ThirdArm","infinitespire:Eraser","ReplayTheSpireMod:Lightbulb","hubris:Towel","Chameleon Ring","hubris:MedicalManual"],"acts_visited":["Exordium","TheCity","TheBeyond","TheEnding"],"potions_floor_usage":[18,27,33,47,50],"damage_taken":[{"damage":0,"enemies":"Cultist","floor":1,"turns":3},{"damage":4,"enemies":"conspire:RoseBush","floor":2,"turns":3},{"damage":0,"enemies":"Small Slimes","floor":5,"turns":4},{"damage":11,"enemies":"Gremlin Nob","floor":6,"turns":5},{"damage":33,"enemies":"Gremlin Gang","floor":8,"turns":4},{"damage":7,"enemies":"3 Sentries","floor":11,"turns":8},{"damage":0,"enemies":"Red Slaver","floor":13,"turns":4},{"damage":0,"enemies":"Looter","floor":14,"turns":3},{"damage":0,"enemies":"Fading Forest","floor":16,"turns":11},{"damage":0,"enemies":"Chosen","floor":18,"turns":4},{"damage":0,"enemies":"3 Byrds","floor":19,"turns":5},{"damage":0,"enemies":"Centurion and Healer","floor":22,"turns":8},{"damage":0,"enemies":"conspire:HollyBat","floor":24,"turns":6},{"damage":0,"enemies":"Snecko","floor":27,"turns":4},{"damage":0,"enemies":"Snake Plant","floor":28,"turns":6},{"damage":0,"enemies":"Shelled Parasite and Fungi","floor":29,"turns":7},{"damage":0,"enemies":"Collector","floor":33,"turns":10},{"damage":0,"enemies":"3 Darklings","floor":35,"turns":5},{"damage":0,"enemies":"3 Shapes","floor":39,"turns":3},{"damage":0,"enemies":"Writhing Mass","floor":41,"turns":5},{"damage":0,"enemies":"Giant Head","floor":44,"turns":7},{"damage":0,"enemies":"Jaw Worm Horde","floor":47,"turns":5},{"damage":32,"enemies":"Reptomancer","floor":48,"turns":6},{"damage":0,"enemies":"hubris:GrandSnecko","floor":50,"turns":5},{"damage":5,"enemies":"Shield and Spear","floor":54,"turns":2}],"seed_played":"7134767956103513349","potions_obtained":[{"floor":1,"key":"EssenceOfSteel"},{"floor":6,"key":"BlessingOfTheForge"},{"floor":13,"key":"SteroidPotion"},{"floor":14,"key":"Swift Potion"},{"floor":22,"key":"Block Potion"},{"floor":28,"key":"Strength Potion"},{"floor":41,"key":"Adrenaline Potion"},{"floor":48,"key":"Ancient Potion"}],"is_trial":false,"path_per_floor":["M","M","?","$","M","E","R","M","T","$","E","?","M","M","R","B",null,"M","M","?","?","M","R","M","R","T","M","M","M","$","?","R","B",null,"M","?","$","$","M","R","M","AVR","T","E","?","R","M","E","R","B",null,"R","$","E"],"character_chosen":"RobotSpaceExplorer","items_purchased":["Mayhem","BookOfRevelations","Madness","RobotSpaceExplorer:StarDust","GuppysHairball","JudasShadow","Guide Book","GuppysTail","RobotSpaceExplorer:Comet","hubris:MedicalManual"],"campfire_rested":1,"item_purchase_floors":[0,0,0,10,17,17,30,34,34,53],"current_hp_per_floor":[75,71,76,76,76,65,65,32,32,32,25,14,14,14,38,48,52,52,52,52,52,52,52,52,52,52,52,52,52,52,52,52,52,31,31,31,31,31,31,31,31,31,31,31,31,31,31,1,1,1,1,1,1,0,0],"gold":21,"neow_bonus":"","is_daily":false,"chose_seed":false,"campfire_upgraded":7,"win_rate":0.0,"timestamp":1613482894,"path_taken":["M","?","?","$","M","E","R","?","T","?","E","?","M","?","R","BOSS","M","M","?","?","M","R","M","R","T","M","M","M","$","?","R","BOSS","M","?","?","$","M","R","M","AVR","T","E","?","R","M","E","R","BOSS","R","$","E"],"items_purchased_type":["Card","Relic","Card","Card","Relic","Relic","Relic","Relic","Card","Relic"],"build_version":"2020-12-22","purchased_purges":5,"victory":false,"max_hp_per_floor":[75,75,80,80,80,80,80,80,80,80,80,80,80,80,80,80,52,52,52,52,52,52,52,52,52,52,52,52,52,52,52,52,52,31,31,31,31,31,31,31,31,31,31,31,31,31,31,1,1,1,1,1,1,1,1],"relic_stats":{"counters":[56,291],"obtain_stats":[{"Ice Cream":13,"GuppysTail":0,"conspire:SpecialSausage":17,"Mango":39,"TheBattery":41,"hubris:MysteriousPyramids":9,"reliquary:ThirdArm":42,"aspiration:RitualStick":24,"Old Coin":12,"HornCleat":16,"Chameleon Ring":48,"PillsDrop":9,"Honey Jar":34,"Kunai":31,"infinitespire:Eraser":43,"KeepersGift":0,"DoctorsRemote":6,"Runesmith:Nanobots":42,"conspire:TreasureMap":42,"hubris:DuctTape":24,"JudasShadow":17,"Guide Book":30,"BookOfRevelations":48,"RobotSpaceExplorer:RoboCore":0,"infinitespire:Joker Card":45,"hubris:MedicalManual":53,"Omamori":11,"aspiration:SecretTechniqueScroll":41,"hubris:Towel":27,"Replay:Arrowhead":24,"Peace Pipe":37,"reliquary:RedPaperclip":34,"Shuriken":43,"ForgetMeNow":6,"aspiration:RunesmithSkillbook":31,"betterThird:SlimedRelic":12,"hubris:PeanutButter":26,"GuppysHead":1,"GuppysHairball":17,"REME_PuzzleBoxRelic":54,"HushsDoor":0,"ReplayTheSpireMod:Lightbulb":44,"REME_ComplimentaryCards":0,"ReplayTheSpireMod:ShopPack":24,"BloodDonationMachine":0},{"Ice Cream":7,"GuppysTail":0,"conspire:SpecialSausage":9,"Mango":25,"TheBattery":25,"hubris:MysteriousPyramids":36,"reliquary:ThirdArm":51,"aspiration:RitualStick":19,"Old Coin":7,"HornCleat":9,"Chameleon Ring":54,"PillsDrop":5,"Honey Jar":22,"Kunai":21,"infinitespire:Eraser":51,"KeepersGift":0,"DoctorsRemote":35,"Runesmith:Nanobots":26,"conspire:TreasureMap":51,"hubris:DuctTape":12,"JudasShadow":40,"Guide Book":47,"BookOfRevelations":28,"RobotSpaceExplorer:RoboCore":0,"infinitespire:Joker Card":27,"hubris:MedicalManual":55,"Omamori":37,"aspiration:SecretTechniqueScroll":25,"hubris:Towel":20,"Replay:Arrowhead":12,"Peace Pipe":25,"reliquary:RedPaperclip":48,"Shuriken":26,"ForgetMeNow":3,"aspiration:RunesmithSkillbook":21,"betterThird:SlimedRelic":37,"hubris:PeanutButter":20,"GuppysHead":32,"GuppysHairball":40,"REME_PuzzleBoxRelic":30,"HushsDoor":0,"ReplayTheSpireMod:Lightbulb":52,"REME_ComplimentaryCards":0,"ReplayTheSpireMod:ShopPack":12,"BloodDonationMachine":31},{"Ice Cream":29,"GuppysTail":0,"conspire:SpecialSausage":46,"Mango":128,"TheBattery":128,"hubris:MysteriousPyramids":177,"reliquary:ThirdArm":266,"aspiration:RitualStick":98,"Old Coin":29,"HornCleat":46,"Chameleon Ring":284,"PillsDrop":18,"Honey Jar":114,"Kunai":108,"infinitespire:Eraser":266,"KeepersGift":0,"DoctorsRemote":173,"Runesmith:Nanobots":134,"conspire:TreasureMap":266,"hubris:DuctTape":67,"JudasShadow":203,"Guide Book":243,"BookOfRevelations":142,"RobotSpaceExplorer:RoboCore":0,"infinitespire:Joker Card":139,"hubris:MedicalManual":289,"Omamori":185,"aspiration:SecretTechniqueScroll":128,"hubris:Towel":103,"Replay:Arrowhead":67,"Peace Pipe":128,"reliquary:RedPaperclip":253,"Shuriken":134,"ForgetMeNow":9,"aspiration:RunesmithSkillbook":108,"betterThird:SlimedRelic":185,"hubris:PeanutButter":103,"GuppysHead":159,"GuppysHairball":203,"REME_PuzzleBoxRelic":152,"HushsDoor":0,"ReplayTheSpireMod:Lightbulb":273,"REME_ComplimentaryCards":0,"ReplayTheSpireMod:ShopPack":67,"BloodDonationMachine":158}]},"card_choices":[{"not_picked":[],"picked":"EpicFetus","floor":0},{"not_picked":["RobotSpaceExplorer:ToxicBomb","RobotSpaceExplorer:TurboDodge"],"picked":"RobotSpaceExplorer:Pulsar","floor":1},{"not_picked":["RobotSpaceExplorer:DoubleFind","RobotSpaceExplorer:MiniDrones","RobotSpaceExplorer:FrostMissile"],"picked":"SKIP","floor":2},{"not_picked":["RobotSpaceExplorer:FreezeRay","RobotSpaceExplorer:FrostMissile","RobotSpaceExplorer:RigExplosive"],"picked":"SKIP","floor":5},{"not_picked":["RobotSpaceExplorer:ScrapToss","RobotSpaceExplorer:Jetpack","RobotSpaceExplorer:ExhaustFan"],"picked":"SKIP","floor":6},{"not_picked":["RobotSpaceExplorer:MakeshiftVolley","RobotSpaceExplorer:MiniBoosters","RobotSpaceExplorer:SlimeMissile"],"picked":"SKIP","floor":8},{"not_picked":["RobotSpaceExplorer:GlueShot","RobotSpaceExplorer:Reload"],"picked":"RobotSpaceExplorer:Autoloader","floor":11},{"not_picked":["RobotSpaceExplorer:PowerGlove","RobotSpaceExplorer:JunkDive"],"picked":"RobotSpaceExplorer:Pulsar","floor":13},{"not_picked":["RobotSpaceExplorer:MetalStrike","RobotSpaceExplorer:ShockKick","RobotSpaceExplorer:Electropulse"],"picked":"SKIP","floor":14},{"not_picked":["RobotSpaceExplorer:Accelerator","RobotSpaceExplorer:Autoloader"],"picked":"RobotSpaceExplorer:ChargingLaser","floor":16},{"not_picked":["RobotSpaceExplorer:MetalStrike","RobotSpaceExplorer:Electroshield+1","RobotSpaceExplorer:ShockKick"],"picked":"SKIP","floor":18},{"not_picked":["RobotSpaceExplorer:Blitz","RobotSpaceExplorer:StunGrenade"],"picked":"RobotSpaceExplorer:DoubleBlock+1","floor":19},{"not_picked":["RobotSpaceExplorer:SurgingStrike","RobotSpaceExplorer:MakeshiftVolley","RobotSpaceExplorer:MiniDrones"],"picked":"SKIP","floor":22},{"not_picked":["RobotSpaceExplorer:FreezeRay","RobotSpaceExplorer:ScrapMissile"],"picked":"RobotSpaceExplorer:StarDust+1","floor":24},{"not_picked":["RobotSpaceExplorer:Discharger","RobotSpaceExplorer:Electroshield"],"picked":"RobotSpaceExplorer:TrailblazerForm","floor":27},{"not_picked":["RobotSpaceExplorer:GlueShot","RobotSpaceExplorer:SlimeMissile+1","RobotSpaceExplorer:StunGrenade"],"picked":"SKIP","floor":28},{"not_picked":["RobotSpaceExplorer:ImprovisedAttack","RobotSpaceExplorer:FrostMissile+1","RobotSpaceExplorer:SurgingShield"],"picked":"SKIP","floor":29},{"not_picked":["RobotSpaceExplorer:Accelerator","RobotSpaceExplorer:BlastShield"],"picked":"RobotSpaceExplorer:TrailblazerForm","floor":33},{"not_picked":["RobotSpaceExplorer:ShockKick","RobotSpaceExplorer:ScrapToss+1","RobotSpaceExplorer:SurgingStrike+1"],"picked":"SKIP","floor":35},{"not_picked":["RobotSpaceExplorer:MetalStrike+1","RobotSpaceExplorer:SwiftStep+1","RobotSpaceExplorer:FreezeRay"],"picked":"SKIP","floor":39},{"not_picked":["RobotSpaceExplorer:DoubleFind","RobotSpaceExplorer:Pulsar"],"picked":"RobotSpaceExplorer:Multitool","floor":41},{"not_picked":["RobotSpaceExplorer:ImprovisedAttack+1","RobotSpaceExplorer:ExhaustFan+1","RobotSpaceExplorer:FranticSearch+1"],"picked":"SKIP","floor":44},{"not_picked":["RobotSpaceExplorer:ShockKick","RobotSpaceExplorer:SlimeMissile","RobotSpaceExplorer:Pulsar+1"],"picked":"SKIP","floor":47},{"not_picked":["RobotSpaceExplorer:Counterblock+1","RobotSpaceExplorer:SlimeMissile+1","RobotSpaceExplorer:Electroshield+1"],"picked":"SKIP","floor":48}],"player_experience":494100,"relics_obtained":[{"floor":6,"key":"DoctorsRemote"},{"floor":9,"key":"hubris:MysteriousPyramids"},{"floor":11,"key":"Omamori"},{"floor":43,"key":"infinitespire:Eraser"},{"floor":44,"key":"ReplayTheSpireMod:Lightbulb"},{"floor":48,"key":"Chameleon Ring"}],"event_choices":[{"damage_healed":0,"gold_gain":0,"player_choice":"Donut","damage_taken":0,"max_hp_gain":5,"max_hp_loss":0,"event_name":"Big Fish","floor":3,"gold_loss":0},{"damage_healed":0,"gold_gain":0,"player_choice":"Slimed","damage_taken":11,"max_hp_gain":0,"max_hp_loss":0,"event_name":"betterThird:BetterGoop","floor":12,"gold_loss":35},{"damage_healed":0,"gold_gain":0,"player_choice":"Simplicity","damage_taken":0,"max_hp_gain":0,"max_hp_loss":6,"event_name":"betterThird:BetterWriting","floor":21,"gold_loss":0},{"damage_healed":0,"gold_gain":0,"cards_transformed":["RobotSpaceExplorer:Strike","RobotSpaceExplorer:Defend"],"player_choice":"Became Test Subject","damage_taken":0,"max_hp_gain":0,"max_hp_loss":0,"event_name":"Drug Dealer","floor":31,"gold_loss":0,"cards_obtained":["RobotSpaceExplorer:GearShield","RobotSpaceExplorer:PowerGlove"]},{"damage_healed":0,"gold_gain":0,"player_choice":"Ignored","damage_taken":0,"max_hp_gain":0,"max_hp_loss":0,"event_name":"Tomb of Lord Red Mask","floor":36,"gold_loss":0}],"is_beta":false,"boss_relics":[{"not_picked":["Sozu","Fusion Hammer"],"picked":"aspiration:SecretTechniqueScroll"},{"not_picked":[]},{"not_picked":["RobotSpaceExplorer:SearchSpecs","hubris:VirtuousBlindfold"],"picked":"reliquary:RedPaperclip"},{"not_picked":[]}],"items_purged_floors":[10,17,30,34,37],"is_endless":false,"potions_floor_spawned":[1,6,13,14,22,28,29,41,48],"killed_by":"Shield and Spear","ascension_level":0}}