{"host":"og21o26alpnbwmz8","time":1613504939,"event":{"mods":["Act Like it!","Aspiration","BaseMod","Conspire","Downfall","Gensokyo","GungeonMod","Halation","Hubris","Jedi Mod","Mimic Mod","Minty Spire (QoL Compilation)","Pale of the Ancients","Reliquary","Replay The Spire","Shop Mod","Spikes Relics","StSLib","The Alterego","The Blue Laboratory","The Florist","The Poker Player","Waifu the Spire","Yuri Mod"],"gold_per_floor":[199,213,213,239,255,269,269,282,282,282,282],"floor_reached":9,"language":"ENG","playtime":251,"items_purged":["sneckomod:Strike"],"score":53,"play_id":"fe04422c-3b85-4dc3-bf22-c9ae0349fad1","local_time":"20210216144859","is_ascension_mode":false,"campfire_choices":[],"circlet_count":0,"master_deck":["sneckomod:Strike","sneckomod:Strike","sneckomod:Defend","sneckomod:Defend","sneckomod:Defend","sneckomod:TailWhip","sneckomod:SnekBite","sneckomod:Unknown","Inflame","sneckomod:SerpentIdol","sneckomod:SoulCleanse","sneckomod:UnknownClassRED","sneckomod:UnknownStrength"],"relics":["sneckomod:SneckoSoul","jedi:heavyjacket","Blood Vial","conspire:InfiniteJournal"],"acts_visited":["Exordium"],"potions_floor_usage":[],"damage_taken":[{"damage":0,"enemies":"Gensokyo:Python","floor":2,"turns":2},{"damage":3,"enemies":"Gensokyo:Gryphon","floor":5,"turns":3},{"damage":4,"enemies":"Gensokyo:2_Kodama","floor":6,"turns":3},{"damage":0,"enemies":"Gensokyo:LivingMonolith","floor":8,"turns":3},{"damage":7,"enemies":"Gensokyo:Cirno","floor":9,"turns":4}],"seed_played":"2004187085596947633","potions_obtained":[{"floor":6,"key":"Ancient Potion"},{"floor":8,"key":"Dexterity Potion"}],"is_trial":false,"path_per_floor":["R","M","$","?","M","M","T","M","E"],"character_chosen":"THE_SNECKO","items_purchased":["jedi:heavyjacket","Blood Vial"],"campfire_rested":0,"item_purchase_floors":[3,3],"current_hp_per_floor":[90,90,59,23,22,20,20,22,17,17,17],"gold":282,"neow_bonus":"HUNDRED_GOLD","is_daily":false,"chose_seed":false,"campfire_upgraded":0,"win_rate":0.0,"timestamp":1613504939,"path_taken":["R","M","?","?","M","?","T","M","E"],"items_purchased_type":["Relic","Relic"],"build_version":"2020-12-22","purchased_purges":1,"victory":false,"max_hp_per_floor":[90,90,90,90,90,90,90,90,90,90,90],"card_choices":[{"not_picked":["sneckomod:DiceBlock","sneckomod:Unknown1Cost"],"picked":"sneckomod:SerpentIdol","floor":2},{"not_picked":["sneckomod:UnknownWeak","sneckomod:UnknownUncommonAttack"],"picked":"sneckomod:SoulCleanse","floor":4},{"not_picked":["sneckomod:Unknown1Cost","sneckomod:Unknown0Cost"],"picked":"sneckomod:UnknownClassRED","floor":5},{"not_picked":["sneckomod:IronFang","sneckomod:QuickMove"],"picked":"sneckomod:UnknownStrength","floor":6},{"not_picked":["sneckomod:UnknownUncommonSkill","sneckomod:QuickBite","sneckomod:UnknownCommonAttack"],"picked":"SKIP","floor":8}],"player_experience":293494,"relics_obtained":[{"floor":4,"key":"conspire:InfiniteJournal"}],"event_choices":[],"is_beta":false,"boss_relics":[],"items_purged_floors":[3],"is_endless":false,"potions_floor_spawned":[6,8],"killed_by":"Gensokyo:Cirno","ascension_level":0}}