{"host":"pj7egx7jkoz18hom","time":1613438039,"event":{"mods":["AchievementEnabler","BaseMod","Keyboard Shortcuts","Minty Spire (QoL Compilation)","SuperFastMode"],"gold_per_floor":[110,110,124,124,49,75,75,94,117,135,135,163,174,207,207,312,312,326,340,356,18,18,18,18],"floor_reached":23,"language":"KOR","playtime":846,"items_purged":["Flex+1"],"score":283,"play_id":"101d83f3-3a84-43f3-a98e-a78f496addab","local_time":"20210216101359","is_ascension_mode":true,"campfire_choices":[{"data":"Armaments","floor":7,"key":"SMITH"},{"data":"Body Slam","floor":11,"key":"SMITH"},{"data":"Flex","floor":15,"key":"SMITH"}],"circlet_count":0,"master_deck":["Strike_R","Strike_R+1","Defend_R","Defend_R","Defend_R","Defend_R","Bash+1","Armaments+1","Cleave","Metallicize","Sword Boomerang","Body Slam+1","Shrug It Off","Sentinel","Pommel Strike","Barricade","Iron Wave","Shrug It Off"],"relics":["Burning Blood","NeowsBlessing","Ancient Tea Set","Smiling Mask","PreservedInsect","Kunai","Empty Cage","FossilizedHelix"],"acts_visited":["Exordium","TheCity"],"potions_floor_usage":[10,12,19,19,23],"damage_taken":[{"damage":0,"enemies":"Small Slimes","floor":1,"turns":1},{"damage":0,"enemies":"Jaw Worm","floor":3,"turns":1},{"damage":0,"enemies":"Lagavulin","floor":6,"turns":1},{"damage":0,"enemies":"Cultist","floor":8,"turns":2},{"damage":12,"enemies":"Exordium Wildlife","floor":10,"turns":5},{"damage":1,"enemies":"3 Sentries","floor":12,"turns":4},{"damage":0,"enemies":"Looter","floor":13,"turns":2},{"damage":19,"enemies":"Lagavulin","floor":14,"turns":4},{"damage":57,"enemies":"Slime Boss","floor":16,"turns":14},{"damage":27,"enemies":"Spheric Guardian","floor":18,"turns":7},{"damage":13,"enemies":"Shell Parasite","floor":19,"turns":7},{"damage":47,"enemies":"Chosen and Byrds","floor":20,"turns":11},{"damage":12,"enemies":"Gremlin Leader","floor":23,"turns":1}],"seed_played":"6592294519895687698","potions_obtained":[{"floor":1,"key":"Energy Potion"},{"floor":6,"key":"Ancient Potion"},{"floor":8,"key":"SteroidPotion"},{"floor":12,"key":"SpeedPotion"},{"floor":18,"key":"Dexterity Potion"},{"floor":20,"key":"SteroidPotion"}],"is_trial":false,"path_per_floor":["M","?","M","?","$","E","R","M","T","M","R","E","M","E","R","B",null,"M","M","M","$","?","E"],"character_chosen":"IRONCLAD","items_purchased":["Metallicize","FossilizedHelix"],"campfire_rested":0,"item_purchase_floors":[5,21],"current_hp_per_floor":[80,64,70,70,70,76,76,80,80,74,74,79,80,67,67,16,80,59,52,11,11,11,0,0],"gold":18,"neow_bonus":"THREE_ENEMY_KILL","is_daily":false,"chose_seed":false,"campfire_upgraded":3,"win_rate":0.0,"timestamp":1613438039,"path_taken":["M","?","M","?","$","E","R","M","T","M","R","E","M","E","R","BOSS","M","M","?","$","?","E"],"items_purchased_type":["Card","Relic"],"build_version":"2020-12-22","purchased_purges":1,"victory":false,"max_hp_per_floor":[80,80,80,80,80,80,80,80,80,80,80,80,80,80,80,80,80,80,80,80,80,80,80,80],"card_choices":[{"not_picked":["Burning Pact","Power Through","Evolve"],"picked":"SKIP","floor":1},{"not_picked":["Headbutt","Uppercut"],"picked":"Armaments","floor":3},{"not_picked":["Wild Strike","Sever Soul"],"picked":"Sword Boomerang","floor":6},{"not_picked":["Infernal Blade","Armaments"],"picked":"Body Slam","floor":8},{"not_picked":["Wild Strike","Twin Strike"],"picked":"Shrug It Off","floor":10},{"not_picked":["Twin Strike","Metallicize"],"picked":"Flex","floor":12},{"not_picked":["Whirlwind","Heavy Blade"],"picked":"Sentinel","floor":13},{"not_picked":["Armaments","Combust"],"picked":"Pommel Strike","floor":14},{"not_picked":["Bludgeon","Demon Form"],"picked":"Barricade","floor":16},{"not_picked":["Shockwave","Flex","Whirlwind"],"picked":"SKIP","floor":18},{"not_picked":["Evolve","Cleave+1"],"picked":"Iron Wave","floor":19},{"not_picked":["Twin Strike","Clash+1"],"picked":"Shrug It Off","floor":20}],"player_experience":86691,"relics_obtained":[{"floor":6,"key":"Ancient Tea Set"},{"floor":9,"key":"Smiling Mask"},{"floor":12,"key":"PreservedInsect"},{"floor":14,"key":"Kunai"}],"event_choices":[{"damage_healed":0,"gold_gain":0,"player_choice":"Entered Light","damage_taken":16,"max_hp_gain":0,"max_hp_loss":0,"event_name":"Shining Light","floor":2,"gold_loss":0,"cards_upgraded":["Strike_R","Bash"]},{"damage_healed":0,"gold_gain":0,"cards_transformed":["Strike_R"],"player_choice":"Transformed","damage_taken":0,"max_hp_gain":0,"max_hp_loss":0,"event_name":"Transmorgrifier","floor":4,"gold_loss":0,"cards_obtained":["Cleave"]},{"damage_healed":0,"gold_gain":0,"player_choice":"Ignored","damage_taken":0,"max_hp_gain":0,"max_hp_loss":0,"event_name":"Ghosts","floor":22,"gold_loss":0}],"is_beta":false,"boss_relics":[{"not_picked":["Runic Cube","Runic Pyramid"],"picked":"Empty Cage"}],"items_purged_floors":[21],"is_endless":false,"potions_floor_spawned":[1,6,8,12,18,20],"killed_by":"Gremlin Leader","ascension_level":4}}