{"host":"kh6fvhxn285ncg0o","time":1613450069,"event":{"mods":["Act Like it!","BaseMod","Colored Map","Friendly Minions","Keyboard Shortcuts","Minty Spire (QoL Compilation)","Quick Restart","Relic Stats","StSLib","SuperFastMode","UnlockEverythingMod"],"gold_per_floor":[112,37,55,73,73,73,147,180,180,190,225,237,249,272,284,371,383,405,307,334,365,397,442,454,491,503,542,94,110,126,1,1,80,80,98,98,144,156,6,40,40,74,74,74,89,120,120,134,134,134,134,134,134,78,108,108],"floor_reached":57,"language":"KOR","playtime":2445,"items_purged":["Regret","Strike_R","Strike_R+1","Doubt"],"score":3570,"play_id":"041b0802-807d-4ed0-a70a-6c8191270d66","local_time":"20210216133429","is_ascension_mode":true,"campfire_choices":[{"data":"Bash","floor":6.0,"key":"SMITH"},{"data":"Rage","floor":12.0,"key":"SMITH"},{"data":"Pommel Strike","floor":15.0,"key":"SMITH"},{"data":"Immolate","floor":24,"key":"SMITH"},{"data":"Double Tap","floor":32,"key":"SMITH"},{"data":"Evolve","floor":41,"key":"SMITH"},{"data":"Immolate+1","floor":47,"key":"PURGE"},{"floor":49,"key":"RECALL"},{"data":"Defend_R","floor":53,"key":"PURGE"}],"circlet_count":0,"master_deck":["AscendersBane","Defend_R","Defend_R","Defend_R","Rage+1","Pommel Strike+1","Double Tap+1","Evolve+1","Feel No Pain","Seeing Red+1","Second Wind","Battle Trance","Impervious","Master of Strategy","Flash of Steel","Shrug It Off"],"relics":["Burning Blood","HornCleat","InkBottle","Dream Catcher","Eternal Feather","MawBank","Cursed Key","Thread and Needle","Potion Belt","Mummified Hand","Sundial","Empty Cage","Girya","Kunai","Self Forming Clay","Peace Pipe","Pear"],"acts_visited":["Exordium","TheCity","TheBeyond","TheEnding"],"potions_floor_usage":[22,27,56,56,56],"damage_taken":[{"damage":10.0,"enemies":"Cultist","floor":1.0,"turns":4.0},{"damage":2.0,"enemies":"Jaw Worm","floor":3.0,"turns":5.0},{"damage":0.0,"enemies":"2 Louse","floor":4.0,"turns":3.0},{"damage":23.0,"enemies":"3 Sentries","floor":8.0,"turns":11.0},{"damage":3.0,"enemies":"Exordium Thugs","floor":10.0,"turns":6.0},{"damage":27.0,"enemies":"Gremlin Nob","floor":11.0,"turns":4.0},{"damage":0.0,"enemies":"Blue Slaver","floor":14.0,"turns":4.0},{"damage":32.0,"enemies":"The Guardian","floor":16.0,"turns":16.0},{"damage":2.0,"enemies":"3 Byrds","floor":18.0,"turns":3.0},{"damage":0,"enemies":"Spheric Guardian","floor":20,"turns":3},{"damage":14,"enemies":"3 Cultists","floor":21,"turns":5},{"damage":0,"enemies":"Snake Plant","floor":22,"turns":3},{"damage":26,"enemies":"Book of Stabbing","floor":23,"turns":5},{"damage":0,"enemies":"Gremlin Leader","floor":25,"turns":5},{"damage":17,"enemies":"Book of Stabbing","floor":27,"turns":4},{"damage":2,"enemies":"Centurion and Healer","floor":29,"turns":3},{"damage":0,"enemies":"Snecko","floor":30,"turns":3},{"damage":2,"enemies":"Champ","floor":33,"turns":8},{"damage":0,"enemies":"3 Shapes","floor":35,"turns":1},{"damage":0,"enemies":"2 Orb Walkers","floor":37,"turns":4},{"damage":0,"enemies":"Orb Walker","floor":38,"turns":4},{"damage":0,"enemies":"Nemesis","floor":40,"turns":3},{"damage":0,"enemies":"Reptomancer","floor":42,"turns":4},{"damage":0,"enemies":"Sphere and 2 Shapes","floor":45,"turns":2},{"damage":0,"enemies":"Giant Head","floor":46,"turns":3},{"damage":0,"enemies":"Jaw Worm Horde","floor":48,"turns":3},{"damage":0,"enemies":"Awakened One","floor":50,"turns":4},{"damage":0,"enemies":"Donu and Deca","floor":51,"turns":3},{"damage":0,"enemies":"Shield and Spear","floor":55,"turns":2},{"damage":0,"enemies":"The Heart","floor":56,"turns":5}],"seed_played":"-5368831377626695215","potions_obtained":[{"floor":1.0,"key":"Strength Potion"},{"floor":13.0,"key":"Swift Potion"},{"floor":13.0,"key":"LiquidBronze"},{"floor":14.0,"key":"Dexterity Potion"},{"floor":21,"key":"LiquidMemories"},{"floor":23,"key":"Dexterity Potion"},{"floor":25,"key":"ColorlessPotion"},{"floor":33,"key":"HeartOfIron"},{"floor":37,"key":"SteroidPotion"},{"floor":38,"key":"Explosive Potion"},{"floor":45,"key":"Swift Potion"},{"floor":55,"key":"PowerPotion"}],"is_trial":false,"path_per_floor":["M","$","M","M","?","R","T","E","T","M","E","R","?","M","R","B",null,"M","?","M","M","M","E","R","E","T","E","$","M","M","$","R","B",null,"M","?","?","M","$","E","R","E","T","T","M","E","R","M","R","B","B",null,"R","$","E","B",null],"character_chosen":"IRONCLAD","items_purchased":["Sundial","Battle Trance","Block Potion"],"campfire_rested":0,"item_purchase_floors":[28,28,54],"current_hp_per_floor":[64,64,68,74,56,56,56,39,39,42,21,27,27,33,39,13,60,64,64,70,62,68,48,57,63,63,52,52,56,62,62,71,75,75,75,65,71,75,75,75,75,75,75,75,75,75,75,75,75,75,75,75,75,75,85,85],"gold":108,"neow_bonus":"TRANSFORM_TWO_CARDS","is_daily":false,"chose_seed":false,"campfire_upgraded":6,"win_rate":0.0,"timestamp":1613450069,"path_taken":["M","$","?","M","?","R","?","E","T","M","E","R","?","?","R","BOSS","M","?","M","?","M","E","R","E","T","E","?","M","M","$","R","BOSS","M","?","?","M","$","E","R","E","T","?","M","E","R","M","R","BOSS","BOSS","R","$","E","BOSS"],"items_purchased_type":["Relic","Card","Potion"],"build_version":"2020-12-22","purchased_purges":4,"victory":true,"max_hp_per_floor":[75,75,75,75,75,75,75,75,75,75,75,75,75,75,75,75,75,75,75,75,75,75,75,75,75,75,75,75,75,75,75,75,75,75,75,75,75,75,75,75,75,75,75,75,75,75,75,75,75,75,75,75,75,75,85,85],"relic_stats":{"counters":[30,133],"Self Forming Clay":[0],"Eternal Feather":30,"MawBank":204,"Cursed Key":1,"Burning Blood":118,"Peace Pipe":2,"Dream Catcher":0,"Mummified Hand":[36],"Sundial":[422],"Kunai":[129],"obtain_stats":[{"Potion Belt":25,"Girya":37,"Pear":55,"Self Forming Clay":42,"Eternal Feather":9,"Thread and Needle":23,"MawBank":11,"Cursed Key":17,"Empty Cage":34,"Burning Blood":0,"Peace Pipe":46,"Dream Catcher":8,"HornCleat":5,"Mummified Hand":27,"Sundial":28,"Kunai":40,"InkBottle":7},{"Potion Belt":14,"Girya":20,"Pear":29,"Self Forming Clay":23,"Eternal Feather":4,"Thread and Needle":13,"MawBank":6,"Cursed Key":8,"Empty Cage":18,"Burning Blood":0,"Peace Pipe":25,"Dream Catcher":4,"HornCleat":3,"Mummified Hand":15,"Sundial":15,"Kunai":22,"InkBottle":3},{"Potion Belt":77,"Girya":100,"Pear":128,"Self Forming Clay":111,"Eternal Feather":23,"Thread and Needle":72,"MawBank":33,"Cursed Key":53,"Empty Cage":95,"Burning Blood":0,"Peace Pipe":116,"Dream Catcher":23,"HornCleat":12,"Mummified Hand":81,"Sundial":81,"Kunai":107,"InkBottle":12}],"InkBottle":[51]},"card_choices":[{"not_picked":["Dark Embrace","Sword Boomerang"],"picked":"Double Tap","floor":4.0},{"not_picked":["Wild Strike","Metallicize","Flex"],"picked":"SKIP","floor":8.0},{"not_picked":["Rupture","Pommel Strike","Wild Strike"],"picked":"SKIP","floor":10.0},{"not_picked":["Corruption","Clothesline"],"picked":"Evolve","floor":11.0},{"not_picked":["Thunderclap","Perfected Strike"],"picked":"Feel No Pain","floor":14.0},{"not_picked":["Berserk","Juggernaut"],"picked":"Immolate","floor":16.0},{"not_picked":["Evolve","Cleave"],"picked":"Uppercut","floor":18},{"not_picked":["Disarm","Body Slam"],"picked":"Seeing Red+1","floor":21},{"not_picked":["Corruption","Iron Wave","Body Slam"],"picked":"SKIP","floor":22},{"not_picked":["Flex","Sentinel","Whirlwind"],"picked":"SKIP","floor":23},{"not_picked":["Perfected Strike","Disarm"],"picked":"Second Wind","floor":25},{"not_picked":["Combust","Flex","Exhume"],"picked":"SKIP","floor":27},{"not_picked":["Flame Barrier","Cleave","Headbutt+1"],"picked":"SKIP","floor":29},{"not_picked":["Carnage","Perfected Strike","Thunderclap"],"picked":"SKIP","floor":30},{"not_picked":["Demon Form","Limit Break"],"picked":"Impervious","floor":33},{"not_picked":["Wild Strike","Dual Wield","Clash"],"picked":"SKIP","floor":35},{"not_picked":["Chrysalis","Secret Technique"],"picked":"Master of Strategy","floor":36},{"not_picked":["Sadistic Nature","Panacea"],"picked":"Flash of Steel","floor":36},{"not_picked":["Pommel Strike","Body Slam","Pummel+1"],"picked":"SKIP","floor":38},{"not_picked":["Pommel Strike","Body Slam","Pummel+1"],"picked":"SKIP","floor":38},{"not_picked":["Disarm","Twin Strike+1"],"picked":"Shrug It Off","floor":40},{"not_picked":["Cleave","True Grit","Pommel Strike"],"picked":"SKIP","floor":42},{"not_picked":["Inflame","Headbutt+1","Second Wind"],"picked":"SKIP","floor":45},{"not_picked":["Reaper","Rage","Armaments"],"picked":"SKIP","floor":46},{"not_picked":["True Grit","Inflame","Flex"],"picked":"SKIP","floor":48},{"not_picked":["Feel No Pain","Shrug It Off","Juggernaut"],"picked":"SKIP","floor":55}],"player_experience":1430134,"relics_obtained":[{"floor":7.0,"key":"InkBottle"},{"floor":8.0,"key":"Dream Catcher"},{"floor":9.0,"key":"Eternal Feather"},{"floor":11.0,"key":"MawBank"},{"floor":23,"key":"Thread and Needle"},{"floor":25,"key":"Potion Belt"},{"floor":27,"key":"Mummified Hand"},{"floor":37,"key":"Girya"},{"floor":40,"key":"Kunai"},{"floor":42,"key":"Self Forming Clay"},{"floor":46,"key":"Peace Pipe"},{"floor":55,"key":"Pear"}],"event_choices":[{"damage_healed":0.0,"max_hp_gain":0.0,"max_hp_loss":0.0,"gold_gain":0.0,"event_name":"Scrap Ooze","player_choice":"Success","floor":5.0,"gold_loss":0.0,"damage_taken":18.0,"relics_obtained":["HornCleat"]},{"damage_healed":0.0,"max_hp_gain":0.0,"max_hp_loss":0.0,"gold_gain":0.0,"event_name":"Lab","player_choice":"Got Potions","floor":13.0,"gold_loss":0.0,"damage_taken":0.0},{"cards_removed":["Strike_R"],"damage_healed":0,"gold_gain":0,"player_choice":"Upgrade and Remove","damage_taken":0,"max_hp_gain":0,"max_hp_loss":0,"event_name":"Designer","floor":19,"gold_loss":110,"cards_upgraded":["Strike_R"]},{"damage_healed":0,"gold_gain":0,"player_choice":"Memory 3","damage_taken":10,"max_hp_gain":0,"max_hp_loss":0,"event_name":"SensoryStone","floor":36,"gold_loss":0},{"damage_healed":0,"gold_gain":0,"player_choice":"Fight","damage_taken":0,"max_hp_gain":0,"max_hp_loss":0,"event_name":"Mysterious Sphere","floor":37,"gold_loss":0}],"is_beta":false,"boss_relics":[{"not_picked":["Calling Bell","Snecko Eye"],"picked":"Cursed Key"},{"not_picked":["Black Star","Sozu"],"picked":"Empty Cage"}],"items_purged_floors":[2,28,31,39],"is_endless":false,"potions_floor_spawned":[1,14,21,23,25,33,37,38,45,55],"ascension_level":20}}