{"host":"ox77rn1xcurm2t5a","time":1613499701,"event":{"mods":["2.2 Compatiblity","AchievementEnabler","Act Like it!","Aspiration","BaseMod","Best Route Mod","Better Match","Better Note","Better Sensory Stone","Block Reminder","Colored Map","Colored Powertips","Conjunction","Conspire","Custom Start","Energized Spire","GifTheSpireLib","Gold Saver","Gremlin Skip","Halation","Highlight Path","Hubris","Infinite Spire","Minty Spire (QoL Compilation)","Pale of the Ancients","Quick Restart","Replay The Spire","Reworked Bosses","ShortenTheSpire","Spire Exporter","StSLib","Stuff the Spire","Wandering Minibosses"],"gold_per_floor":[357,371,385,62,81,114,114,141,164,164,180,180,215,225,225,324,324,344,344,360,360,360],"floor_reached":21,"language":"ENG","playtime":686,"items_purged":["Defend_R"],"score":241,"play_id":"1af7fe62-f24c-4b9a-9143-d0e1e280d35f","local_time":"20210216202141","is_ascension_mode":true,"campfire_choices":[{"floor":10,"key":"RECALL"},{"data":"Inflame","floor":12,"key":"SMITH"},{"data":"Metallicize","floor":15,"key":"SMITH"}],"circlet_count":0,"master_deck":["Strike_R","Strike_R","Strike_R","Strike_R","Strike_R","Defend_R+1","Defend_R","Defend_R","Bash","Thunderclap","Perfected Strike+1","Metallicize+1","Metallicize","Inflame+1","Demon Form","Anger","Heavy Blade"],"relics":["Burning Blood","NeowsBlessing","Replay:Rubber Ducky","Onion Ring","hubris:ChampionShield","Bottled Tornado","Turnip"],"acts_visited":["Exordium","TheCity"],"potions_floor_usage":[5,8,11,14,18,21],"damage_taken":[{"damage":0,"enemies":"Cultist","floor":1,"turns":1},{"damage":0,"enemies":"infinitespire:Voidling","floor":2,"turns":1},{"damage":0,"enemies":"Jaw Worm","floor":3,"turns":1},{"damage":10,"enemies":"conspire:2 RoseBushes","floor":5,"turns":8},{"damage":22,"enemies":"Lagavulin","floor":6,"turns":8},{"damage":4,"enemies":"3 Sentries","floor":8,"turns":5},{"damage":8,"enemies":"Blue Slaver","floor":11,"turns":6},{"damage":7,"enemies":"Gremlin Nob","floor":13,"turns":4},{"damage":0,"enemies":"Large Slime","floor":14,"turns":3},{"damage":44,"enemies":"Hexaghost","floor":16,"turns":11},{"damage":34,"enemies":"2 Thieves","floor":18,"turns":6},{"damage":10,"enemies":"3 Byrds","floor":20,"turns":6},{"damage":56,"enemies":"Snecko","floor":21,"turns":5}],"seed_played":"1551445411319852278","potions_obtained":[{"floor":1,"key":"DistilledChaos"},{"floor":5,"key":"Doom Potion"},{"floor":6,"key":"Explosive Potion"},{"floor":8,"key":"Venom Potion"},{"floor":13,"key":"Adrenaline Potion"},{"floor":16,"key":"Weak Potion"},{"floor":20,"key":"SpeedPotion"}],"is_trial":false,"path_per_floor":["M","M","M","$","M","E","?","E","T","R","M","R","E","M","R","B",null,"M","AVR","M","M"],"character_chosen":"IRONCLAD","items_purchased":["Perfected Strike","Replay:Rubber Ducky","Metallicize"],"campfire_rested":0,"item_purchase_floors":[4,4,4],"current_hp_per_floor":[80,80,80,80,76,60,44,46,46,46,44,44,43,49,49,11,80,52,52,48,0,0],"gold":360,"neow_bonus":"THREE_ENEMY_KILL","is_daily":false,"chose_seed":false,"campfire_upgraded":2,"win_rate":0.0,"timestamp":1613499701,"path_taken":["M","?","?","$","M","E","?","E","T","R","M","R","E","M","R","BOSS","M","AVR","M","M"],"items_purchased_type":["Card","Relic","Card"],"build_version":"2020-12-22","purchased_purges":1,"victory":false,"max_hp_per_floor":[80,80,80,80,80,80,80,80,80,80,80,80,80,80,80,80,80,80,80,80,80,80],"card_choices":[{"not_picked":["conspire:ExplosiveBarrier","Burning Pact","StuffTheSpire:RockThrow"],"picked":"SKIP","floor":1},{"not_picked":["Dual Wield","hubris:SharpeningStone","Iron Wave"],"picked":"SKIP","floor":2},{"not_picked":["Bloodletting","StuffTheSpire:Slingshot"],"picked":"Thunderclap","floor":3},{"not_picked":["Headbutt","ReplayTheSpireMod:Muscle Training","Shockwave"],"picked":"SKIP","floor":5},{"not_picked":["Headbutt","ReplayTheSpireMod:Muscle Training","Shockwave"],"picked":"SKIP","floor":5},{"not_picked":["Shrug It Off","StuffTheSpire:Incineration"],"picked":"Inflame","floor":6},{"not_picked":["Brutality","Run Through","Ghostly Armor"],"picked":"SKIP","floor":8},{"not_picked":["ReplayTheSpireMod:Strike From Hell","Reckless Charge","Body Slam"],"picked":"SKIP","floor":11},{"not_picked":["conspire:ExplosiveBarrier","Headbutt","ReplayTheSpireMod:Strike From Hell"],"picked":"SKIP","floor":13},{"not_picked":["Hemogenesis","Shrug It Off","StuffTheSpire:Incineration"],"picked":"SKIP","floor":14},{"not_picked":["Reaper","Corruption"],"picked":"Demon Form","floor":16},{"not_picked":["StuffTheSpire:RagingBull","StuffTheSpire:Incineration"],"picked":"Anger","floor":18},{"not_picked":["Bloodletting","hubris:ReadiedAction"],"picked":"Heavy Blade","floor":20}],"player_experience":3119618,"relics_obtained":[{"floor":6,"key":"Onion Ring"},{"floor":8,"key":"hubris:ChampionShield"},{"floor":13,"key":"Bottled Tornado"}],"event_choices":[{"damage_healed":0,"gold_gain":0,"player_choice":"Entered Light","damage_taken":16,"max_hp_gain":0,"max_hp_loss":0,"event_name":"Shining Light","floor":7,"gold_loss":0,"cards_upgraded":["Perfected Strike","Defend_R"]}],"is_beta":false,"boss_relics":[{"not_picked":["hubris:VirtuousBlindfold","Replay:Grab Bag","Pandora\u0027s Box"]}],"items_purged_floors":[4],"is_endless":false,"potions_floor_spawned":[1,5,6,8,13,16,20],"killed_by":"Snecko","ascension_level":4}}