{"host":"0mk07bycsqo1qk03","time":1613480119,"event":{"mods":["BaseMod","Downfall","Hermit","Hubris","Minty Spire (QoL Compilation)","Reliquary","Replay The Spire","StSLib"],"gold_per_floor":[118,118,193,210,228,228,241,273,296,309,334,346,346,346,346,346,346],"floor_reached":16,"language":"ENG","playtime":555,"items_purged":[],"score":202,"play_id":"aa21ce58-8d04-4ec7-98be-02c4070aa821","local_time":"20210216135519","is_ascension_mode":true,"campfire_choices":[{"floor":6,"key":"REST"},{"floor":13,"key":"REST"},{"data":"Sneak Up","floor":15,"key":"SMITH"}],"circlet_count":0,"master_deck":["AscendersBane","Strike_G","Strike_G","Strike_G","Strike_G+1","Strike_G","Defend_G","Defend_G","Defend_G+1","Defend_G","Defend_G","Survivor","Neutralize+1","Bouncing Flask+1","Flying Knee","Deadly Poison","Bane","Dodge and Roll","Deadly Poison","Backflip","Sneak Up+1"],"relics":["Ring of the Snake","Whetstone","Strawberry","reliquary:SharkskinSheath","reliquary:RoseTintedGlasses"],"acts_visited":["Exordium"],"potions_floor_usage":[8,16],"damage_taken":[{"damage":1,"enemies":"Small Slimes","floor":1,"turns":3},{"damage":3,"enemies":"Jaw Worm","floor":4,"turns":5},{"damage":1,"enemies":"2 Louse","floor":5,"turns":3},{"damage":1,"enemies":"Red Slaver","floor":7,"turns":4},{"damage":5,"enemies":"Gremlin Nob","floor":8,"turns":3},{"damage":1,"enemies":"Large Slime","floor":10,"turns":9},{"damage":20,"enemies":"Replay:BlueRogue","floor":11,"turns":6},{"damage":3,"enemies":"3 Louse","floor":12,"turns":4},{"damage":50,"enemies":"Fading Forest","floor":16,"turns":7}],"seed_played":"4054577493341177643","potions_obtained":[{"floor":1,"key":"Poison Potion"},{"floor":5,"key":"Poison Potion"},{"floor":12,"key":"Elixir"}],"is_trial":false,"path_per_floor":["M","?","?","M","M","R","M","E","T","M","E","M","R","?","R","B"],"character_chosen":"THE_SILENT","items_purchased":[],"campfire_rested":2,"item_purchase_floors":[],"current_hp_per_floor":[58,38,27,24,23,42,41,43,43,42,22,19,40,36,36,0,0],"gold":346,"neow_bonus":"RANDOM_COMMON_RELIC","is_daily":false,"chose_seed":false,"campfire_upgraded":1,"win_rate":0.0,"timestamp":1613480119,"path_taken":["M","?","?","M","M","R","M","E","T","M","E","M","R","?","R","BOSS"],"items_purchased_type":[],"build_version":"2020-12-22","purchased_purges":0,"victory":false,"max_hp_per_floor":[66,66,66,66,66,66,66,73,73,73,73,73,73,73,73,73,73],"card_choices":[{"not_picked":["Concentrate","Tactician"],"picked":"Bouncing Flask","floor":1},{"not_picked":["Dagger Spray","Acrobatics"],"picked":"Flying Knee","floor":4},{"not_picked":["Cloak And Dagger","Bouncing Flask"],"picked":"Deadly Poison","floor":5},{"not_picked":["Poisoned Stab","Expertise"],"picked":"Bane","floor":7},{"not_picked":["Reflex","Quick Slash"],"picked":"Dodge and Roll","floor":8},{"not_picked":["Hidden Blade","Finisher"],"picked":"Deadly Poison","floor":10},{"not_picked":["Bane","Flying Knee"],"picked":"Backflip","floor":11},{"not_picked":["Terror","Predator"],"picked":"Sneak Up","floor":12}],"player_experience":1042144,"relics_obtained":[{"floor":8,"key":"Strawberry"},{"floor":9,"key":"reliquary:SharkskinSheath"},{"floor":11,"key":"reliquary:RoseTintedGlasses"}],"event_choices":[{"damage_healed":0,"gold_gain":0,"player_choice":"Entered Light","damage_taken":20,"max_hp_gain":0,"max_hp_loss":0,"event_name":"Shining Light","floor":2,"gold_loss":0,"cards_upgraded":["Defend_G","Bouncing Flask"]},{"damage_healed":0,"gold_gain":75,"player_choice":"Gather Gold","damage_taken":11,"max_hp_gain":0,"max_hp_loss":0,"event_name":"World of Goop","floor":3,"gold_loss":0},{"damage_healed":0,"gold_gain":0,"player_choice":"Bought 0 Potions","damage_taken":0,"max_hp_gain":0,"max_hp_loss":0,"event_name":"The Woman in Blue","floor":14,"gold_loss":0}],"is_beta":false,"boss_relics":[],"items_purged_floors":[],"is_endless":false,"potions_floor_spawned":[1,5,7,12],"killed_by":"Fading Forest","ascension_level":16}}