{"host":"zk2wr01vh49shv6l","time":1613438257,"event":{"mods":["BaseMod","Hermit","Minty Spire (QoL Compilation)","Replay The Spire","StSLib","The Bug Knight"],"gold_per_floor":[119,136,147,158,158,158,168,202,202,220,220,9,9,22,22,126,126,140,80,80],"floor_reached":19,"language":"PTB","playtime":1658,"items_purged":[],"score":170,"play_id":"0d96b756-35f5-4b99-a554-debb4421f7c7","local_time":"20210215231737","is_ascension_mode":false,"campfire_choices":[{"data":"HollowMod:GoodIntentions","floor":6,"key":"SMITH"},{"floor":13,"key":"REST"}],"circlet_count":0,"master_deck":["HollowMod:NailStrikeStart","HollowMod:NailStrikeStart","HollowMod:NailStrikeStart","HollowMod:NailStrikeStart","HollowMod:QuickDashStart","HollowMod:QuickDashStart","HollowMod:QuickDashStart","HollowMod:QuickDashStart","HollowMod:FocusHealStart","HollowMod:PogoStrike","HollowMod:GoodIntentions+1","HollowMod:HowlingWraiths","HollowMod:HowlingWraiths","HollowMod:SiblingsSouls","HollowMod:SiblingsSouls","Pot Of Greed","Pot Of Greed","HollowMod:PureNailStrike","HollowMod:DesolateDive","HollowMod:HeavyBlow","HollowMod:HeavyBlow","HollowMod:NewJinnsSoul","HollowMod:HuntersJournal","HollowMod:HowlingWraiths","Pot Of Greed","HollowMod:SlysStrikes","CurseOfTheBell","HollowMod:DashSlash","HollowMod:BaldurShell+1"],"relics":["HollowMod:VesselMask","NeowsBlessing","WarpedTongs","Grinning Jar","Orichalcum","Spirit Poop","Calling Bell","HollowMod:MillibellesNoteRelic","Frozen Egg 2","Prayer Wheel"],"acts_visited":["Exordium","TheCity"],"potions_floor_usage":[7,10,14,16,16,19],"damage_taken":[{"damage":0,"enemies":"Cultist","floor":1,"turns":1},{"damage":0,"enemies":"Jaw Worm","floor":2,"turns":1},{"damage":0,"enemies":"Small Slimes","floor":3,"turns":1},{"damage":4,"enemies":"Blue Slaver","floor":4,"turns":5},{"damage":2,"enemies":"Gremlin Gang","floor":7,"turns":3},{"damage":12,"enemies":"Replay:BlueRogue","floor":8,"turns":6},{"damage":3,"enemies":"2 Fungi Beasts","floor":10,"turns":3},{"damage":0,"enemies":"Large Slime","floor":14,"turns":4},{"damage":43,"enemies":"Fading Forest","floor":16,"turns":11},{"damage":63,"enemies":"3 Byrds","floor":18,"turns":6},{"damage":15,"enemies":"2 Thieves","floor":19,"turns":2}],"seed_played":"1827507918703030544","potions_obtained":[{"floor":1,"key":"SkillPotion"},{"floor":4,"key":"Dexterity Potion"},{"floor":10,"key":"AttackPotion"},{"floor":14,"key":"Regen Potion"},{"floor":18,"key":"DistilledChaos"}],"is_trial":false,"path_per_floor":["M","M","M","M","?","R","M","E","T","M","?","$","R","M","R","B",null,"M","M"],"character_chosen":"THE_BUGKNIGHT","items_purchased":["HollowMod:HeavyBlow","HollowMod:NewJinnsSoul","HollowMod:HuntersJournal","SteroidPotion"],"campfire_rested":1,"item_purchase_floors":[12,12,12,12],"current_hp_per_floor":[75,75,75,71,71,71,69,60,60,57,57,57,75,75,75,49,75,12,0,0],"gold":80,"neow_bonus":"THREE_ENEMY_KILL","is_daily":false,"chose_seed":false,"campfire_upgraded":1,"win_rate":0.0,"timestamp":1613438257,"path_taken":["M","?","M","M","?","R","M","E","T","?","?","$","R","M","R","BOSS","M","?"],"items_purchased_type":["Card","Card","Card","Potion"],"build_version":"2020-12-22","purchased_purges":0,"victory":false,"max_hp_per_floor":[75,75,75,75,75,75,75,75,75,75,75,75,75,75,75,75,75,75,75,75],"card_choices":[{"not_picked":["HollowMod:PerfectDash","HollowMod:FallenFury"],"picked":"HollowMod:GoodIntentions","floor":1},{"not_picked":["HollowMod:CloakDash","HollowMod:SoulSplash"],"picked":"HollowMod:HowlingWraiths","floor":2},{"not_picked":["HollowMod:NewLittleFool","HollowMod:CloakDash"],"picked":"HollowMod:HowlingWraiths","floor":3},{"not_picked":["HollowMod:ShapeofUnn","HollowMod:VengefulVoid"],"picked":"HollowMod:SiblingsSouls","floor":4},{"not_picked":["HollowMod:ShadowDash","HollowMod:WraithStrike"],"picked":"HollowMod:SiblingsSouls","floor":7},{"not_picked":["HollowMod:LifebloodCore","HollowMod:InfectionAssault"],"picked":"HollowMod:PureNailStrike","floor":8},{"not_picked":["HollowMod:FastStrike","HollowMod:PureNailStrike"],"picked":"HollowMod:DesolateDive","floor":10},{"not_picked":["HollowMod:LifebloodCocoon","HollowMod:NewJinnsSoul"],"picked":"HollowMod:HowlingWraiths","floor":14},{"not_picked":["HollowMod:MidwifesHunger","HollowMod:theNailsmith"],"picked":"HollowMod:SlysStrikes","floor":16},{"not_picked":["HollowMod:CrystalDash","HollowMod:ShadowDash"],"picked":"HollowMod:DashSlash","floor":18},{"not_picked":["HollowMod:MawleksShell","HollowMod:DescendingDark"],"picked":"HollowMod:BaldurShell+1","floor":18}],"player_experience":199709,"relics_obtained":[{"floor":8,"key":"Grinning Jar"},{"floor":9,"key":"Orichalcum"},{"floor":17,"key":"HollowMod:MillibellesNoteRelic"},{"floor":17,"key":"Frozen Egg 2"},{"floor":17,"key":"Prayer Wheel"}],"event_choices":[{"damage_healed":0,"gold_gain":0,"player_choice":"Rummage","damage_taken":0,"relics_obtained":["WarpedTongs"],"max_hp_gain":0,"max_hp_loss":0,"event_name":"Accursed Blacksmith","floor":5,"gold_loss":0,"cards_obtained":["Pain"]},{"cards_removed":["Pain"],"damage_healed":0,"gold_gain":0,"player_choice":"Offered Curse","damage_taken":0,"relics_obtained":["Spirit Poop"],"max_hp_gain":0,"max_hp_loss":0,"event_name":"Bonfire Elementals","floor":11,"gold_loss":0},{"cards_removed":["Injury"],"damage_healed":0,"gold_gain":0,"player_choice":"Took Card","damage_taken":0,"max_hp_gain":0,"max_hp_loss":0,"event_name":"NoteForYourself","floor":15,"gold_loss":0,"cards_obtained":["Injury"]}],"is_beta":false,"boss_relics":[{"not_picked":["Runic Dome","Black Star"],"picked":"Calling Bell"}],"items_purged_floors":[],"is_endless":false,"potions_floor_spawned":[1,4,10,14,18],"killed_by":"2 Thieves","ascension_level":0}}