{"host":"n0tx3esfb93mqoc3","time":1613460367,"event":{"mods":["BaseMod","Colored Powertips","Downfall","Hermit","Minty Spire (QoL Compilation)","Quick Restart","Replay The Spire","StSLib","The Cursed","The Servant 0.9.4"],"gold_per_floor":[113,129,142,142,159,159,178,178,178,188,201,216,9,24,24,126,126,136,136,151,151,151],"floor_reached":21,"language":"ENG","playtime":2674,"items_purged":[],"score":177,"play_id":"62977b33-01c1-4005-bec4-128e4606ca58","local_time":"20210216022607","is_ascension_mode":false,"campfire_choices":[{"floor":6,"key":"REST"},{"data":"Eviscerate","floor":15,"key":"SMITH"}],"circlet_count":0,"master_deck":["Strike_G","Strike_G","Strike_G","Strike_G","Strike_G","Defend_G","Defend_G","Defend_G","Defend_G","Defend_G","Survivor","Neutralize","Toxin Wave","Eviscerate+1","Flying Knee","Deflect","Deflect","Deflect","Distraction","Poisoned Stab","Well Laid Plans","Replay:Sssssssssshield","Acrobatics","Replay:Poison Smokescreen","ReplayTheSpireMod:From All Sides","Bane+1","Sneak Up"],"relics":["Ring of the Serpent","ReplayTheSpireMod:TigerMarble"],"acts_visited":["Exordium","TheCity"],"potions_floor_usage":[],"damage_taken":[{"damage":0,"enemies":"Small Slimes","floor":1,"turns":3},{"damage":1,"enemies":"Cultist","floor":2,"turns":4},{"damage":2,"enemies":"2 Louse","floor":3,"turns":4},{"damage":14,"enemies":"Red Slaver","floor":5,"turns":5},{"damage":5,"enemies":"Blue Slaver","floor":7,"turns":5},{"damage":0,"enemies":"Exordium Wildlife","floor":10,"turns":3},{"damage":0,"enemies":"3 Louse","floor":11,"turns":4},{"damage":2,"enemies":"Blue Slaver","floor":12,"turns":6},{"damage":0,"enemies":"Looter","floor":14,"turns":4},{"damage":35,"enemies":"Hexaghost","floor":16,"turns":12},{"damage":0,"enemies":"Shell Parasite","floor":18,"turns":8},{"damage":7,"enemies":"Spheric Guardian","floor":20,"turns":4},{"damage":90,"enemies":"3 Cultists","floor":21,"turns":7}],"seed_played":"6807287474655158730","potions_obtained":[{"floor":2,"key":"Languid Potion"},{"floor":3,"key":"BlessingOfTheForge"},{"floor":7,"key":"sneckomod:MuddlingPotion"},{"floor":10,"key":"Adrenaline Potion"}],"is_trial":false,"path_per_floor":["M","M","M","?","M","R","M","?","T","M","M","M","$","M","R","B",null,"M","$","M","M"],"character_chosen":"THE_SILENT","items_purchased":["Well Laid Plans","Replay:Sssssssssshield","Acrobatics"],"campfire_rested":1,"item_purchase_floors":[13,13,13],"current_hp_per_floor":[77,76,74,74,60,77,72,72,72,72,72,70,70,70,70,35,77,77,77,70,0,0],"gold":151,"neow_bonus":"TEN_PERCENT_HP_BONUS","is_daily":false,"chose_seed":false,"campfire_upgraded":1,"win_rate":0.0,"timestamp":1613460367,"path_taken":["M","M","M","?","?","R","M","?","T","M","?","M","$","M","R","BOSS","M","$","M","M"],"items_purchased_type":["Card","Card","Card"],"build_version":"2020-12-22","purchased_purges":0,"victory":false,"max_hp_per_floor":[77,77,77,77,77,77,77,77,77,77,77,77,77,77,77,77,77,77,77,77,77,77],"card_choices":[{"not_picked":["Acrobatics","Dagger Spray"],"picked":"Toxin Wave","floor":1},{"not_picked":["Prepared","Underhanded Strike"],"picked":"Eviscerate","floor":2},{"not_picked":["Underhanded Strike","Dagger Spray"],"picked":"Flying Knee","floor":3},{"not_picked":["Calculated Gamble","Bane"],"picked":"Deflect","floor":5},{"not_picked":["Poisoned Stab","Dodge and Roll"],"picked":"Deflect","floor":7},{"not_picked":["ReplayTheSpireMod:From All Sides","Poisoned Stab"],"picked":"Deflect","floor":10},{"not_picked":["Dagger Spray","Outmaneuver"],"picked":"Distraction","floor":11},{"not_picked":["Prepared","Toxin Wave"],"picked":"Poisoned Stab","floor":12},{"not_picked":["Deadly Poison","Toxin Wave"],"picked":"Replay:Poison Smokescreen","floor":14},{"not_picked":["ReplayTheSpireMod:Necrosis","Corpse Explosion"],"picked":"ReplayTheSpireMod:From All Sides","floor":16},{"not_picked":["Dagger Throw","Prepared+1"],"picked":"Bane+1","floor":18},{"not_picked":["PiercingWail","ReplayTheSpireMod:Exploit Weakness"],"picked":"Sneak Up","floor":20}],"player_experience":30477,"relics_obtained":[{"floor":9,"key":"ReplayTheSpireMod:TigerMarble"}],"event_choices":[{"damage_healed":0,"gold_gain":0,"player_choice":"Bought 0 Potions","damage_taken":0,"max_hp_gain":0,"max_hp_loss":0,"event_name":"The Woman in Blue","floor":4,"gold_loss":0},{"damage_healed":0,"gold_gain":0,"player_choice":"Ignored","damage_taken":0,"max_hp_gain":0,"max_hp_loss":0,"event_name":"Purifier","floor":8,"gold_loss":0}],"is_beta":false,"boss_relics":[{"not_picked":["Busted Crown","Replay:Bronze Core"],"picked":"Ring of the Serpent"}],"items_purged_floors":[],"is_endless":false,"potions_floor_spawned":[2,3,7,10],"killed_by":"3 Cultists","ascension_level":0}}