{"host":"ifvrsrzj00f2ebkn","time":1613480414,"event":{"mods":["BaseMod","Colored Map","Colored Powertips","Minty Spire (QoL Compilation)","Random Character Button","Shop Mod","StSLib"],"gold_per_floor":[117,137,137,156,168,168,181,201,256,256,274,305,80,115,115,219,219,243,255,286,130,142,142,168,43,43,70,70,70],"floor_reached":28,"language":"ENG","playtime":2854,"items_purged":["Strike_B","Strike_B","Strike_B"],"score":270,"play_id":"226f62f6-b016-4b03-b84c-9c5236f9d66a","local_time":"20210216210014","is_ascension_mode":false,"campfire_choices":[{"data":"Static Discharge","floor":6,"key":"SMITH"},{"floor":10,"key":"REST"},{"floor":15,"key":"REST"},{"floor":23,"key":"REST"}],"circlet_count":0,"master_deck":["Strike_B","Defend_B","Defend_B","Defend_B","Defend_B","Zap","Dualcast","Redo","Leap","Leap","Static Discharge+1","Tempest","Storm","Steam","Thunder Strike","Rip and Tear","CurseOfTheBell","Steam","Heatsinks","Defragment"],"relics":["Cracked Core","Blood Vial","TungstenRod","Mummified Hand","Calling Bell","MawBank","Blue Candle","CaptainsWheel","Lantern","Darkstone Periapt","Gremlin Horn","Bottled Lightning"],"acts_visited":["Exordium","TheCity"],"potions_floor_usage":[14,14,14,27],"damage_taken":[{"damage":1,"enemies":"2 Louse","floor":1,"turns":4},{"damage":0,"enemies":"Cultist","floor":2,"turns":3},{"damage":5,"enemies":"Small Slimes","floor":4,"turns":4},{"damage":8,"enemies":"2 Fungi Beasts","floor":5,"turns":4},{"damage":0,"enemies":"Exordium Wildlife","floor":7,"turns":4},{"damage":12,"enemies":"Lots of Slimes","floor":8,"turns":4},{"damage":12,"enemies":"Large Slime","floor":11,"turns":4},{"damage":19,"enemies":"Lagavulin","floor":12,"turns":7},{"damage":20,"enemies":"Gremlin Nob","floor":14,"turns":5},{"damage":26,"enemies":"Slime Boss","floor":16,"turns":10},{"damage":27,"enemies":"2 Thieves","floor":18,"turns":2},{"damage":5,"enemies":"Shell Parasite","floor":20,"turns":4},{"damage":7,"enemies":"Centurion and Healer","floor":22,"turns":4},{"damage":35,"enemies":"Slavers","floor":24,"turns":5},{"damage":20,"enemies":"Book of Stabbing","floor":27,"turns":6},{"damage":25,"enemies":"3 Cultists","floor":28,"turns":4}],"seed_played":"-5701978128635587243","potions_obtained":[{"floor":1,"key":"LiquidBronze"},{"floor":4,"key":"Regen Potion"},{"floor":8,"key":"AttackPotion"},{"floor":24,"key":"LiquidBronze"}],"is_trial":false,"path_per_floor":["M","M","?","M","M","R","M","M","T","R","M","E","$","E","R","B",null,"M","?","M","$","M","R","E","$","T","E","M"],"character_chosen":"DEFECT","items_purchased":["Thunder Strike","Heatsinks"],"campfire_rested":3,"item_purchase_floors":[13,21],"current_hp_per_floor":[81,81,81,76,68,68,68,56,56,80,70,53,53,44,68,44,82,55,55,52,52,47,71,38,38,38,20,0,0],"gold":70,"neow_bonus":"TEN_PERCENT_HP_BONUS","is_daily":false,"chose_seed":false,"campfire_upgraded":1,"win_rate":0.0,"timestamp":1613480414,"path_taken":["M","M","?","M","M","R","M","M","T","R","M","E","$","E","R","BOSS","M","?","M","$","M","R","E","?","T","E","M"],"items_purchased_type":["Card","Card"],"build_version":"2020-12-22","purchased_purges":3,"victory":false,"max_hp_per_floor":[82,82,82,82,82,82,82,82,82,82,82,82,82,82,82,82,82,82,82,82,82,82,82,82,82,82,82,82,82],"card_choices":[{"not_picked":["Melter","Cold Snap"],"picked":"Redo","floor":1},{"not_picked":["Streamline","Hologram"],"picked":"Leap","floor":2},{"not_picked":["Beam Cell","Go for the Eyes"],"picked":"Leap","floor":4},{"not_picked":["Gash","Steam"],"picked":"Static Discharge","floor":5},{"not_picked":["Redo","Blizzard"],"picked":"Tempest","floor":7},{"not_picked":["Blizzard","Melter","Aggregate"],"picked":"SKIP","floor":8},{"not_picked":["Go for the Eyes","White Noise"],"picked":"Storm","floor":11},{"not_picked":["Loop","Streamline"],"picked":"Steam","floor":12},{"not_picked":["Multi-Cast","Tempest"],"picked":"Rip and Tear","floor":14},{"not_picked":["Glacier","Cold Snap+1","Coolheaded"],"picked":"SKIP","floor":18},{"not_picked":["Coolheaded","Scrape"],"picked":"Steam","floor":20},{"not_picked":["Beam Cell","Tempest","Coolheaded"],"picked":"SKIP","floor":22},{"not_picked":["Chaos","Leap"],"picked":"Defragment","floor":24},{"not_picked":["Loop","Reboot","Darkness"],"picked":"SKIP","floor":27}],"player_experience":103034,"relics_obtained":[{"floor":9,"key":"Blood Vial"},{"floor":12,"key":"TungstenRod"},{"floor":14,"key":"Mummified Hand"},{"floor":17,"key":"MawBank"},{"floor":17,"key":"Blue Candle"},{"floor":17,"key":"CaptainsWheel"},{"floor":19,"key":"Lantern"},{"floor":24,"key":"Darkstone Periapt"},{"floor":26,"key":"Gremlin Horn"},{"floor":27,"key":"Bottled Lightning"}],"event_choices":[{"damage_healed":0,"gold_gain":0,"player_choice":"Bought 0 Potions","damage_taken":0,"max_hp_gain":0,"max_hp_loss":0,"event_name":"The Woman in Blue","floor":3,"gold_loss":0},{"damage_healed":0,"gold_gain":0,"player_choice":"Relic","damage_taken":0,"max_hp_gain":0,"max_hp_loss":0,"event_name":"Wheel of Change","floor":19,"gold_loss":0}],"is_beta":false,"boss_relics":[{"not_picked":["Coffee Dripper","Velvet Choker"],"picked":"Calling Bell"}],"items_purged_floors":[13,21,25],"is_endless":false,"potions_floor_spawned":[1,4,8,24],"killed_by":"3 Cultists","ascension_level":0}}