{"host":"89iuq2p5kwriuwfq","time":1613502428,"event":{"mods":["BaseMod","Curses Come First","Minty Spire (QoL Compilation)","Permanent Neow","StSLib"],"gold_per_floor":[118,128,144,154,154,189,199,229,229,4,36,51,51,33,33,137,137,151,170,170,170,10,35,35,66,66,66,66,97,97,110,110,209,209,228,245,262,262,277,305,321,346,346,357,368,418,418,446,446,446],"floor_reached":51,"language":"ENG","playtime":7116,"items_purged":["Defend_R","Strike_R"],"score":1457,"play_id":"7c74aaf3-20a1-4a29-8512-33006320783f","local_time":"20210216190708","is_ascension_mode":true,"campfire_choices":[{"data":"Spot Weakness","floor":13,"key":"SMITH"},{"data":"Sword Boomerang","floor":15,"key":"SMITH"},{"data":"Exhume","floor":27,"key":"SMITH"},{"data":"Shrug It Off","floor":30,"key":"SMITH"},{"data":"Rampage","floor":32,"key":"SMITH"},{"data":"1","floor":47,"key":"LIFT"},{"data":"2","floor":49,"key":"LIFT"}],"circlet_count":0,"master_deck":["AscendersBane","Strike_R","Strike_R","Defend_R","Defend_R","Defend_R","Bash+1","Rampage+1","Spot Weakness+1","Sword Boomerang+1","Shrug It Off+1","Reaper","Flex","Shrug It Off","Rupture+1","Headbutt+1","Combust+1","Metallicize+1","Exhume+1","Bloodletting+1","Twin Strike+1","Necronomicurse","Inflame+1","Combust+1","Clothesline+1","RitualDagger+1","Metallicize+1","Metallicize+1","Demon Form+1","Shrug It Off+1","Metallicize+1","Rupture+1","Decay","Shrug It Off+1","Pommel Strike+1"],"relics":["Burning Blood","Happy Flower","Anchor","Frozen Egg 2","Membership Card","Molten Egg 2","Black Star","Necronomicon","Red Skull","Singing Bowl","Letter Opener","Eternal Feather","Du-Vu Doll","White Beast Statue","Mummified Hand","Bag of Marbles","Cursed Key","Strawberry","Akabeko","Mercury Hourglass","Vajra","War Paint","Girya","Pantograph","Magic Flower"],"acts_visited":["Exordium","TheCity","TheBeyond"],"potions_floor_usage":[4,11,16,23,25,50,50],"damage_taken":[{"damage":3,"enemies":"2 Louse","floor":1,"turns":4},{"damage":6,"enemies":"Cultist","floor":2,"turns":4},{"damage":2,"enemies":"Jaw Worm","floor":3,"turns":3},{"damage":6,"enemies":"3 Louse","floor":4,"turns":3},{"damage":34,"enemies":"Gremlin Nob","floor":6,"turns":4},{"damage":11,"enemies":"Blue Slaver","floor":7,"turns":3},{"damage":30,"enemies":"3 Sentries","floor":8,"turns":7},{"damage":24,"enemies":"Lagavulin","floor":11,"turns":6},{"damage":8,"enemies":"Large Slime","floor":12,"turns":4},{"damage":17,"enemies":"Hexaghost","floor":16,"turns":9},{"damage":0,"enemies":"Shell Parasite","floor":18,"turns":4},{"damage":3,"enemies":"Spheric Guardian","floor":19,"turns":3},{"damage":48,"enemies":"Book of Stabbing","floor":23,"turns":4},{"damage":26,"enemies":"Slavers","floor":25,"turns":4},{"damage":4,"enemies":"Gremlin Leader","floor":29,"turns":3},{"damage":24,"enemies":"Snecko","floor":31,"turns":4},{"damage":83,"enemies":"Automaton","floor":33,"turns":8},{"damage":24,"enemies":"3 Shapes","floor":35,"turns":4},{"damage":6,"enemies":"Orb Walker","floor":36,"turns":4},{"damage":28,"enemies":"Writhing Mass","floor":37,"turns":4},{"damage":22,"enemies":"Transient","floor":39,"turns":5},{"damage":47,"enemies":"Nemesis","floor":40,"turns":5},{"damage":13,"enemies":"4 Shapes","floor":41,"turns":4},{"damage":35,"enemies":"Reptomancer","floor":42,"turns":3},{"damage":0,"enemies":"Spire Growth","floor":44,"turns":2},{"damage":13,"enemies":"Maw","floor":45,"turns":4},{"damage":28,"enemies":"Mind Bloom Boss Battle","floor":46,"turns":5},{"damage":28,"enemies":"Giant Head","floor":48,"turns":6},{"damage":11,"enemies":"Time Eater","floor":50,"turns":8}],"seed_played":"1675643116615547151","potions_obtained":[{"floor":2,"key":"FearPotion"},{"floor":3,"key":"Block Potion"},{"floor":12,"key":"SkillPotion"},{"floor":16,"key":"Explosive Potion"},{"floor":19,"key":"PowerPotion"},{"floor":29,"key":"Ancient Potion"},{"floor":31,"key":"Dexterity Potion"},{"floor":33,"key":"BlessingOfTheForge"},{"floor":46,"key":"PowerPotion"}],"is_trial":false,"path_per_floor":["M","M","M","M","?","E","M","E","T","$","E","M","R","$","R","B",null,"M","M","?","?","$","E","?","E","T","R","?","E","R","M","R","B",null,"M","M","M","?","M","E","M","E","T","M","M","?","R","E","R","B",null],"character_chosen":"IRONCLAD","items_purchased":["Membership Card","Rupture+1","Metallicize+1","Inflame+1","Red Skull"],"campfire_rested":0,"item_purchase_floors":[10,10,14,22,22],"current_hp_per_floor":[75,75,79,79,79,51,46,43,43,43,31,38,38,38,38,43,71,77,80,64,64,64,43,28,32,32,47,41,85,85,80,85,23,70,76,76,56,56,72,39,52,25,25,33,70,50,68,104,104,102],"gold":446,"neow_bonus":"UPGRADE_CARD","is_daily":false,"chose_seed":false,"campfire_upgraded":5,"win_rate":0.0,"timestamp":1613502428,"path_taken":["M","M","M","M","?","E","M","E","T","?","E","?","R","$","R","BOSS","M","M","?","?","$","E","?","E","T","R","?","E","R","M","R","BOSS","M","M","M","?","M","E","M","E","T","M","M","?","R","E","R","BOSS"],"items_purchased_type":["Relic","Card","Card","Card","Relic"],"build_version":"2020-12-22","purchased_purges":2,"victory":true,"max_hp_per_floor":[80,80,80,80,80,80,80,80,80,80,80,80,80,80,80,80,80,80,80,80,80,80,80,85,85,85,85,85,85,85,85,85,85,85,85,85,87,87,89,96,98,100,100,102,102,104,104,104,104,104],"card_choices":[{"not_picked":["Anger","Sever Soul"],"picked":"Rampage","floor":1},{"not_picked":["Pommel Strike","Warcry"],"picked":"Spot Weakness","floor":2},{"not_picked":["Iron Wave","Havoc"],"picked":"Sword Boomerang","floor":3},{"not_picked":["Body Slam","Iron Wave"],"picked":"Shrug It Off","floor":4},{"not_picked":["Searing Blow","Wild Strike"],"picked":"Reaper","floor":6},{"not_picked":["Perfected Strike","True Grit"],"picked":"Flex","floor":7},{"not_picked":["Feel No Pain","True Grit"],"picked":"Shrug It Off","floor":8},{"not_picked":["Bludgeon+1","Sentinel"],"picked":"Headbutt+1","floor":11},{"not_picked":["Shrug It Off","Sword Boomerang+1"],"picked":"Combust+1","floor":12},{"not_picked":["Reaper+1","Impervious"],"picked":"Exhume","floor":16},{"not_picked":["Twin Strike+1","True Grit"],"picked":"Bloodletting","floor":18},{"not_picked":["Warcry","Havoc+1"],"picked":"Twin Strike+1","floor":19},{"not_picked":["Fire Breathing+1","Sever Soul+1"],"picked":"Combust+1","floor":23},{"not_picked":["Evolve+1","Dark Embrace+1"],"picked":"Clothesline+1","floor":25},{"not_picked":["Armaments","Flex"],"picked":"Metallicize+1","floor":29},{"not_picked":["Bludgeon+1","Ghostly Armor+1"],"picked":"Metallicize+1","floor":31},{"not_picked":["Exhume","Corruption+1"],"picked":"Demon Form+1","floor":33},{"not_picked":["Heavy Blade+1","Havoc"],"picked":"Shrug It Off","floor":35},{"not_picked":["Havoc","Shrug It Off"],"picked":"Metallicize+1","floor":36},{"not_picked":["Sever Soul+1","Fiend Fire+1","Iron Wave+1"],"picked":"Singing Bowl","floor":37},{"not_picked":["Cleave+1","Fire Breathing+1","Flex"],"picked":"Singing Bowl","floor":39},{"not_picked":["Cleave+1","Disarm"],"picked":"Rupture+1","floor":40},{"not_picked":["Carnage+1","Whirlwind+1","Evolve+1"],"picked":"Singing Bowl","floor":41},{"not_picked":["Reckless Charge+1","Cleave+1","Wild Strike+1"],"picked":"Singing Bowl","floor":42},{"not_picked":["Warcry","Immolate+1","Cleave+1"],"picked":"Singing Bowl","floor":44},{"not_picked":["Power Through","Anger+1"],"picked":"Shrug It Off+1","floor":45},{"not_picked":["Reckless Charge+1","Perfected Strike+1","Iron Wave+1"],"picked":"Singing Bowl","floor":46},{"not_picked":["Iron Wave+1","Battle Trance"],"picked":"Pommel Strike+1","floor":48}],"player_experience":701279,"relics_obtained":[{"floor":6,"key":"Happy Flower"},{"floor":8,"key":"Anchor"},{"floor":9,"key":"Frozen Egg 2"},{"floor":11,"key":"Molten Egg 2"},{"floor":20,"key":"Necronomicon"},{"floor":23,"key":"Singing Bowl"},{"floor":23,"key":"Letter Opener"},{"floor":25,"key":"Eternal Feather"},{"floor":25,"key":"Du-Vu Doll"},{"floor":26,"key":"White Beast Statue"},{"floor":29,"key":"Mummified Hand"},{"floor":29,"key":"Bag of Marbles"},{"floor":40,"key":"Strawberry"},{"floor":40,"key":"Akabeko"},{"floor":42,"key":"Mercury Hourglass"},{"floor":42,"key":"Vajra"},{"floor":43,"key":"War Paint"},{"floor":46,"key":"Girya"},{"floor":48,"key":"Pantograph"},{"floor":48,"key":"Magic Flower"}],"event_choices":[{"cards_removed":["Strike_R"],"damage_healed":0,"gold_gain":0,"player_choice":"Purged","damage_taken":0,"max_hp_gain":0,"max_hp_loss":0,"event_name":"Purifier","floor":5,"gold_loss":0},{"damage_healed":0,"gold_gain":0,"player_choice":"Obtained Book","damage_taken":16,"max_hp_gain":0,"max_hp_loss":0,"event_name":"Cursed Tome","floor":20,"gold_loss":0},{"damage_healed":0,"gold_gain":0,"player_choice":"Ignored","damage_taken":0,"max_hp_gain":0,"max_hp_loss":0,"event_name":"Ghosts","floor":21,"gold_loss":0},{"damage_healed":0,"gold_gain":0,"player_choice":"Shed Blood","damage_taken":20,"max_hp_gain":5,"max_hp_loss":0,"event_name":"Forgotten Altar","floor":24,"gold_loss":0},{"damage_healed":0,"gold_gain":0,"player_choice":"Joined the Cult","damage_taken":6,"max_hp_gain":0,"max_hp_loss":0,"event_name":"Nest","floor":28,"gold_loss":0,"cards_obtained":["RitualDagger"]},{"cards_removed":["Strike_R"],"damage_healed":0,"gold_gain":0,"player_choice":"Removed Attack","damage_taken":0,"max_hp_gain":0,"max_hp_loss":0,"event_name":"Falling","floor":38,"gold_loss":0},{"damage_healed":0,"gold_gain":0,"player_choice":"Fight","damage_taken":0,"max_hp_gain":0,"max_hp_loss":0,"event_name":"MindBloom","floor":46,"gold_loss":0}],"is_beta":false,"boss_relics":[{"not_picked":["Tiny House","Coffee Dripper"],"picked":"Black Star"},{"not_picked":["Fusion Hammer","Snecko Eye"],"picked":"Cursed Key"}],"items_purged_floors":[10,22],"is_endless":false,"potions_floor_spawned":[2,3,12,16,19,29,31,33,35,36,37,39,40,41,42,44,45,46,48],"ascension_level":12}}