{"host":"mz7jk4rsv9z8n2me","time":1613494620,"event":{"mods":["AchievementEnabler","Aspiration","BaseMod","Bestiary","Better Synergies","Better Third Choice","Better-Laid Plans","Bossed Relics","Challenge The Spire","Colored Map","Colored Powertips","Conspire","DeckTracker","Defuse TimeMaze Blight","Energized Spire","Evolution","Hermit","Hubris","Humility","Jorbs\u0027s Wanderer Trilogy","Minty Spire (QoL Compilation)","Permanent Neow","Quick Restart","Relic Stats","Reliquary","Replay The Spire","Smile Girya","Spicy Shops","StS++","StSLib","The Construct","Together in Spire"],"gold_per_floor":[116,116,134,153,228,228,262,262,289,320,320,320,347,53,53,155,155,169,268,268,7,7,7,17,28,102,102,115,115,115],"floor_reached":29,"language":"ENG","playtime":1353,"items_purged":["Strike_R"],"score":267,"play_id":"b02dab46-622d-4d7f-9442-070dc4f2e5ec","local_time":"20210216175700","is_ascension_mode":true,"campfire_choices":[{"data":"True Grit","floor":6,"key":"SMITH"},{"data":"conspire:Charge","floor":8,"key":"SMITH"},{"floor":15,"key":"REST"},{"data":"Demon Form","floor":23,"key":"SMITH"},{"floor":27,"key":"REST"}],"circlet_count":0,"master_deck":["Cleave","Strike_R","Strike_R+1","Strike_R","Defend_R","Defend_R","Defend_R","Bash+1","True Grit+1","Flex","conspire:Charge+1","Demon Form+1","Double Tap","Headbutt"],"relics":["Burning Blood","EVO:Axolotl","reliquary:TatteredRug","PreservedInsect","reliquary:OuijaBoard","StSpp:SailingBoat","conspire:TreasureMap","reliquary:PartyBalloon","Membership Card","Vajra","aspiration:StickyExplosives_weak"],"acts_visited":["Exordium","TheCity"],"potions_floor_usage":[18,24],"damage_taken":[{"damage":9,"enemies":"Jaw Worm","floor":1,"turns":3},{"damage":0,"enemies":"Cultist","floor":3,"turns":3},{"damage":0,"enemies":"2 Louse","floor":4,"turns":2},{"damage":13,"enemies":"Lagavulin","floor":7,"turns":5},{"damage":0,"enemies":"Replay:BlueRogue","floor":13,"turns":3},{"damage":23,"enemies":"Fading Forest","floor":16,"turns":11},{"damage":33,"enemies":"3 Byrds","floor":18,"turns":6},{"damage":27,"enemies":"Spheric Guardian","floor":24,"turns":4},{"damage":39,"enemies":"Shelled Parasite and Fungi","floor":25,"turns":6},{"damage":23,"enemies":"Snecko","floor":28,"turns":5},{"damage":0,"enemies":"Chosen and Byrds","floor":29,"turns":1}],"seed_played":"-5212205051059070241","potions_obtained":[{"floor":1,"key":"Milkshake"},{"floor":2,"key":"Block Potion"},{"floor":2,"key":"StSpp:InhibitionPotion"},{"floor":16,"key":"FairyPotion"},{"floor":18,"key":"Energy Potion"}],"is_trial":false,"path_per_floor":["M","?","M","M","?","R","E","R","T","?","?","?","E","$","R","B",null,"M","?","?","$","?","R","M","M","T","R","M","M"],"character_chosen":"IRONCLAD","items_purchased":["conspire:TreasureMap","reliquary:PartyBalloon","Membership Card","Vajra"],"campfire_rested":2,"item_purchase_floors":[14,14,21,21],"current_hp_per_floor":[77,77,80,80,69,69,62,62,62,30,30,30,36,36,60,53,80,53,53,53,53,53,53,32,24,24,48,31,31,31],"gold":115,"neow_bonus":"UPGRADE_CARD","is_daily":false,"chose_seed":false,"campfire_upgraded":3,"win_rate":0.0,"timestamp":1613494620,"path_taken":["M","?","?","M","?","R","E","R","T","?","?","?","E","?","R","BOSS","M","?","?","$","?","R","M","M","T","R","M","M"],"items_purchased_type":["Relic","Relic","Relic","Relic"],"build_version":"2020-12-22","purchased_purges":1,"victory":false,"max_hp_per_floor":[80,80,80,80,80,80,80,80,80,80,80,80,80,80,80,80,80,80,80,80,80,80,80,80,80,80,80,80,80,80],"relic_stats":{"counters":[11,48],"PreservedInsect":22,"obtain_stats":[{"reliquary:OuijaBoard":10,"conspire:TreasureMap":14,"reliquary:PartyBalloon":14,"Vajra":21,"reliquary:TatteredRug":7,"PreservedInsect":9,"EVO:Axolotl":0,"StSpp:SailingBoat":13,"Membership Card":21,"Burning Blood":0,"aspiration:StickyExplosives_weak":26},{"reliquary:OuijaBoard":4,"conspire:TreasureMap":5,"reliquary:PartyBalloon":5,"Vajra":7,"reliquary:TatteredRug":4,"PreservedInsect":4,"EVO:Axolotl":0,"StSpp:SailingBoat":5,"Membership Card":7,"Burning Blood":0,"aspiration:StickyExplosives_weak":9},{"reliquary:OuijaBoard":13,"conspire:TreasureMap":16,"reliquary:PartyBalloon":16,"Vajra":33,"reliquary:TatteredRug":13,"PreservedInsect":13,"EVO:Axolotl":0,"StSpp:SailingBoat":16,"Membership Card":33,"Burning Blood":0,"aspiration:StickyExplosives_weak":43}],"Burning Blood":51},"card_choices":[{"not_picked":["Sever Soul","Perfected Strike"],"picked":"True Grit","floor":1},{"not_picked":["Infernal Blade","Thunderclap"],"picked":"Flex","floor":3},{"not_picked":["Pummel","hubris:ReadiedAction"],"picked":"conspire:Charge","floor":4},{"not_picked":["Wild Strike","Bludgeon","Flex"],"picked":"SKIP","floor":7},{"not_picked":["Body Slam","Perfected Strike"],"picked":"Demon Form","floor":13},{"not_picked":["Brutality","Impervious"],"picked":"Double Tap","floor":16},{"not_picked":["Massacre","Heavy Blade"],"picked":"Headbutt","floor":18},{"not_picked":["Hemokinesis","Warcry","Twin Strike+1"],"picked":"SKIP","floor":24},{"not_picked":["Wild Strike","Perfected Strike","Havoc+1"],"picked":"SKIP","floor":25},{"not_picked":["StSpp:CounterStrike","Carnage","Infernal Blade"],"picked":"SKIP","floor":28}],"player_experience":82841,"relics_obtained":[{"floor":7,"key":"reliquary:TatteredRug"},{"floor":9,"key":"PreservedInsect"},{"floor":10,"key":"reliquary:OuijaBoard"},{"floor":13,"key":"StSpp:SailingBoat"},{"floor":26,"key":"aspiration:StickyExplosives_weak"}],"event_choices":[{"damage_healed":0,"gold_gain":0,"player_choice":"Got Potions","damage_taken":0,"max_hp_gain":0,"max_hp_loss":0,"event_name":"Lab","floor":2,"gold_loss":0},{"damage_healed":0,"gold_gain":75,"player_choice":"Gold","damage_taken":11,"max_hp_gain":0,"max_hp_loss":0,"event_name":"betterThird:BetterGoop","floor":5,"gold_loss":0},{"damage_healed":0,"gold_gain":0,"player_choice":"LEAVE","damage_taken":0,"max_hp_gain":0,"max_hp_loss":0,"event_name":"betterThird:BetterScrap","floor":11,"gold_loss":0,"cards_obtained":["Static Discharge"]},{"damage_healed":0,"gold_gain":99,"player_choice":"Steal","damage_taken":0,"max_hp_gain":0,"max_hp_loss":0,"event_name":"betterThird:BetterNest","floor":19,"gold_loss":0},{"damage_healed":0,"gold_gain":0,"player_choice":"Ignored","damage_taken":0,"max_hp_gain":0,"max_hp_loss":0,"event_name":"Cursed Tome","floor":20,"gold_loss":0},{"cards_removed":["Defend_R"],"damage_healed":0,"gold_gain":0,"player_choice":"Elegance","damage_taken":0,"max_hp_gain":0,"max_hp_loss":0,"event_name":"betterThird:BetterWriting","floor":22,"gold_loss":0}],"is_beta":false,"boss_relics":[{"not_picked":["energizedSpire:EnergizedDie","StSpp:PileOfSugar","conspire:SeveredTorchhead"]}],"items_purged_floors":[21],"is_endless":false,"potions_floor_spawned":[1,3,16,18],"killed_by":"Chosen and Byrds","ascension_level":1,"is_humility":true}}