{"host":"oi6p1guiqfwwvxym","time":1613443205,"event":{"mods":["BaseMod","Bestiary","Colored Map","Minty Spire (QoL Compilation)","Relic Stats"],"gold_per_floor":[113,57,107,122,197,197,207,237,237,254,254,286,302,312,312,383,383,357,54,54,14,25,25,54,69,69,69,82,82,82],"floor_reached":29,"language":"ENG","playtime":1222,"items_purged":[],"score":535,"play_id":"32840ee0-60f3-495d-b6a7-161130adef54","local_time":"20210215184005","is_ascension_mode":true,"campfire_choices":[{"data":"Carnage","floor":6.0,"key":"SMITH"},{"data":"Fire Breathing","floor":11.0,"key":"SMITH"},{"floor":15.0,"key":"REST"},{"data":"Rupture","floor":23.0,"key":"SMITH"},{"floor":27,"key":"REST"}],"circlet_count":0,"master_deck":["AscendersBane","Strike_R","Strike_R","Strike_R","Strike_R","Strike_R","Defend_R","Defend_R","Defend_R","Defend_R","Bash+1","Pummel","Sword Boomerang","Carnage+1","Headbutt","Fire Breathing+1","Warcry","Rupture+1","Feed","Metallicize","Corruption","CurseOfTheBell","Battle Trance","Intimidate","Disarm","J.A.X.","Bloodletting","Offering","Shrug It Off","Seeing Red","Inflame+1","Dark Embrace+1"],"relics":["Burning Blood","Peace Pipe","StoneCalendar","Mummified Hand","Calling Bell","Potion Belt","The Courier","Prayer Wheel","Pear","Sundial","MealTicket"],"acts_visited":["Exordium","TheCity"],"potions_floor_usage":[25],"damage_taken":[{"damage":6.0,"enemies":"2 Louse","floor":1.0,"turns":3.0},{"damage":7.0,"enemies":"Cultist","floor":4.0,"turns":4.0},{"damage":2.0,"enemies":"Small Slimes","floor":7.0,"turns":3.0},{"damage":30.0,"enemies":"Lagavulin","floor":8.0,"turns":5.0},{"damage":1.0,"enemies":"3 Louse","floor":10.0,"turns":2.0},{"damage":8.0,"enemies":"Gremlin Nob","floor":12.0,"turns":3.0},{"damage":16.0,"enemies":"Lots of Slimes","floor":13.0,"turns":6.0},{"damage":9.0,"enemies":"Red Slaver","floor":14.0,"turns":3.0},{"damage":38.0,"enemies":"Slime Boss","floor":16.0,"turns":7.0},{"damage":36.0,"enemies":"2 Thieves","floor":18.0,"turns":4.0},{"damage":0.0,"enemies":"3 Byrds","floor":22.0,"turns":7.0},{"damage":60.0,"enemies":"Book of Stabbing","floor":24.0,"turns":5.0},{"damage":18,"enemies":"Centurion and Healer","floor":25,"turns":7},{"damage":29,"enemies":"Snecko","floor":28,"turns":4},{"damage":21,"enemies":"Snake Plant","floor":29,"turns":2}],"seed_played":"8406618841098574314","potions_obtained":[{"floor":1.0,"key":"Energy Potion"},{"floor":4.0,"key":"Block Potion"},{"floor":18.0,"key":"Block Potion"},{"floor":21.0,"key":"SteroidPotion"},{"floor":21.0,"key":"Swift Potion"},{"floor":22.0,"key":"BloodPotion"},{"floor":28,"key":"LiquidMemories"}],"is_trial":false,"path_per_floor":["M","$","?","M","?","R","M","E","T","M","R","E","M","M","R","B",null,"M","$","?","?","M","R","E","M","T","R","M","M"],"character_chosen":"IRONCLAD","items_purchased":["Sword Boomerang","Disarm","Pear","SkillPotion"],"campfire_rested":2,"item_purchase_floors":[2,19,19,19],"current_hp_per_floor":[68,68,68,67,56,56,60,36,36,41,41,39,29,29,52,20,64,34,44,44,44,53,53,20,11,11,40,17,0,0],"gold":82,"neow_bonus":"UPGRADE_CARD","is_daily":false,"chose_seed":false,"campfire_upgraded":3,"win_rate":0.0,"timestamp":1613443205,"path_taken":["M","$","?","?","?","R","M","E","T","M","R","E","M","M","R","BOSS","M","$","?","?","M","R","E","M","T","R","?","M"],"items_purchased_type":["Card","Card","Relic","Potion"],"build_version":"2020-12-22","purchased_purges":0,"victory":false,"max_hp_per_floor":[75,75,75,75,75,75,75,75,75,75,75,75,75,78,78,78,78,78,88,88,88,91,91,94,97,97,97,97,97,97],"relic_stats":{"Peace Pipe":0,"counters":[15,65],"Mummified Hand":[17],"Sundial":[0],"StoneCalendar":[0],"Prayer Wheel":4,"MealTicket":0,"obtain_stats":[{"Peace Pipe":8,"Calling Bell":17,"Potion Belt":17,"Pear":19,"Mummified Hand":12,"Sundial":24,"StoneCalendar":9,"Prayer Wheel":17,"MealTicket":26,"The Courier":17,"Burning Blood":0},{"Peace Pipe":4,"Calling Bell":9,"Potion Belt":9,"Pear":10,"Mummified Hand":6,"Sundial":12,"StoneCalendar":4,"Prayer Wheel":9,"MealTicket":13,"The Courier":9,"Burning Blood":0},{"Peace Pipe":15,"Calling Bell":36,"Potion Belt":36,"Pear":40,"Mummified Hand":20,"Sundial":52,"StoneCalendar":15,"Prayer Wheel":36,"MealTicket":59,"The Courier":36,"Burning Blood":0}],"Burning Blood":84},"card_choices":[{"not_picked":["Havoc","Shrug It Off"],"picked":"Pummel","floor":1.0},{"not_picked":["Shockwave","Clothesline"],"picked":"Carnage","floor":4.0},{"not_picked":["Wild Strike","Evolve"],"picked":"Headbutt","floor":7.0},{"not_picked":["Perfected Strike","Havoc"],"picked":"Fire Breathing","floor":8.0},{"not_picked":["Infernal Blade","Cleave"],"picked":"Warcry","floor":10.0},{"not_picked":["Perfected Strike","Anger"],"picked":"Rupture","floor":12.0},{"not_picked":["Body Slam","Pommel Strike"],"picked":"Feed","floor":13.0},{"not_picked":["Entrench","Combust"],"picked":"Metallicize","floor":14.0},{"not_picked":["Juggernaut","Brutality"],"picked":"Corruption","floor":16.0},{"not_picked":["Clash","Rampage"],"picked":"Battle Trance","floor":18.0},{"not_picked":["Sword Boomerang","Flex"],"picked":"Intimidate","floor":18.0},{"not_picked":["Combust","Ghostly Armor"],"picked":"Bloodletting","floor":22.0},{"not_picked":["Cleave","Thunderclap","Pommel Strike"],"picked":"SKIP","floor":22.0},{"not_picked":["Perfected Strike","Thunderclap"],"picked":"Offering","floor":24.0},{"not_picked":["Iron Wave","Metallicize"],"picked":"Shrug It Off","floor":25},{"not_picked":["Sword Boomerang","Pommel Strike"],"picked":"Seeing Red","floor":25},{"not_picked":["Twin Strike+1","Warcry"],"picked":"Inflame+1","floor":28},{"not_picked":["Body Slam","Flex"],"picked":"Dark Embrace+1","floor":28}],"player_experience":444519,"relics_obtained":[{"floor":8.0,"key":"Peace Pipe"},{"floor":9.0,"key":"StoneCalendar"},{"floor":12.0,"key":"Mummified Hand"},{"floor":17.0,"key":"Potion Belt"},{"floor":17.0,"key":"The Courier"},{"floor":17.0,"key":"Prayer Wheel"},{"floor":24.0,"key":"Sundial"},{"floor":26,"key":"MealTicket"}],"event_choices":[{"damage_healed":0.0,"max_hp_gain":0.0,"max_hp_loss":0.0,"gold_gain":50.0,"event_name":"Golden Shrine","player_choice":"Pray","floor":3.0,"gold_loss":0.0,"damage_taken":0.0},{"damage_healed":0.0,"max_hp_gain":0.0,"max_hp_loss":0.0,"gold_gain":75.0,"event_name":"World of Goop","player_choice":"Gather Gold","floor":5.0,"gold_loss":0.0,"damage_taken":11.0},{"damage_healed":0.0,"max_hp_gain":0.0,"max_hp_loss":0.0,"gold_gain":0.0,"event_name":"Drug Dealer","player_choice":"Obtain J.A.X.","floor":20.0,"gold_loss":0.0,"damage_taken":0.0,"cards_obtained":["J.A.X."]},{"damage_healed":0.0,"max_hp_gain":0.0,"max_hp_loss":0.0,"gold_gain":0.0,"event_name":"The Woman in Blue","player_choice":"Bought 3 Potions","floor":21.0,"gold_loss":0.0,"damage_taken":0.0}],"is_beta":false,"boss_relics":[{"not_picked":["Runic Pyramid","Runic Dome"],"picked":"Calling Bell"}],"items_purged_floors":[],"is_endless":false,"potions_floor_spawned":[1,4,8,18,22,28],"killed_by":"Snake Plant","ascension_level":20}}