{"host":"na09lpbrez4gbfiz","time":1613505632,"event":{"mods":["Act Like it!","BaseMod","BetterRewards","Colored Map","Colored Powertips","DeckTracker","Googly Eyes","Highlight Path","Minty Spire (QoL Compilation)","Quick Restart","Spicy Shops","StSLib","SuperFastMode","Synergy Search"],"gold_per_floor":[119,136,136,136,136,136,163,178,203,203,47,47,57,57,57,134,134,151,151,165,80,160,160,177,177,201,201,221,29,129,129,129,208,208,219,23,23,35,53,53,68,0,52,68,68,93,43,43,43,43],"floor_reached":51,"language":"ENG","playtime":1673,"items_purged":["Strike_R+1","Flex+1","Whirlwind+1"],"score":1275,"play_id":"a779c91f-236b-4fc2-a80d-8f33d23d75b4","local_time":"20210216210032","is_ascension_mode":true,"campfire_choices":[{"data":"Shrug It Off","floor":6.0,"key":"SMITH"},{"data":"Flame Barrier","floor":10.0,"key":"SMITH"},{"data":"Bash","floor":15.0,"key":"SMITH"},{"data":"Barricade","floor":23,"key":"SMITH"},{"data":"Shrug It Off","floor":27,"key":"SMITH"},{"floor":32,"key":"REST"},{"data":"True Grit","floor":40,"key":"SMITH"},{"data":"Good Instincts","floor":45,"key":"SMITH"},{"data":"Defend_R","floor":49,"key":"SMITH"}],"circlet_count":0,"master_deck":["AscendersBane","Defend_R","Defend_R+1","Defend_R+1","Bash+1","Body Slam+1","Shrug It Off+1","Flame Barrier+1","Barricade+1","Shrug It Off+1","Bite+1","Bite+1","Bite+1","Bite+1","Bite+1","CurseOfTheBell","Good Instincts+1","True Grit+1","Disarm+1"],"relics":["Astrolabe","Mercury Hourglass","Potion Belt","Juzu Bracelet","Philosopher\u0027s Stone","Oddly Smooth Stone","Molten Egg 2","Smiling Mask","Pocketwatch","Self Forming Clay","Calling Bell","Art of War","Blue Candle","CaptainsWheel","Omamori","Red Mask","Anchor","FossilizedHelix"],"acts_visited":["Exordium","TheCity","TheBeyond"],"potions_floor_usage":[28,30,33,33,50,50,50,50],"damage_taken":[{"damage":1.0,"enemies":"Cultist","floor":1.0,"turns":3.0},{"damage":0.0,"enemies":"Small Slimes","floor":2.0,"turns":1.0},{"damage":0.0,"enemies":"3 Sentries","floor":7.0,"turns":4.0},{"damage":0.0,"enemies":"Jaw Worm","floor":8.0,"turns":2.0},{"damage":0.0,"enemies":"Blue Slaver","floor":13.0,"turns":3.0},{"damage":61.0,"enemies":"Slime Boss","floor":16.0,"turns":9.0},{"damage":0,"enemies":"3 Byrds","floor":18,"turns":2},{"damage":13,"enemies":"Shell Parasite","floor":20,"turns":6},{"damage":8,"enemies":"Centurion and Healer","floor":24,"turns":7},{"damage":0,"enemies":"Shelled Parasite and Fungi","floor":28,"turns":3},{"damage":0,"enemies":"Colosseum Slavers","floor":30,"turns":1},{"damage":8,"enemies":"Colosseum Nobs","floor":30,"turns":3},{"damage":16,"enemies":"Automaton","floor":33,"turns":8},{"damage":22,"enemies":"3 Darklings","floor":35,"turns":3},{"damage":9,"enemies":"Orb Walker","floor":38,"turns":4},{"damage":2,"enemies":"Spire Growth","floor":39,"turns":7},{"damage":1,"enemies":"Maw","floor":41,"turns":7},{"damage":22,"enemies":"Jaw Worm Horde","floor":44,"turns":4},{"damage":25,"enemies":"Mind Bloom Boss Battle","floor":46,"turns":10},{"damage":0,"enemies":"Time Eater","floor":50,"turns":12}],"seed_played":"5402959415694557757","potions_obtained":[{"floor":7.0,"key":"EntropicBrew"},{"floor":8.0,"key":"Regen Potion"},{"floor":13.0,"key":"GamblersBrew"},{"floor":16.0,"key":"Explosive Potion"},{"floor":18,"key":"SteroidPotion"},{"floor":38,"key":"GamblersBrew"},{"floor":44,"key":"Dexterity Potion"},{"floor":46,"key":"Ancient Potion"}],"is_trial":false,"path_per_floor":["M","M","?","?","T","R","E","M","T","R","$","?","M","$","R","B",null,"M","?","M","?","T","R","M","?","T","R","M","$","?","?","R","B",null,"M","$","?","M","M","R","M","?","T","M","R","?","$","?","R","B",null],"character_chosen":"IRONCLAD","items_purchased":["Juzu Bracelet","LiquidMemories","Omamori"],"campfire_rested":1,"item_purchase_floors":[11,29,36],"current_hp_per_floor":[67,67,60,45,45,45,45,45,45,45,45,70,72,72,72,20,61,63,63,52,52,52,52,46,46,46,46,48,48,44,44,66,74,75,60,60,60,63,75,75,75,75,75,59,59,58,58,58,58,75],"gold":43,"neow_bonus":"BOSS_RELIC","is_daily":false,"chose_seed":false,"campfire_upgraded":8,"win_rate":0.0,"timestamp":1613505632,"path_taken":["M","M","?","?","?","R","E","M","T","R","?","?","M","?","R","BOSS","M","?","M","?","?","R","M","?","T","R","M","$","?","?","R","BOSS","M","$","?","M","M","R","M","?","T","M","R","?","$","?","R","BOSS"],"items_purchased_type":["Relic","Potion","Relic"],"build_version":"2020-12-22","purchased_purges":3,"victory":true,"max_hp_per_floor":[75,75,75,75,75,75,75,75,75,75,75,75,75,75,75,75,75,75,75,75,75,75,75,75,75,75,75,75,75,75,75,75,75,75,75,75,75,75,75,75,75,75,75,75,75,75,75,75,75,75],"card_choices":[{"not_picked":["Cleave","Dual Wield","Armaments"],"picked":"SKIP","floor":1.0},{"not_picked":["Headbutt","Dual Wield"],"picked":"Shrug It Off","floor":2.0},{"not_picked":["Searing Blow","Dual Wield"],"picked":"Flame Barrier","floor":7.0},{"not_picked":["Armaments","Infernal Blade","Wild Strike"],"picked":"SKIP","floor":8.0},{"not_picked":["Brutality","Clothesline","Thunderclap"],"picked":"SKIP","floor":13.0},{"not_picked":["Juggernaut","Immolate"],"picked":"Barricade","floor":16.0},{"not_picked":["Pommel Strike","Spot Weakness","Cleave"],"picked":"SKIP","floor":18},{"not_picked":["Sentinel","Twin Strike+1","Metallicize"],"picked":"SKIP","floor":20},{"not_picked":["Warcry","Rupture","Cleave+1"],"picked":"SKIP","floor":24},{"not_picked":["Rage+1","Searing Blow+1","Sentinel"],"picked":"SKIP","floor":28},{"not_picked":["Heavy Blade+1","Combust","Armaments"],"picked":"SKIP","floor":35},{"not_picked":["Swift Strike+1","Blind"],"picked":"Good Instincts","floor":37},{"not_picked":["Intimidate+1","Wild Strike+1","Flex+1"],"picked":"SKIP","floor":38},{"not_picked":["Perfected Strike+1","Clash+1"],"picked":"True Grit","floor":39},{"not_picked":["Warcry","Metallicize"],"picked":"Disarm+1","floor":41},{"not_picked":["Hemokinesis+1","Second Wind+1","Fire Breathing+1"],"picked":"SKIP","floor":44}],"player_experience":223828,"relics_obtained":[{"floor":5.0,"key":"Mercury Hourglass"},{"floor":7.0,"key":"Potion Belt"},{"floor":9.0,"key":"Blood Vial"},{"floor":22,"key":"Molten Egg 2"},{"floor":26,"key":"Smiling Mask"},{"floor":30,"key":"Pocketwatch"},{"floor":30,"key":"Self Forming Clay"},{"floor":34,"key":"Art of War"},{"floor":34,"key":"Blue Candle"},{"floor":34,"key":"CaptainsWheel"},{"floor":43,"key":"Anchor"},{"floor":46,"key":"FossilizedHelix"}],"event_choices":[{"cards_removed":["Strike_R"],"damage_healed":0.0,"max_hp_gain":0.0,"max_hp_loss":0.0,"gold_gain":0.0,"event_name":"Golden Wing","player_choice":"Card Removal","floor":3.0,"gold_loss":0.0,"damage_taken":7.0},{"damage_healed":0.0,"max_hp_gain":0.0,"max_hp_loss":0.0,"gold_gain":0.0,"event_name":"Shining Light","player_choice":"Entered Light","floor":4.0,"gold_loss":0.0,"damage_taken":15.0,"cards_upgraded":["Defend_R","Strike_R"]},{"damage_healed":25.0,"max_hp_gain":0.0,"max_hp_loss":0.0,"gold_gain":0.0,"event_name":"Big Fish","player_choice":"Banana","floor":12.0,"gold_loss":0.0,"damage_taken":0.0},{"damage_healed":0,"gold_gain":0,"player_choice":"Read","damage_taken":0,"max_hp_gain":0,"max_hp_loss":0,"event_name":"The Library","floor":19,"gold_loss":0,"cards_obtained":["Shrug It Off"]},{"damage_healed":0,"gold_gain":0,"player_choice":"Obtained Relic","damage_taken":0,"relics_obtained":["Oddly Smooth Stone"],"max_hp_gain":0,"max_hp_loss":0,"event_name":"Addict","floor":21,"gold_loss":85},{"damage_healed":0,"gold_gain":0,"player_choice":"Ignored","damage_taken":0,"max_hp_gain":0,"max_hp_loss":0,"event_name":"Cursed Tome","floor":25,"gold_loss":0},{"damage_healed":0,"gold_gain":0,"player_choice":"Fight","damage_taken":0,"max_hp_gain":0,"max_hp_loss":0,"event_name":"Colosseum","floor":30,"gold_loss":0},{"damage_healed":0,"gold_gain":0,"player_choice":"Fought Nobs","damage_taken":0,"max_hp_gain":0,"max_hp_loss":0,"event_name":"Colosseum","floor":30,"gold_loss":0},{"damage_healed":0,"gold_gain":0,"player_choice":"Became a vampire (Vial)","damage_taken":0,"max_hp_gain":0,"max_hp_loss":0,"event_name":"Vampires","floor":31,"relics_lost":["Blood Vial"],"gold_loss":0,"cards_obtained":["Bite","Bite","Bite","Bite","Bite"]},{"damage_healed":0,"gold_gain":0,"player_choice":"Memory 1","damage_taken":0,"max_hp_gain":0,"max_hp_loss":0,"event_name":"SensoryStone","floor":37,"gold_loss":0},{"damage_healed":0,"gold_gain":0,"player_choice":"Paid","damage_taken":0,"relics_obtained":["Red Mask"],"max_hp_gain":0,"max_hp_loss":0,"event_name":"Tomb of Lord Red Mask","floor":42,"gold_loss":68},{"damage_healed":0,"gold_gain":0,"player_choice":"Fight","damage_taken":0,"max_hp_gain":0,"max_hp_loss":0,"event_name":"MindBloom","floor":46,"gold_loss":0},{"cards_removed":["Defend_R"],"damage_healed":0,"gold_gain":0,"player_choice":"Purged","damage_taken":0,"max_hp_gain":0,"max_hp_loss":0,"event_name":"Purifier","floor":48,"gold_loss":0}],"is_beta":false,"boss_relics":[{"not_picked":["Pandora\u0027s Box","Fusion Hammer"],"picked":"Philosopher\u0027s Stone"},{"not_picked":["Coffee Dripper","Runic Pyramid"],"picked":"Calling Bell"}],"items_purged_floors":[29,36,47],"is_endless":false,"potions_floor_spawned":[7,8,13,16,18,30,38,44,46],"ascension_level":14}}