{"host":"z8galgznf6llawpn","time":1613434458,"event":{"mods":["AchievementEnabler","Act Like it!","Aspiration","BaseMod","Colored Map","Conspire","Energized Spire","Friendly Minions","Menagerie","Minty Spire (QoL Compilation)","Permanent Neow","Relic Sorter","Replay The Spire","StSLib","The Blue Laboratory","The Servant 0.9.4","Unceasing Turn Reminder"],"gold_per_floor":[112,129,129,140,157,187,187,215,215,215,240,266,280,298,298,401,401,416,331,331,341,26,55,68,102,129,156,170,195,195,212,212,316,266,278,298,312,324,371,403,403,429,429,15,65,65,65,97,97,97,97,97,27,56,56],"floor_reached":56,"language":"ENG","playtime":4904,"items_purged":["Defend_S"],"score":1626,"play_id":"b5a89bf6-19ba-44fc-9e22-a3adbfd136e0","local_time":"20210215191418","is_ascension_mode":true,"campfire_choices":[{"data":"ShatteredReality","floor":7,"key":"SMITH"},{"data":"Misdirection","floor":10,"key":"SMITH"},{"data":"Misdirection","floor":15,"key":"SMITH"},{"data":"SoulSculpture","floor":30,"key":"SMITH"},{"data":"Exchange","floor":32,"key":"SMITH"},{"floor":47,"key":"RECALL"},{"data":"Rearm","floor":49,"key":"SMITH"},{"data":"Misdirection","floor":52,"key":"SMITH"}],"circlet_count":0,"master_deck":["Strike_S+1","Strike_S","Strike_S","Strike_S+1","Defend_S","Defend_S","Defend_S","KidneyShot","Exchange+1","Ricochet","Misdirection+1","Comet","ShatteredReality+1","Misdirection+1","Embodiment+1","Rearm+1","ShiftingGears","SilverBlades+1","SoulSculpture+1","Starlight","Rewind","Luminosity+1","Moonlight","Advance","BottledTime","Misdirection","Strike_S","ReturningBlade","InstantArmor+1","Luminosity+1","InstantArmor+1","Misdirection+1","BestPractice+1","StarChef+1"],"relics":["Uniform","Thread and Needle","Turnip","conspire:Dentures","Frozen Egg 2","Menagerie:GrandMagusSpellbook","KneeBrace","conspire:SlowCooker","ReplayTheSpireMod:Lightbulb","Garlic","Happy Flower","conspire:TopHat","Pet Ghost","Red Mask","Divine Protection","energizedSpire:HugeHouse","Omamori","Whetstone","StrikeDummy","Pan","Pantograph","Lizard Tail","aspiration:Lifesprig","Mummified Hand","Bag of Preparation"],"acts_visited":["Menagerie:Menagerie","TheCity","TheBeyond","TheEnding"],"potions_floor_usage":[39,40,55],"damage_taken":[{"damage":1,"enemies":"Menagerie:WhisperingWraith","floor":1,"turns":4},{"damage":0,"enemies":"Menagerie:2_RABBITS","floor":2,"turns":3},{"damage":0,"enemies":"Menagerie:MonstrousExperiment","floor":4,"turns":4},{"damage":0,"enemies":"Menagerie:STYGIAN_BOAR_AND_WHISPERING_WRAITH","floor":5,"turns":5},{"damage":0,"enemies":"Menagerie:Hydra","floor":6,"turns":5},{"damage":0,"enemies":"Menagerie:VoidReaper","floor":8,"turns":7},{"damage":10,"enemies":"Menagerie:GrandMagus","floor":11,"turns":8},{"damage":8,"enemies":"Menagerie:Hydra","floor":12,"turns":5},{"damage":3,"enemies":"Menagerie:MENAGERIE_WILDLIFE","floor":13,"turns":4},{"damage":0,"enemies":"Menagerie:STYGIAN_BOAR_AND_RABBIT","floor":14,"turns":5},{"damage":1,"enemies":"Menagerie:Suneater","floor":16,"turns":12},{"damage":12,"enemies":"conspire:FuzzyDice","floor":18,"turns":8},{"damage":0,"enemies":"Spheric Guardian","floor":21,"turns":5},{"damage":0,"enemies":"Replay:Snechameleon","floor":23,"turns":7},{"damage":0,"enemies":"Snake Plant","floor":24,"turns":5},{"damage":0,"enemies":"conspire:SneckoGhost","floor":25,"turns":7},{"damage":2,"enemies":"Masked Bandits","floor":27,"turns":4},{"damage":0,"enemies":"Shelled Parasite and Fungi","floor":28,"turns":5},{"damage":6,"enemies":"Gremlin Leader","floor":29,"turns":6},{"damage":2,"enemies":"Centurion and Healer","floor":31,"turns":6},{"damage":0,"enemies":"Champ","floor":33,"turns":14},{"damage":12,"enemies":"3 Shapes","floor":35,"turns":4},{"damage":0,"enemies":"3 Darklings","floor":36,"turns":3},{"damage":8,"enemies":"Jaw Worm Horde","floor":37,"turns":5},{"damage":0,"enemies":"Spire Growth","floor":38,"turns":5},{"damage":0,"enemies":"conspire:MimicChest","floor":39,"turns":8},{"damage":4,"enemies":"Reptomancer","floor":40,"turns":7},{"damage":0,"enemies":"R_Hoarder","floor":42,"turns":9},{"damage":0,"enemies":"Mind Bloom Boss Battle","floor":45,"turns":4},{"damage":0,"enemies":"Nemesis","floor":48,"turns":5},{"damage":0,"enemies":"conspire:OrnateMirror","floor":50,"turns":10},{"damage":16,"enemies":"Shield and Spear","floor":54,"turns":7},{"damage":24,"enemies":"The Heart","floor":55,"turns":12}],"seed_played":"-3114035621106308628","potions_obtained":[{"floor":6,"key":"blueLaboratory:BottleOfRum"},{"floor":12,"key":"blueLaboratory:PhilterOfMotion"},{"floor":13,"key":"blueLaboratory:AbyssPotion"},{"floor":16,"key":"PowerPotion"},{"floor":27,"key":"Fire Potion"},{"floor":38,"key":"Energy Potion"},{"floor":40,"key":"PowerPotion"},{"floor":45,"key":"DuplicationPotion"}],"is_trial":false,"path_per_floor":["M","M","?","M","M","E","R","E","T","R","?","E","M","M","R","B",null,"M","?","?","M","$","E","M","E","T","?","M","E","R","M","R","B",null,"M","M","M","M","?","E","?","E","T","$","?","T","R","E","R","B",null,"R","$","E","B",null],"character_chosen":"THE_SERVANT","items_purchased":["SilverBlades+1","SoulSculpture","Starlight","Pan","Pantograph","StarChef+1"],"campfire_rested":0,"item_purchase_floors":[22,22,22,44,44,53],"current_hp_per_floor":[58,58,59,59,59,59,59,59,59,59,49,41,38,38,38,37,59,47,47,47,47,47,47,47,47,47,45,45,39,39,37,37,37,54,42,42,34,34,34,30,30,30,30,30,54,54,54,54,54,54,54,54,54,38,30],"gold":56,"neow_bonus":"ONE_RARE_RELIC","is_daily":false,"chose_seed":false,"campfire_upgraded":7,"win_rate":0.0,"timestamp":1613434458,"path_taken":["M","M","?","?","M","E","R","E","T","R","?","E","M","M","R","BOSS","M","?","?","?","$","E","M","E","T","?","M","E","R","M","R","BOSS","M","M","M","M","?","E","?","E","T","?","?","?","R","E","R","BOSS","R","$","E","BOSS"],"items_purchased_type":["Card","Card","Card","Relic","Relic","Card"],"build_version":"2020-12-22","purchased_purges":1,"victory":true,"max_hp_per_floor":[59,59,59,59,59,59,59,59,59,59,59,59,59,59,59,59,59,59,59,59,59,59,59,59,59,59,59,59,59,59,59,59,59,54,54,54,54,54,54,54,54,54,54,54,54,54,54,54,54,54,54,54,54,54,54],"card_choices":[{"not_picked":["BottledTime","Alleviate"],"picked":"Ricochet","floor":1},{"not_picked":["Ricochet","MoonPhase"],"picked":"Misdirection","floor":2},{"not_picked":["Replace","FastForward"],"picked":"Comet","floor":4},{"not_picked":["RealityMarble","BottledTime"],"picked":"ShatteredReality","floor":5},{"not_picked":["Unruled","Shuttle","Moondial"],"picked":"SKIP","floor":6},{"not_picked":["DoubleEdge","Rewind"],"picked":"Misdirection","floor":8},{"not_picked":["DoubleEdge","SurpressingFire+1"],"picked":"Embodiment+1","floor":12},{"not_picked":["Alleviate","Shuttle"],"picked":"Rearm","floor":13},{"not_picked":["Ricochet","Replace","Sabotage"],"picked":"SKIP","floor":14},{"not_picked":["Alleviate","Unruled"],"picked":"ShiftingGears","floor":18},{"not_picked":["WasteNot+1","DoubleEdge+1","Potential"],"picked":"SKIP","floor":21},{"not_picked":["Defy","Deny"],"picked":"Rewind","floor":23},{"not_picked":["Alleviate","Defy","Rewind"],"picked":"SKIP","floor":24},{"not_picked":["Revamp","ShatteredReality"],"picked":"Luminosity+1","floor":25},{"not_picked":["Rearm+1","RealityMarble+1"],"picked":"Moonlight","floor":27},{"not_picked":["Replace","GearUp"],"picked":"Advance","floor":28},{"not_picked":["Unruled","FastForward"],"picked":"BottledTime","floor":29},{"not_picked":["DoubleEdge","StarChef+1"],"picked":"Misdirection","floor":31},{"not_picked":["ForgedInTime","PendulumOfEternity"],"picked":"TheWorld","floor":33},{"not_picked":["Defy","Sabotage+1"],"picked":"InstantArmor+1","floor":35},{"not_picked":["Read+1","Spin"],"picked":"Luminosity+1","floor":36},{"not_picked":["Alleviate","Foresight+1"],"picked":"InstantArmor+1","floor":37},{"not_picked":["Revamp","ShatteredReality"],"picked":"Misdirection","floor":38},{"not_picked":["Replace","Misdirection","Potential"],"picked":"SKIP","floor":40},{"not_picked":["Deny","TimeWarp+1","Potential+1"],"picked":"SKIP","floor":42},{"not_picked":["Gouge+1","WasteNot+1"],"picked":"BestPractice+1","floor":45},{"not_picked":["Foresight+1","Rearm","WasteNot+1"],"picked":"SKIP","floor":48},{"not_picked":["FastForward+1","Collapse+1","Reset"],"picked":"SKIP","floor":54}],"player_experience":421657,"relics_obtained":[{"floor":6,"key":"Turnip"},{"floor":8,"key":"conspire:Dentures"},{"floor":9,"key":"Frozen Egg 2"},{"floor":12,"key":"KneeBrace"},{"floor":20,"key":"Garlic"},{"floor":23,"key":"Happy Flower"},{"floor":25,"key":"conspire:TopHat"},{"floor":26,"key":"Pet Ghost"},{"floor":27,"key":"Red Mask"},{"floor":29,"key":"Divine Protection"},{"floor":39,"key":"Omamori"},{"floor":40,"key":"Whetstone"},{"floor":42,"key":"StrikeDummy"},{"floor":45,"key":"Lizard Tail"},{"floor":46,"key":"aspiration:Lifesprig"},{"floor":48,"key":"Mummified Hand"},{"floor":54,"key":"Bag of Preparation"}],"event_choices":[{"damage_healed":0,"gold_gain":0,"player_choice":"Steal","damage_taken":0,"relics_obtained":["Menagerie:GrandMagusSpellbook"],"max_hp_gain":0,"max_hp_loss":0,"event_name":"Menagerie:GrandMagusTower","floor":11,"gold_loss":0},{"damage_healed":0,"gold_gain":0,"player_choice":"Obtained Relic","damage_taken":0,"relics_obtained":["ReplayTheSpireMod:Lightbulb"],"max_hp_gain":0,"max_hp_loss":0,"event_name":"Addict","floor":19,"gold_loss":85},{"damage_healed":0,"gold_gain":0,"player_choice":"Relic","damage_taken":0,"max_hp_gain":0,"max_hp_loss":0,"event_name":"Wheel of Change","floor":20,"gold_loss":0},{"damage_healed":0,"gold_gain":0,"player_choice":"Fought Bandits","damage_taken":0,"max_hp_gain":0,"max_hp_loss":0,"event_name":"Masked Bandits","floor":27,"gold_loss":0},{"damage_healed":0,"gold_gain":0,"player_choice":"Memory 1","damage_taken":0,"max_hp_gain":0,"max_hp_loss":0,"event_name":"SensoryStone","floor":41,"gold_loss":0},{"damage_healed":0,"gold_gain":0,"player_choice":"Fight","damage_taken":0,"max_hp_gain":0,"max_hp_loss":0,"event_name":"MindBloom","floor":45,"gold_loss":0}],"is_beta":false,"boss_relics":[{"not_picked":["Replay:Drink Me","aspiration:IroncladSkillbook"],"picked":"conspire:SlowCooker"},{"not_picked":["conspire:RoyalGoblet","Ring of Chaos"],"picked":"energizedSpire:HugeHouse"}],"items_purged_floors":[22],"is_endless":false,"potions_floor_spawned":[6,12,13,14,16,18,24,27,29,38,40,45,48,54],"ascension_level":1}}