{"host":"w14xfy17z3c5mpoi","time":1613516668,"event":{"mods":["AchievementEnabler","BaseMod","Minty Spire (QoL Compilation)","Relic Stats"],"gold_per_floor":[116,126,143,218,218,218,218,256,256,284,20,40,76,105,105,217,289,313,41,65,78,98,133,133,458,458,13,13,13,13,27,27,125,125,135,153,32,45,58,58,82,82,82,124,176,196,229,248,257,257],"floor_reached":51,"language":"ENG","playtime":4370,"items_purged":["Strike_G"],"score":1290,"play_id":"e9160edd-493e-4568-b150-b659742b4110","local_time":"20210216180428","is_ascension_mode":true,"campfire_choices":[{"data":"Dash","floor":6,"key":"SMITH"},{"data":"Blade Dance","floor":15,"key":"SMITH"},{"data":"Wraith Form v2","floor":24,"key":"SMITH"},{"data":"Wraith Form v2","floor":28,"key":"SMITH"},{"data":"Wraith Form v2","floor":30,"key":"SMITH"},{"data":"Wraith Form v2","floor":32,"key":"SMITH"},{"data":"Bullet Time","floor":40,"key":"SMITH"},{"data":"Adrenaline","floor":42,"key":"SMITH"},{"floor":49,"key":"REST"}],"circlet_count":0,"master_deck":["Survivor","Neutralize","PiercingWail","Poisoned Stab","Dash+1","Masterful Stab","Crippling Poison","Poisoned Stab","Backstab","Blade Dance+1","Backflip","Wraith Form v2+1","Bullet Time+1","Adrenaline+1","Backstab","Wraith Form v2+1","Reflex","Tools of the Trade","Masterful Stab","Wraith Form v2+1","Finisher","Accuracy","Backflip","Wraith Form v2+1","Finisher+1","Well Laid Plans","Slice","Corpse Explosion"],"relics":["SacredBark","CeramicFish","InkBottle","Pocketwatch","Pandora\u0027s Box","TwistedFunnel","Dream Catcher","Old Coin","Incense Burner","FossilizedHelix","Orichalcum","WristBlade","Anchor","Gambling Chip","Tough Bandages","Ginger"],"acts_visited":["Exordium","TheCity","TheBeyond"],"potions_floor_usage":[8,13,14,16,21,25,33,38,50,50,50],"damage_taken":[{"damage":1,"enemies":"Cultist","floor":1,"turns":4},{"damage":0,"enemies":"2 Louse","floor":2,"turns":3},{"damage":2,"enemies":"Jaw Worm","floor":3,"turns":5},{"damage":8,"enemies":"Gremlin Nob","floor":8,"turns":4},{"damage":3,"enemies":"Large Slime","floor":10,"turns":7},{"damage":3,"enemies":"Lots of Slimes","floor":12,"turns":4},{"damage":5,"enemies":"3 Sentries","floor":13,"turns":6},{"damage":0,"enemies":"2 Fungi Beasts","floor":14,"turns":2},{"damage":7,"enemies":"Hexaghost","floor":16,"turns":8},{"damage":1,"enemies":"Spheric Guardian","floor":18,"turns":4},{"damage":1,"enemies":"Shell Parasite","floor":20,"turns":4},{"damage":19,"enemies":"Snake Plant","floor":21,"turns":2},{"damage":0,"enemies":"3 Cultists","floor":22,"turns":4},{"damage":1,"enemies":"Book of Stabbing","floor":23,"turns":5},{"damage":9,"enemies":"Slavers","floor":25,"turns":7},{"damage":0,"enemies":"Centurion and Healer","floor":31,"turns":5},{"damage":0,"enemies":"Champ","floor":33,"turns":12},{"damage":0,"enemies":"3 Darklings","floor":35,"turns":5},{"damage":0,"enemies":"3 Shapes","floor":36,"turns":4},{"damage":0,"enemies":"Jaw Worm Horde","floor":38,"turns":2},{"damage":0,"enemies":"Sphere and 2 Shapes","floor":39,"turns":5},{"damage":0,"enemies":"Maw","floor":41,"turns":6},{"damage":0,"enemies":"Giant Head","floor":44,"turns":6},{"damage":0,"enemies":"2 Orb Walkers","floor":45,"turns":4},{"damage":0,"enemies":"Transient","floor":46,"turns":5},{"damage":0,"enemies":"Nemesis","floor":47,"turns":7},{"damage":0,"enemies":"4 Shapes","floor":48,"turns":4},{"damage":0,"enemies":"Donu and Deca","floor":50,"turns":4}],"seed_played":"7980016181035235280","potions_obtained":[{"floor":3,"key":"CunningPotion"},{"floor":13,"key":"PowerPotion"},{"floor":14,"key":"AttackPotion"},{"floor":16,"key":"Strength Potion"},{"floor":18,"key":"Regen Potion"},{"floor":23,"key":"GhostInAJar"},{"floor":35,"key":"LiquidBronze"},{"floor":44,"key":"SteroidPotion"},{"floor":45,"key":"Fire Potion"}],"is_trial":false,"path_per_floor":["M","M","M","?","?","R","?","E","T","M","$","M","E","M","R","B",null,"M","$","M","M","M","E","R","E","T","$","R","$","R","M","R","B",null,"M","M","$","M","M","R","M","R","T","E","?","M","E","M","R","B",null],"character_chosen":"THE_SILENT","items_purchased":["Poison Potion","Poisoned Stab","CultistPotion","Accuracy","Poison Potion","TwistedFunnel","FossilizedHelix","Orichalcum","Regen Potion","Explosive Potion"],"campfire_rested":1,"item_purchase_floors":[11,11,11,19,19,19,27,27,37,37],"current_hp_per_floor":[62,62,60,49,35,35,35,27,27,24,24,21,16,16,16,9,55,54,54,53,34,34,33,33,69,69,69,69,69,69,69,69,69,70,70,70,70,70,70,70,70,70,70,70,70,70,70,70,70,70],"gold":257,"neow_bonus":"BOSS_RELIC","is_daily":false,"chose_seed":false,"campfire_upgraded":8,"win_rate":0.0,"timestamp":1613516668,"path_taken":["M","M","?","?","?","R","?","E","T","?","$","M","E","M","R","BOSS","M","$","M","M","?","E","R","E","T","?","R","$","R","M","R","BOSS","M","M","$","M","M","R","M","R","T","E","?","M","E","M","R","BOSS"],"items_purchased_type":["Potion","Card","Potion","Card","Potion","Relic","Relic","Relic","Potion","Potion"],"build_version":"2020-12-22","purchased_purges":1,"victory":true,"max_hp_per_floor":[70,70,70,70,70,70,70,70,70,70,70,70,70,70,70,70,70,70,70,70,70,70,70,70,70,70,70,70,70,70,70,70,70,70,70,70,70,70,70,70,70,70,70,70,70,70,70,70,70,70],"relic_stats":{"Dream Catcher":1,"Tough Bandages":[27],"counters":[28,138],"CeramicFish":207,"Gambling Chip":[6],"Pandora\u0027s Box":["Bullet Time","Adrenaline","Backstab","Wraith Form v2","Reflex","Tools of the Trade","Masterful Stab","Wraith Form v2"],"Ginger":[0],"Orichalcum":[210],"obtain_stats":[{"TwistedFunnel":19,"SacredBark":0,"CeramicFish":8,"Incense Burner":26,"Ginger":47,"Orichalcum":27,"Old Coin":25,"Dream Catcher":23,"Anchor":43,"Tough Bandages":45,"WristBlade":34,"Gambling Chip":44,"Pandora\u0027s Box":17,"InkBottle":9,"FossilizedHelix":27,"Ring of the Snake":0,"Pocketwatch":13},{"TwistedFunnel":10,"SacredBark":0,"CeramicFish":4,"Incense Burner":15,"Ginger":26,"Orichalcum":15,"Old Coin":15,"Dream Catcher":14,"Anchor":22,"Tough Bandages":24,"WristBlade":17,"Gambling Chip":23,"Pandora\u0027s Box":9,"InkBottle":4,"FossilizedHelix":15,"Ring of the Snake":0,"Pocketwatch":7},{"TwistedFunnel":47,"SacredBark":0,"CeramicFish":16,"Incense Burner":69,"Ginger":130,"Orichalcum":69,"Old Coin":69,"Dream Catcher":62,"Anchor":108,"Tough Bandages":118,"WristBlade":86,"Gambling Chip":114,"Pandora\u0027s Box":43,"InkBottle":16,"FossilizedHelix":69,"Ring of the Snake":0,"Pocketwatch":33}],"InkBottle":[36],"Pocketwatch":[90]},"card_choices":[{"not_picked":["Dodge and Roll","Expertise"],"picked":"PiercingWail","floor":1},{"not_picked":["Tactician","Leg Sweep"],"picked":"Poisoned Stab","floor":2},{"not_picked":["Slice","Outmaneuver"],"picked":"Dash","floor":3},{"not_picked":["Setup","Predator"],"picked":"Masterful Stab","floor":8},{"not_picked":["Infinite Blades","Underhanded Strike"],"picked":"Crippling Poison","floor":10},{"not_picked":["Acrobatics","Dagger Throw"],"picked":"Backstab","floor":12},{"not_picked":["Escape Plan","Tools of the Trade"],"picked":"Blade Dance","floor":13},{"not_picked":["Concentrate","Outmaneuver"],"picked":"Backflip","floor":14},{"not_picked":["Envenom","Malaise"],"picked":"Wraith Form v2","floor":16},{"not_picked":["Leg Sweep","Flechettes"],"picked":"Finisher","floor":18},{"not_picked":["Sucker Punch","Riddle With Holes"],"picked":"Backflip","floor":20},{"not_picked":["Finisher","Heel Hook+1","PiercingWail"],"picked":"SKIP","floor":21},{"not_picked":["Backflip","Acrobatics","Poisoned Stab+1"],"picked":"SKIP","floor":22},{"not_picked":["Reflex","Poisoned Stab"],"picked":"Wraith Form v2","floor":23},{"not_picked":["Footwork","PiercingWail","Flying Knee"],"picked":"SKIP","floor":25},{"not_picked":["Poisoned Stab","Endless Agony","Predator"],"picked":"SKIP","floor":31},{"not_picked":["Dodge and Roll","Underhanded Strike+1","Calculated Gamble+1"],"picked":"SKIP","floor":35},{"not_picked":["Noxious Fumes+1","Deflect","Flying Knee+1"],"picked":"SKIP","floor":36},{"not_picked":["Bane+1","Doppelganger","Outmaneuver"],"picked":"SKIP","floor":38},{"not_picked":["Crippling Poison+1","Expertise","Leg Sweep+1"],"picked":"SKIP","floor":39},{"not_picked":["Deadly Poison+1","Underhanded Strike+1"],"picked":"Finisher+1","floor":41},{"not_picked":["Backstab+1","PiercingWail"],"picked":"Well Laid Plans","floor":44},{"not_picked":["Eviscerate+1","Poisoned Stab+1"],"picked":"Slice","floor":46},{"not_picked":["Calculated Gamble+1","Quick Slash+1","Dagger Throw+1"],"picked":"SKIP","floor":47},{"not_picked":["Dagger Spray","Sucker Punch+1","Cloak And Dagger"],"picked":"SKIP","floor":48},{"not_picked":["Caltrops","Prepared"],"picked":"Corpse Explosion","floor":49}],"player_experience":675591,"relics_obtained":[{"floor":8,"key":"CeramicFish"},{"floor":9,"key":"InkBottle"},{"floor":13,"key":"Pocketwatch"},{"floor":23,"key":"Dream Catcher"},{"floor":25,"key":"Old Coin"},{"floor":26,"key":"Incense Burner"},{"floor":43,"key":"Anchor"},{"floor":44,"key":"Gambling Chip"},{"floor":45,"key":"Tough Bandages"},{"floor":47,"key":"Ginger"}],"event_choices":[{"damage_healed":0,"gold_gain":75,"player_choice":"Gather Gold","damage_taken":11,"max_hp_gain":0,"max_hp_loss":0,"event_name":"World of Goop","floor":4,"gold_loss":0},{"damage_healed":0,"gold_gain":0,"player_choice":"Entered Light","damage_taken":14,"max_hp_gain":0,"max_hp_loss":0,"event_name":"Shining Light","floor":5,"gold_loss":0,"cards_upgraded":["Defend_G","Defend_G"]},{"cards_removed":["Strike_G"],"damage_healed":0,"gold_gain":0,"player_choice":"Purged","damage_taken":0,"max_hp_gain":0,"max_hp_loss":0,"event_name":"Purifier","floor":7,"gold_loss":0},{"damage_healed":0,"gold_gain":0,"player_choice":"Fight","damage_taken":0,"max_hp_gain":0,"max_hp_loss":0,"event_name":"Mysterious Sphere","floor":45,"gold_loss":0}],"is_beta":false,"boss_relics":[{"not_picked":["Sozu","Tiny House"],"picked":"Pandora\u0027s Box"},{"not_picked":["Black Star","Philosopher\u0027s Stone"],"picked":"WristBlade"}],"items_purged_floors":[11],"is_endless":false,"potions_floor_spawned":[3,13,14,16,18,23,35,44,45,46,47],"ascension_level":8}}