{"host":"x7u3amoxy3d4heu5","time":1613496287,"event":{"mods":["BaseMod","Colored Map","DeckTracker","Downfall","Hermit","Hubris","Infinite Spire","Marisa????????","Minty Spire (QoL Compilation)","Quick Restart","Replay The Spire","StSLib","The Cursed","The IronCluck","The Jungle","The Servant 0.9.4","The Wild Card","Unceasing Turn Reminder","slay the spire mod where everything is the same but ironclad has a cowboy hat"],"gold_per_floor":[99,99,99,116,134,154,180,180,227,227,241,276,294,309,319,422,422,422,440,440,440,236,252,277,277,290,290,308,308,323,334,352,447,447,447,466,482,482,493,493,493,510,363,376,386,402,402,87,106,106],"floor_reached":51,"language":"ENG","playtime":5167,"items_purged":["ReplayTheSpireMod:Doomed","Parasite"],"score":805,"play_id":"aee9d3d5-255b-4e88-8541-d65e8dc7653a","local_time":"20210216102447","is_ascension_mode":true,"campfire_choices":[{"data":"Slimebound:MassFeed","floor":1,"key":"SMITH"},{"floor":10,"key":"REST"},{"data":"Slimebound:SlimeSlap","floor":18,"key":"SMITH"},{"floor":29,"key":"REST"},{"floor":35,"key":"DIG"},{"data":"ReplayTheSpireMod:Book of Names","floor":40,"key":"SMITH"},{"floor":47,"key":"REST"}],"circlet_count":0,"master_deck":["Slimebound:Strike_Slimebound","Slimebound:Strike_Slimebound","Slimebound:Tackle","Slimebound:Defend_Slimebound","Slimebound:Defend_Slimebound","Slimebound:Defend_Slimebound","Slimebound:Defend_Slimebound","Slimebound:Split+1","Slimebound:CorrosiveSpit+1","Slimebound:MassFeed+1","Slimebound:SplitAcid","Slimebound:Schlurp","Slimebound:RainOfGoop","Replay:Fractal Strike","Slimebound:LeechEnergy","Slimebound:ItLooksTasty","Slimebound:SplitMire","Slimebound:LeadByExample","Slimebound:SpikyOuterGoop","Slimebound:LevelUp","Slimebound:SplitMire","Slimebound:SlimeSlap+1","Slimebound:HauntingLick","ReplayTheSpireMod:Book of Names+1","Slimebound:Repurpose","Slimebound:LevelUp+1","Slimebound:MegaLick","Slimebound:LeadByExample+1","Slimebound:LeechingTouch","Slimebound:SlimeSpikes+1","Slimebound:OozeBath","Slimebound:Schlurp","Slimebound:SlimeTap","Slimebound:OozeBath","Slimebound:Prepare","Slimebound:SlimeSpikes+1","Slimebound:RainOfGoop","Slimebound:Gluttony+1","Slimebound:HauntingLick+1","Slimebound:Gluttony+1","Slimebound:SamplingLick","Slimebound:SamplingLick+1","Slimebound:ServeAndProtect","Slimebound:Recycling+1","Slimebound:SpikyOuterGoop+1","Slimebound:LeechEnergy","Slimebound:HauntingLick"],"relics":["Slimebound:AbsorbEndCombatUpgraded","Orichalcum","Regal Pillow","Replay:Ringing Soul","Boot","Replay:Bronze Core","hubris:Backtick","Frozen Egg 2","Toy Ornithopter","Pet Ghost","Replay:Bottled Snecko","Spirit Poop","Replay:WaspNest","Replay:Wax Seal"],"acts_visited":["Exordium","TheCity","TheBeyond"],"potions_floor_usage":[45,49],"damage_taken":[{"damage":2,"enemies":"2 Louse","floor":4,"turns":2},{"damage":14,"enemies":"Small Slimes","floor":5,"turns":4},{"damage":1,"enemies":"Cultist","floor":6,"turns":3},{"damage":32,"enemies":"Exordium Wildlife","floor":11,"turns":7},{"damage":13,"enemies":"3 Sentries","floor":12,"turns":6},{"damage":12,"enemies":"downfall:LooterAlt","floor":13,"turns":4},{"damage":15,"enemies":"3 Louse","floor":14,"turns":3},{"damage":8,"enemies":"Red Slaver","floor":15,"turns":2},{"damage":22,"enemies":"IC_STATUS_ARCHETYPE","floor":16,"turns":7},{"damage":25,"enemies":"downfall:LooterAlt2","floor":19,"turns":4},{"damage":0,"enemies":"downfall:FleeingMerchant","floor":22,"turns":4},{"damage":3,"enemies":"Chosen","floor":23,"turns":5},{"damage":27,"enemies":"3 Cultists","floor":26,"turns":5},{"damage":12,"enemies":"Centurion and Healer","floor":28,"turns":6},{"damage":18,"enemies":"Chosen and Byrds","floor":30,"turns":6},{"damage":41,"enemies":"Cultist and Chosen","floor":31,"turns":6},{"damage":30,"enemies":"Shelled Parasite and Fungi","floor":32,"turns":5},{"damage":43,"enemies":"DF_ARCHETYPE_CLAW","floor":33,"turns":6},{"damage":5,"enemies":"Orb Walker","floor":36,"turns":4},{"damage":48,"enemies":"3 Darklings","floor":37,"turns":7},{"damage":22,"enemies":"Maw","floor":39,"turns":7},{"damage":45,"enemies":"Writhing Mass","floor":42,"turns":6},{"damage":0,"enemies":"downfall:FleeingMerchant","floor":43,"turns":5},{"damage":32,"enemies":"3 Darklings","floor":44,"turns":4},{"damage":93,"enemies":"Transient","floor":45,"turns":5},{"damage":43,"enemies":"Writhing Mass","floor":46,"turns":6},{"damage":16,"enemies":"downfall:FleeingMerchant","floor":48,"turns":5},{"damage":49,"enemies":"Sphere and 2 Shapes","floor":49,"turns":6},{"damage":59,"enemies":"SI_POISON_ARCHETYPE","floor":50,"turns":9}],"seed_played":"1078958549416248460","potions_obtained":[{"floor":5,"key":"BlessingOfTheForge"},{"floor":6,"key":"Strength Potion"},{"floor":11,"key":"FearPotion"},{"floor":13,"key":"FairyPotion"},{"floor":27,"key":"Slimebound:ThreeZeroPotion"},{"floor":27,"key":"Slimebound:ThreeZeroPotion"}],"is_trial":false,"path_per_floor":["R","?","?","M","M","M","T","?","?","R","M","E","M","M","M","B",null,"R","M","AVR","?","$","M","T","?","M","?","M","R","M","M","M","B",null,"R_BF","M","M","?","M","R","T","M","$","M","M","M","R","$","M","B",null],"character_chosen":"SLIMEBOUND","items_purchased":["Slimebound:LevelUp+1","Slimebound:MegaLick","Slimebound:Gluttony+1","Slimebound:SamplingLick","Slimebound:SpikyOuterGoop+1","Replay:Wax Seal","Slimebound:LeechEnergy"],"campfire_rested":3,"item_purchase_floors":[22,22,43,43,48,48,48],"current_hp_per_floor":[65,58,58,60,56,63,63,43,14,54,37,33,30,22,25,14,110,110,94,97,100,111,123,123,96,84,84,87,146,139,109,90,58,160,160,163,137,137,133,133,133,106,124,107,37,12,82,78,52,8],"gold":106,"neow_bonus":"TRANSFORM_CARD","is_daily":false,"chose_seed":false,"campfire_upgraded":3,"win_rate":0.0,"timestamp":1613496287,"path_taken":["R","?","?","M","?","M","T","?","?","R","?","E","M","M","M","BOSS","R","M","AVR","?","$","M","T","?","M","?","M","R","?","M","M","BOSS","R_BF","M","M","?","M","R","T","?","?","M","M","M","R","$","M","BOSS"],"items_purchased_type":["Card","Card","Card","Card","Card","Relic","Card"],"build_version":"2020-12-22","purchased_purges":2,"victory":true,"max_hp_per_floor":[65,65,65,69,77,81,81,81,84,84,91,94,97,100,107,110,110,110,113,116,119,122,129,129,134,141,141,148,148,151,154,157,160,160,160,163,170,170,173,173,173,176,179,179,182,185,185,185,188,188],"card_choices":[{"not_picked":["Slimebound:GoopSpray","Slimebound:Prepare"],"picked":"Slimebound:SplitAcid","floor":4},{"not_picked":["Slimebound:ForwardTackle","Slimebound:SlimeSpikes"],"picked":"Slimebound:Schlurp","floor":5},{"not_picked":["Slimebound:Chomp","Slimebound:SamplingLick"],"picked":"Slimebound:RainOfGoop","floor":6},{"not_picked":["infinitespire:Oblivion","ReplayTheSpireMod:Haul"],"picked":"Replay:Fractal Strike","floor":8},{"not_picked":["Slimebound:Schlurp","Slimebound:HauntingLick"],"picked":"Slimebound:LeechEnergy","floor":9},{"not_picked":["Slimebound:Schlurp","Slimebound:RollThrough"],"picked":"Slimebound:ItLooksTasty","floor":9},{"not_picked":["Slimebound:Equalize","Slimebound:GoopTackle"],"picked":"Slimebound:SplitMire","floor":11},{"not_picked":["Slimebound:Prepare","Slimebound:HungryTackle"],"picked":"Slimebound:LeadByExample","floor":12},{"not_picked":["Slimebound:Teamwork","Slimebound:Prepare"],"picked":"Slimebound:SpikyOuterGoop","floor":13},{"not_picked":["Slimebound:HauntingLick","Slimebound:ViciousTackle"],"picked":"Slimebound:LevelUp","floor":14},{"not_picked":["Slimebound:SlimeBrawl","Slimebound:GoopTackle"],"picked":"Slimebound:SplitMire","floor":15},{"not_picked":["Slimebound:DouseInSlime","Slimebound:RallyTheTroops"],"picked":"Slimebound:SlimeSlap","floor":16},{"not_picked":["Slimebound:SplitLeeching","Slimebound:Schlurp"],"picked":"Slimebound:HauntingLick","floor":19},{"not_picked":["Slimebound:LivingWall+1","Slimebound:DisruptingSlam+1"],"picked":"Slimebound:Repurpose","floor":22},{"not_picked":["Slimebound:ViciousTackle+1","Slimebound:ComboTackle"],"picked":"Slimebound:LeadByExample+1","floor":23},{"not_picked":["Slimebound:BestDefense+1","Slimebound:PressTheAttack"],"picked":"Slimebound:LeechingTouch","floor":26},{"not_picked":["Slimebound:LeechingTouch","Slimebound:LeechEnergy+1"],"picked":"Slimebound:SlimeSpikes+1","floor":28},{"not_picked":["Slimebound:SplitMire+1","Slimebound:SlimeSpikes"],"picked":"Slimebound:OozeBath","floor":30},{"not_picked":["Slimebound:Grow+1","Slimebound:Prepare"],"picked":"Slimebound:Schlurp","floor":31},{"not_picked":["Slimebound:BestDefense+1","Slimebound:SplitBruiser"],"picked":"Slimebound:SlimeTap","floor":32},{"not_picked":["Slimebound:MassFeed","Slimebound:DouseInSlime"],"picked":"Slimebound:OozeBath","floor":33},{"not_picked":["Slimebound:Chomp+1","Slimebound:ComboTackle+1"],"picked":"Slimebound:Prepare","floor":36},{"not_picked":["Slimebound:FinishingTackle","Slimebound:Recollect+1"],"picked":"Slimebound:SlimeSpikes+1","floor":37},{"not_picked":["Slimebound:SplitMire+1","Slimebound:Repurpose+1"],"picked":"Slimebound:RainOfGoop","floor":39},{"not_picked":["Slimebound:Recollect+1","Slimebound:Chomp+1"],"picked":"Slimebound:Gluttony+1","floor":42},{"not_picked":["Slimebound:SlimeSpikes+1","Slimebound:Repurpose+1"],"picked":"Slimebound:HauntingLick+1","floor":43},{"not_picked":["Slimebound:SplitMire","Slimebound:MassRepurpose","Slimebound:ProtectTheBoss+1"],"picked":"SKIP","floor":44},{"not_picked":["Slimebound:LivingWall+1","Slimebound:PressTheAttack"],"picked":"Slimebound:SamplingLick+1","floor":45},{"not_picked":["Slimebound:Prepare","Slimebound:FinishingTackle"],"picked":"Slimebound:ServeAndProtect","floor":46},{"not_picked":["Slimebound:DivideAndConquer+1","Slimebound:HungryTackle"],"picked":"Slimebound:Recycling+1","floor":48},{"not_picked":["Slimebound:SplitMire+1","Slimebound:SplitBruiser+1"],"picked":"Slimebound:HauntingLick","floor":49}],"player_experience":958258,"relics_obtained":[{"floor":7,"key":"Regal Pillow"},{"floor":9,"key":"Replay:Ringing Soul"},{"floor":12,"key":"Boot"},{"floor":24,"key":"Pet Ghost"},{"floor":35,"key":"Replay:Bottled Snecko"},{"floor":41,"key":"Replay:WaspNest"}],"event_choices":[{"damage_healed":0,"gold_gain":0,"player_choice":"Success","damage_taken":7,"relics_obtained":["Orichalcum"],"max_hp_gain":0,"max_hp_loss":0,"event_name":"Scrap Ooze","floor":2,"gold_loss":0},{"damage_healed":0,"gold_gain":0,"player_choice":"Stole Relic","damage_taken":0,"relics_obtained":["Toy Ornithopter"],"max_hp_gain":0,"max_hp_loss":0,"event_name":"Addict","floor":21,"gold_loss":0,"cards_obtained":["Pride"]},{"damage_healed":0,"gold_gain":0,"player_choice":"Got Potions","damage_taken":0,"max_hp_gain":0,"max_hp_loss":0,"event_name":"Lab","floor":27,"gold_loss":0},{"cards_removed":["Pride"],"damage_healed":0,"gold_gain":0,"player_choice":"Offered Curse","damage_taken":0,"relics_obtained":["Spirit Poop"],"max_hp_gain":0,"max_hp_loss":0,"event_name":"Bonfire Elementals","floor":38,"gold_loss":0}],"is_beta":false,"boss_relics":[{"not_picked":["Runic Dome","Kintsugi"],"picked":"Replay:Bronze Core"},{"not_picked":["hubris:HollowSoul","hubris:VirtuousBlindfold"],"picked":"Slimebound:AbsorbEndCombatUpgraded"}],"items_purged_floors":[22,48],"is_endless":false,"potions_floor_spawned":[5,6,11,13,16,26,28,30,32,37,42,44],"ascension_level":4}}