{"host":"ypzi5hvah0ucsg44","time":1613479227,"event":{"mods":["BaseMod","Colored Map","Downfall","Googly Eyes","Minty Spire (QoL Compilation)","Quick Restart","Replay The Spire","StSLib","The Construct"],"gold_per_floor":[99,114,128,146,146,162,162,182,217,217,217,228,228,66,77,77,77,77],"floor_reached":16,"language":"ENG","playtime":1631,"items_purged":[],"score":104,"play_id":"3d83cb25-354d-4fe4-9978-d1fc9cd65aca","local_time":"20210216044027","is_ascension_mode":false,"campfire_choices":[{"data":"bronze:Replicate","floor":1,"key":"SMITH"},{"data":"bronze:Goto","floor":11,"key":"SMITH"},{"data":"bronze:RecursiveStrike","floor":13,"key":"SMITH"}],"circlet_count":0,"master_deck":["bronze:Strike","bronze:Strike","bronze:Strike","bronze:Defend","bronze:Defend","bronze:Defend","bronze:Defend","bronze:Replicate+1","bronze:Goto+1","bronze:ChosenStrike","bronze:WhirlingStrike","bronze:Fortify","bronze:Shell","bronze:RecursiveStrike+1","bronze:ChildClass","bronze:CutThrough","bronze:ForLoop","bronze:Flail","bronze:FineTuning"],"relics":["bronze:BronzeCore","Mercury Hourglass","Girya","downfall:BrokenWingStatue"],"acts_visited":["Exordium"],"potions_floor_usage":[],"damage_taken":[{"damage":1,"enemies":"Jaw Worm","floor":2,"turns":5},{"damage":0,"enemies":"2 Louse","floor":3,"turns":3},{"damage":0,"enemies":"Cultist","floor":4,"turns":2},{"damage":6,"enemies":"Blue Slaver","floor":6,"turns":6},{"damage":2,"enemies":"2 Fungi Beasts","floor":8,"turns":3},{"damage":27,"enemies":"3 Sentries","floor":9,"turns":3},{"damage":11,"enemies":"Large Slime","floor":12,"turns":3},{"damage":0,"enemies":"downfall:FleeingMerchant","floor":14,"turns":4},{"damage":0,"enemies":"Exordium Wildlife","floor":15,"turns":2},{"damage":31,"enemies":"SI_SHIV_ARCHETYPE","floor":16,"turns":8}],"seed_played":"4070663862645472052","potions_obtained":[{"floor":2,"key":"ColorlessPotion"},{"floor":6,"key":"BlessingOfTheForge"},{"floor":9,"key":"Guardian:BlockOnCardUsePotion"}],"is_trial":false,"path_per_floor":["R","M","M","M","?","M","T","M","E","?","R","M","R","$","M","B"],"character_chosen":"THE_AUTOMATON","items_purchased":["bronze:ForLoop","bronze:Flail"],"campfire_rested":0,"item_purchase_floors":[14,14],"current_hp_per_floor":[77,76,76,76,76,70,70,68,41,41,41,30,30,30,30,0,0,0],"gold":77,"neow_bonus":"TEN_PERCENT_HP_BONUS","is_daily":false,"chose_seed":false,"campfire_upgraded":3,"win_rate":0.0,"timestamp":1613479227,"path_taken":["R","M","M","M","?","M","T","M","E","?","R","M","R","?","M","BOSS"],"items_purchased_type":["Card","Card"],"build_version":"2020-12-22","purchased_purges":0,"victory":false,"max_hp_per_floor":[77,77,77,77,77,77,77,77,77,77,77,77,77,77,77,77,77,77],"card_choices":[{"not_picked":["bronze:Overload","bronze:MaxOutput"],"picked":"bronze:ChosenStrike","floor":2},{"not_picked":["bronze:BuggyMess","bronze:FineTuning"],"picked":"bronze:WhirlingStrike","floor":3},{"not_picked":["bronze:BitShift","bronze:Deprecate"],"picked":"bronze:Fortify","floor":4},{"not_picked":["bronze:Shield","bronze:OilSpill"],"picked":"bronze:Shell","floor":6},{"not_picked":["bronze:OilSpill","bronze:NullPointer","bronze:Deprecate"],"picked":"SKIP","floor":8},{"not_picked":["bronze:Invalidate","bronze:Turbo"],"picked":"bronze:RecursiveStrike","floor":9},{"not_picked":["bronze:BugBarrage","bronze:Safeguard"],"picked":"bronze:ChildClass","floor":12},{"not_picked":["bronze:WhirlingStrike","bronze:Turbo"],"picked":"bronze:CutThrough","floor":14},{"not_picked":["bronze:Backtrace","bronze:ForLoop"],"picked":"bronze:FineTuning","floor":15}],"player_experience":129326,"relics_obtained":[{"floor":7,"key":"Mercury Hourglass"},{"floor":9,"key":"Girya"}],"event_choices":[],"is_beta":false,"boss_relics":[],"items_purged_floors":[],"is_endless":false,"potions_floor_spawned":[2,6,9],"killed_by":"SI_SHIV_ARCHETYPE","ascension_level":0}}