{"host":"4aszh1v8x6uog22d","time":1613491093,"event":{"mods":["AchievementEnabler","Act Like it!","Aspiration","BaseMod","Colored Powertips","Conspire","Downfall","Gensokyo","GungeonMod","Hallownest","Marisa£®ÏF”Í°°ƒß¿Ì…≥£©","Minty Spire (QoL Compilation)","Pale of the Ancients","Quick Restart","Random Character Button","Replay The Spire","StSLib","The Jungle"],"gold_per_floor":[99,131,356,430,130,30,126,126,159,60034,59884,59709,59509,59284,59034,59130,59130,59130,59130,59130,59130],"floor_reached":22,"language":"ZHS","playtime":215,"items_purged":["champ:Defend","champ:Strike","champ:Strike","champ:Defend","champ:Strike","champ:Defend","champ:Defend","champ:Strike"],"score":1532,"play_id":"25ed8101-8ed9-485b-9312-6777a30f9402","local_time":"20210216235813","is_ascension_mode":true,"campfire_choices":[{"floor":1,"key":"RECALL"},{"floor":5,"key":"REST"}],"circlet_count":0,"master_deck":["champ:Execute","champ:Taunt"],"relics":["champ:ChampionCrown","StoneCalendar","Centennial Puzzle","DemoMod:GlassGuonStoneRelic","downfall:HeartBlessingRed","downfall:HeartBlessingGreen","downfall:HeartBlessingBlue","Black Star","DemoMod:Metronome","Prayer Wheel"],"acts_visited":["Exordium","TheCity","TheBeyond","TheEnding"],"potions_floor_usage":[],"damage_taken":[{"damage":0,"enemies":"Gremlin Nob","floor":2,"turns":1},{"damage":0,"enemies":"downfall:FleeingMerchant","floor":3,"turns":1},{"damage":0,"enemies":"DF_ARCHETYPE_STREAMLINE","floor":7,"turns":1},{"damage":0,"enemies":"Book of Stabbing","floor":9,"turns":1},{"damage":0,"enemies":"IC_MUSHROOM_ARCHETYPE","floor":16,"turns":1},{"damage":0,"enemies":"SI_POISON_ARCHETYPE","floor":18,"turns":1},{"damage":0,"enemies":"downfall:NeowBoss","floor":20,"turns":1},{"damage":0,"enemies":"downfall:NeowBossFinal","floor":21,"turns":1}],"seed_played":"-3382096216086916272","potions_obtained":[{"floor":2,"key":"SneckoOil"},{"floor":3,"key":"Weak Potion"},{"floor":7,"key":"Ancient Potion"}],"is_trial":false,"path_per_floor":["R","E","$","T","R","$","B",null,"E","$","$","$","$","$","$","B",null,"B",null,"B","B",null],"character_chosen":"THE_CHAMP","items_purchased":[],"campfire_rested":1,"item_purchase_floors":[],"current_hp_per_floor":[81,81,81,81,91,91,91,91,91,91,91,91,91,91,91,91,91,91,91,91,91],"gold":59130,"neow_bonus":"ONE_RARE_RELIC","is_daily":false,"chose_seed":false,"campfire_upgraded":0,"win_rate":0.0,"timestamp":1613491093,"path_taken":["R","E","$","T","R","$","BOSS","E","$","$","$","$","$","$","BOSS","BOSS","BOSS","BOSS"],"items_purchased_type":[],"build_version":"2020-12-22","purchased_purges":8,"victory":true,"max_hp_per_floor":[81,81,81,81,91,91,91,91,91,91,91,91,91,91,91,91,91,91,91,91,91],"card_choices":[{"not_picked":["champ:TornadoPunch","champ:Endure","champ:ViciousMockery"],"picked":"SKIP","floor":2},{"not_picked":["champ:RapidStrikes","champ:DefensiveStyle","champ:RageSigil"],"picked":"SKIP","floor":3},{"not_picked":["champ:RisingSlash","champ:Encircle+1","champ:FlashCut"],"picked":"SKIP","floor":9}],"player_experience":475772,"relics_obtained":[{"floor":2,"key":"Centennial Puzzle"},{"floor":9,"key":"DemoMod:Metronome"},{"floor":9,"key":"Prayer Wheel"}],"event_choices":[],"is_beta":false,"boss_relics":[{"not_picked":["conspire:SpecialSausage","ChewingGum"],"picked":"Black Star"},{"not_picked":[]}],"items_purged_floors":[3,6,10,11,12,13,14,15],"is_endless":false,"potions_floor_spawned":[2,3,7,9,16],"ascension_level":2}}