{"host":"kpcx2wrn7eq3nf7c","time":1613447128,"event":{"mods":["Act Like it!","BaseMod","CapriCore","Card Forge","Friendly Minions","Gensokyo","Hermit","Koishi","Marisa（霧雨　魔理沙）","Minty Spire (QoL Compilation)","StSLib","The Animator","The Immortal","The Servant 0.9.4","Waifu the Spire","Youmu（魂魄妖梦）"],"gold_per_floor":[20,20,37,35,47,47,81,92,142,142,13,39,39,56,56,56,56],"floor_reached":16,"language":"ZHS","playtime":825,"items_purged":["Pain"],"score":128,"play_id":"a3509114-08e2-412d-908e-ddf0a5dc27e5","local_time":"20210216114528","is_ascension_mode":true,"campfire_choices":[{"data":"Moonlight","floor":6,"key":"SMITH"},{"data":"Starlight","floor":13,"key":"SMITH"},{"data":"TimeWarp","floor":15,"key":"SMITH"}],"circlet_count":0,"master_deck":["Strike_S","Strike_S","Strike_S","Strike_S","Defend_S","Defend_S","Defend_S","Defend_S","Exchange","BottledTime","Moondial","Moonlight+1","SilverMatrix","Starlight+1","TimeWarp+1","Rearm"],"relics":["Uniform","Hammer of Thor","Seething Fire","Anvil of the Gods","Gensokyo:Mercy","Mummified Hand","Gensokyo:LunaticRedEyes","Broom"],"acts_visited":["Gensokyo:Gensokyo"],"potions_floor_usage":[7,12],"damage_taken":[{"damage":1,"enemies":"Gensokyo:3_Fairies","floor":1,"turns":4},{"damage":0,"enemies":"Gensokyo:Python","floor":3,"turns":4},{"damage":2,"enemies":"Gensokyo:Gryphon","floor":5,"turns":5},{"damage":2,"enemies":"Gensokyo:Mamizou","floor":7,"turns":6},{"damage":5,"enemies":"Gensokyo:CorruptedTreant","floor":8,"turns":3},{"damage":6,"enemies":"Gensokyo:Cirno","floor":12,"turns":7},{"damage":0,"enemies":"Gensokyo:Gryphon_and_Rabbit","floor":14,"turns":3},{"damage":62,"enemies":"Gensokyo:Yukari","floor":16,"turns":12}],"seed_played":"-1386231057277355196","potions_obtained":[{"floor":5,"key":"DistilledChaos"},{"floor":8,"key":"Explosive Potion"},{"floor":12,"key":"Energy Potion"}],"is_trial":false,"path_per_floor":["M","?","M","?","M","R","E","M","T","?","$","E","R","M","R","B"],"character_chosen":"THE_SERVANT","items_purchased":["TimeWarp"],"campfire_rested":0,"item_purchase_floors":[11],"current_hp_per_floor":[76,76,76,77,75,75,73,68,68,68,68,62,62,62,62,0,0],"gold":56,"neow_bonus":"TWENTY_PERCENT_HP_BONUS","is_daily":false,"chose_seed":false,"campfire_upgraded":3,"win_rate":0.0,"timestamp":1613447128,"path_taken":["M","?","M","?","M","R","E","M","T","?","?","E","R","?","R","BOSS"],"items_purchased_type":["Card"],"build_version":"2020-12-22","purchased_purges":1,"victory":false,"max_hp_per_floor":[77,77,77,77,77,77,77,77,77,77,77,77,77,77,77,77,77],"card_choices":[{"not_picked":["Rewind","FastForward"],"picked":"BottledTime","floor":1},{"not_picked":["Rearm","Revamp"],"picked":"Moondial","floor":3},{"not_picked":["Shuttle","Desolation"],"picked":"Moonlight","floor":5},{"not_picked":["BottledTime","TimeTheft"],"picked":"SilverMatrix","floor":7},{"not_picked":["Rewind","Snipe"],"picked":"Starlight","floor":8},{"not_picked":["Deadline","Alleviate"],"picked":"Rearm","floor":12},{"not_picked":["Ricochet","DancingSilver","Barrier"],"picked":"SKIP","floor":14},{"not_picked":["Ricochet","DancingSilver","Barrier"],"picked":"SKIP","floor":14}],"player_experience":1242396,"relics_obtained":[{"floor":7,"key":"Mummified Hand"},{"floor":12,"key":"Broom"}],"event_choices":[],"is_beta":false,"boss_relics":[],"items_purged_floors":[11],"is_endless":false,"potions_floor_spawned":[5,8,12],"killed_by":"Gensokyo:Yukari","ascension_level":4}}