{"host":"97k3n5kp0psabqmo","time":1613448019,"event":{"mods":["BaseMod","Colored Powertips","Minty Spire (QoL Compilation)","StSLib"],"gold_per_floor":[119,119,132,144,156,189,200,235,247,259,196,196,215,225,225,322,322,339,354,354,368,167,167,185,185,185,196,45,56,56,56,56],"floor_reached":31,"language":"ENG","playtime":1008,"items_purged":["Strike_R","Strike_R"],"score":289,"play_id":"a115886f-b97b-4ce6-aeda-d81b4ebd6251","local_time":"20210215230019","is_ascension_mode":true,"campfire_choices":[{"floor":10,"key":"REST"},{"data":"Wild Strike","floor":12,"key":"SMITH"},{"data":"Wild Strike","floor":15,"key":"SMITH"},{"floor":23,"key":"REST"},{"floor":25,"key":"REST"}],"circlet_count":0,"master_deck":["Strike_R","Strike_R","Defend_R","Defend_R","Defend_R","Defend_R","Bash","Wild Strike+1","Wild Strike+1","Burning Pact","Iron Wave","Hemokinesis","Wild Strike","Hemokinesis","Demon Form+1","CurseOfTheBell","Seeing Red+1","Fire Breathing+1","Pommel Strike","Warcry","Disarm"],"relics":["Burning Blood","Bird Faced Urn","MawBank","Frozen Egg 2","Calling Bell","Smiling Mask","Shuriken","Incense Burner","Regal Pillow","Mummified Hand","Bottled Lightning"],"acts_visited":["Exordium","TheCity"],"potions_floor_usage":[6,6,16,16,16,21],"damage_taken":[{"damage":5,"enemies":"Small Slimes","floor":1,"turns":4},{"damage":1,"enemies":"Cultist","floor":3,"turns":3},{"damage":9,"enemies":"Jaw Worm","floor":4,"turns":3},{"damage":19,"enemies":"Blue Slaver","floor":5,"turns":4},{"damage":32,"enemies":"Gremlin Nob","floor":6,"turns":4},{"damage":0,"enemies":"Exordium Wildlife","floor":7,"turns":3},{"damage":42,"enemies":"Lagavulin","floor":8,"turns":6},{"damage":8,"enemies":"Exordium Thugs","floor":13,"turns":4},{"damage":3,"enemies":"3 Louse","floor":14,"turns":2},{"damage":45,"enemies":"Slime Boss","floor":16,"turns":11},{"damage":14,"enemies":"Chosen","floor":18,"turns":4},{"damage":36,"enemies":"Shell Parasite","floor":19,"turns":4},{"damage":42,"enemies":"Snake Plant","floor":21,"turns":3},{"damage":39,"enemies":"Snecko","floor":24,"turns":5},{"damage":35,"enemies":"Chosen and Byrds","floor":27,"turns":5},{"damage":13,"enemies":"Cultist and Chosen","floor":29,"turns":4},{"damage":44,"enemies":"3 Cultists","floor":31,"turns":4}],"seed_played":"6144440786703443904","potions_obtained":[{"floor":4,"key":"AttackPotion"},{"floor":5,"key":"Regen Potion"},{"floor":8,"key":"Block Potion"},{"floor":13,"key":"Swift Potion"},{"floor":14,"key":"SpeedPotion"},{"floor":18,"key":"Energy Potion"},{"floor":27,"key":"LiquidMemories"}],"is_trial":false,"path_per_floor":["M","?","M","M","M","E","M","E","T","R","$","R","M","M","R","B",null,"M","M","?","M","$","R","M","R","T","M","$","M","T","M"],"character_chosen":"IRONCLAD","items_purchased":["Regal Pillow","Pommel Strike","Warcry","Disarm"],"campfire_rested":3,"item_purchase_floors":[22,28,28,28],"current_hp_per_floor":[88,88,88,85,72,55,61,25,25,51,51,51,49,52,52,13,88,80,52,52,18,18,59,28,69,69,42,42,37,37,0,0],"gold":56,"neow_bonus":"TEN_PERCENT_HP_BONUS","is_daily":false,"chose_seed":false,"campfire_upgraded":2,"win_rate":0.0,"timestamp":1613448019,"path_taken":["M","?","M","M","M","E","?","E","T","R","$","R","M","M","R","BOSS","M","M","?","?","$","R","M","R","T","M","$","M","?","M"],"items_purchased_type":["Relic","Card","Card","Card"],"build_version":"2020-12-22","purchased_purges":2,"victory":false,"max_hp_per_floor":[88,88,88,88,88,88,88,88,88,88,88,88,88,88,88,88,88,88,88,88,88,88,88,88,88,88,88,88,88,88,88,88],"card_choices":[{"not_picked":["Heavy Blade","Headbutt"],"picked":"Wild Strike","floor":1},{"not_picked":["True Grit","Rupture"],"picked":"Wild Strike","floor":3},{"not_picked":["Flex","Sever Soul","Armaments"],"picked":"SKIP","floor":4},{"not_picked":["Perfected Strike","Clash"],"picked":"Burning Pact","floor":5},{"not_picked":["Dual Wield","Shockwave","Twin Strike"],"picked":"SKIP","floor":6},{"not_picked":["Flex","Limit Break"],"picked":"Iron Wave","floor":7},{"not_picked":["Bludgeon","Clash"],"picked":"Hemokinesis","floor":8},{"not_picked":["Second Wind","Clash"],"picked":"Wild Strike","floor":13},{"not_picked":["Sentinel","Warcry"],"picked":"Hemokinesis","floor":14},{"not_picked":["Exhume","Limit Break"],"picked":"Demon Form+1","floor":16},{"not_picked":["Clothesline","Clash","Pummel"],"picked":"SKIP","floor":18},{"not_picked":["Headbutt","Dark Embrace+1","Cleave"],"picked":"SKIP","floor":19},{"not_picked":["Heavy Blade","Warcry","Cleave+1"],"picked":"SKIP","floor":21},{"not_picked":["Cleave+1","Rampage"],"picked":"Seeing Red+1","floor":24},{"not_picked":["Evolve+1","Entrench"],"picked":"Fire Breathing+1","floor":27},{"not_picked":["Clash+1","Sever Soul","Flex"],"picked":"SKIP","floor":29}],"player_experience":73818,"relics_obtained":[{"floor":6,"key":"Bird Faced Urn"},{"floor":8,"key":"MawBank"},{"floor":9,"key":"Frozen Egg 2"},{"floor":17,"key":"Smiling Mask"},{"floor":17,"key":"Shuriken"},{"floor":17,"key":"Incense Burner"},{"floor":26,"key":"Mummified Hand"},{"floor":30,"key":"Bottled Lightning"}],"event_choices":[{"damage_healed":0,"gold_gain":0,"player_choice":"Bought 0 Potions","damage_taken":0,"max_hp_gain":0,"max_hp_loss":0,"event_name":"The Woman in Blue","floor":2,"gold_loss":0},{"cards_removed":["Strike_R"],"damage_healed":0,"gold_gain":0,"player_choice":"Purged","damage_taken":0,"max_hp_gain":0,"max_hp_loss":0,"event_name":"Purifier","floor":20,"gold_loss":0}],"is_beta":false,"boss_relics":[{"not_picked":["Runic Cube","Black Star"],"picked":"Calling Bell"}],"items_purged_floors":[11,22],"is_endless":false,"potions_floor_spawned":[4,5,8,13,14,18,27],"killed_by":"3 Cultists","ascension_level":3}}