{"host":"91blwi3hgehj6ch9","time":1613485030,"event":{"mods":["2.2 Compatiblity","AchievementEnabler","BaseMod","Colored Map","DeckTracker","Keyboard Shortcuts","Minty Spire (QoL Compilation)","Permanent Neow","StSLib","SuperFastMode","everything is the same but u backflip on backflip"],"gold_per_floor":[213,213,52,67,67,67,102,114,150,75,114,138,152,168,168,168,168],"floor_reached":16,"language":"KOR","playtime":346,"items_purged":["Strike_G"],"score":220,"play_id":"b36bef33-0829-4715-8737-0026bc71b4ba","local_time":"20210216231710","is_ascension_mode":true,"campfire_choices":[{"data":"Noxious Fumes","floor":6,"key":"SMITH"},{"floor":8,"key":"REST"},{"floor":15,"key":"REST"}],"circlet_count":0,"master_deck":["AscendersBane","Strike_G","Strike_G","Strike_G+1","Strike_G","Defend_G","Defend_G","Defend_G","Defend_G","Defend_G","Survivor","Neutralize","Predator+1","Noxious Fumes+1","Masterful Stab","Acrobatics","Tactician","PiercingWail"],"relics":["Ring of the Snake","Golden Idol","MawBank","Whetstone","Snake Skull"],"acts_visited":["Exordium"],"potions_floor_usage":[7,16,16],"damage_taken":[{"damage":0,"enemies":"Small Slimes","floor":1,"turns":4},{"damage":0,"enemies":"2 Louse","floor":4,"turns":2},{"damage":34,"enemies":"Lagavulin","floor":7,"turns":7},{"damage":32,"enemies":"Gremlin Nob","floor":11,"turns":4},{"damage":2,"enemies":"Jaw Worm","floor":12,"turns":4},{"damage":4,"enemies":"Blue Slaver","floor":13,"turns":3},{"damage":0,"enemies":"3 Louse","floor":14,"turns":3},{"damage":28,"enemies":"Hexaghost","floor":16,"turns":9}],"seed_played":"6397449383394538802","potions_obtained":[{"floor":1,"key":"PowerPotion"},{"floor":11,"key":"Strength Potion"},{"floor":12,"key":"Dexterity Potion"}],"is_trial":false,"path_per_floor":["M","?","$","M","?","R","E","R","T","$","E","M","M","M","R","B"],"character_chosen":"THE_SILENT","items_purchased":["Noxious Fumes","Tactician"],"campfire_rested":2,"item_purchase_floors":[3,10],"current_hp_per_floor":[59,59,59,59,59,59,25,43,43,43,11,9,5,5,23,0,0],"gold":168,"neow_bonus":"HUNDRED_GOLD","is_daily":false,"chose_seed":false,"campfire_upgraded":1,"win_rate":0.0,"timestamp":1613485030,"path_taken":["M","?","$","M","?","R","E","R","T","?","E","M","M","?","R","BOSS"],"items_purchased_type":["Card","Card"],"build_version":"2020-12-22","purchased_purges":1,"victory":false,"max_hp_per_floor":[66,60,60,60,60,60,60,60,60,60,60,60,60,60,60,60,60],"card_choices":[{"not_picked":["Bouncing Flask","Crippling Poison"],"picked":"Predator","floor":1},{"not_picked":["Concentrate","Setup"],"picked":"Masterful Stab","floor":4},{"not_picked":["Leg Sweep","Predator"],"picked":"Acrobatics","floor":7},{"not_picked":["Distraction","Outmaneuver","Choke"],"picked":"SKIP","floor":11},{"not_picked":["Quick Slash","Flying Knee","Acrobatics"],"picked":"SKIP","floor":12},{"not_picked":["Glass Knife","Cloak And Dagger","Sucker Punch"],"picked":"SKIP","floor":13},{"not_picked":["Deadly Poison","Poisoned Stab"],"picked":"PiercingWail","floor":14}],"player_experience":273461,"relics_obtained":[{"floor":7,"key":"MawBank"},{"floor":9,"key":"Whetstone"},{"floor":11,"key":"Snake Skull"}],"event_choices":[{"damage_healed":0,"gold_gain":0,"player_choice":"Lose Max HP","damage_taken":0,"relics_obtained":["Golden Idol"],"max_hp_gain":0,"max_hp_loss":6,"event_name":"Golden Idol","floor":2,"gold_loss":0},{"damage_healed":0,"gold_gain":0,"player_choice":"Ignored","damage_taken":0,"max_hp_gain":0,"max_hp_loss":0,"event_name":"Liars Game","floor":5,"gold_loss":0}],"is_beta":false,"boss_relics":[],"items_purged_floors":[3],"is_endless":false,"potions_floor_spawned":[1,11,12],"killed_by":"Hexaghost","ascension_level":20}}