{"host":"i9h64q9gphvrup4n","time":1613518712,"event":{"mods":["2.2 Compatiblity","AchievementEnabler","Aspiration","Astrologer","Bard","BaseMod","Beaked The Cultist","BetterRewards","Colored Powertips","Conspire","Downfall","Gremlin Mod","Hermit","Hubris","Infinite Spire","Jorbs\u0027s Wanderer Trilogy","Minty Spire (QoL Compilation)","Replay The Spire","Shop Mod","StSLib","SuperFastMode","The Blackbeard","The Bladedancer","The Bug Knight","The Construct","The Cursed","The Disciple","The Hierophant","The Jungle","The Necromancer","The Runesmith","The Wild Card","slay the spire mod where everything is the same but ironclad has a cowboy hat"],"gold_per_floor":[109,184,203,203,214,242,242,272,272,272,285,305,305,330,330,401,401,411,423,423,433,450,485,485,512,537,575,575,575,613,653,653,745,745,785,785,785,207,238,284,284,341,341,365,365,395,395,365,365,371,371,371,50,58,58],"floor_reached":54,"language":"ENG","playtime":2370,"items_purged":[],"score":1238,"play_id":"9f6d6bca-71b2-41e9-ae57-f242c0124824","local_time":"20210216173832","is_ascension_mode":true,"campfire_choices":[{"floor":7,"key":"REST"},{"floor":10,"key":"REST"},{"floor":13,"key":"REST"},{"floor":15,"key":"DIG"},{"floor":24,"key":"REST"},{"floor":29,"key":"REST"},{"floor":32,"key":"REST"},{"floor":41,"key":"REST"},{"floor":45,"key":"REST"},{"floor":47,"key":"RECALL"},{"floor":49,"key":"REST"},{"floor":52,"key":"REST"}],"circlet_count":0,"master_deck":["AscendersBane","Strike_W","Strike_W","Strike_W","Defend_W","Defend_W","Defend_W","Defend_W","Negative_Energy_Arrows","Bone_Wall","Stop_Heart","Uncharnel","Negative_Energy_Burst","Death_March_Dance","Necrotic_Claws","Spectral_Walk","Toxic_Smoke_Screen","Negative_Energy_Sphere","Summon_Death_Knight","Consume_Illness","Negative_Energy_Sphere","Summon_Vampire_Lady","Consume_Illness","Negative_Energy_Sphere","Violent_Necrosis","Strike_from_Beyond","infinitespire:DeathsTouch","infinitespire:SevenWalls","Toxic_Smoke_Screen","Skeleton_Dragon","Summon_Vampire_Lady","Spectral_Armor+1","Summon_Death_Knight","Bone_Armory","Death_March_Dance","Violent_Necrosis","Bandage Up","Consume_Illness","Toxic_Smoke_Screen+1","Toxic_Smoke_Screen","Necrotic_Claws+1"],"relics":["Vampire_Amulet","NeowsBlessing","Matryoshka","WingedGreaves","Nunchaku","Shuriken","Replay:PocketPolymizer","Guardian:PocketSentry","Fusion Hammer","infinitespire:Lucky Rock","conspire:TopHat","Replay:Bandana","Strawberry","Pet Ghost","Bag of Preparation","SlaversCollar","hubris:Towel","conspire:GiftBox","Blood Vial","Bottled Tornado","Turnip"],"acts_visited":["Exordium","TheCity","TheBeyond","TheEnding"],"potions_floor_usage":[8,12,14,14,14,18,33,44,50],"damage_taken":[{"damage":0,"enemies":"Small Slimes","floor":1,"turns":1},{"damage":0,"enemies":"2 Louse","floor":3,"turns":1},{"damage":0,"enemies":"Cultist","floor":5,"turns":1},{"damage":41,"enemies":"Lagavulin","floor":6,"turns":8},{"damage":42,"enemies":"3 Sentries","floor":8,"turns":7},{"damage":7,"enemies":"Blue Slaver","floor":11,"turns":4},{"damage":3,"enemies":"Exordium Wildlife","floor":12,"turns":4},{"damage":4,"enemies":"Replay:BlueRogue","floor":14,"turns":6},{"damage":9,"enemies":"Hexaghost","floor":16,"turns":9},{"damage":3,"enemies":"3 Byrds","floor":18,"turns":4},{"damage":12,"enemies":"Spheric Guardian","floor":19,"turns":6},{"damage":15,"enemies":"Centurion and Healer","floor":21,"turns":7},{"damage":21,"enemies":"Shelled Parasite and Fungi","floor":22,"turns":5},{"damage":30,"enemies":"conspire:SneckoGhost","floor":23,"turns":8},{"damage":7,"enemies":"HollowMod:Nosk","floor":25,"turns":6},{"damage":22,"enemies":"3 Cultists","floor":27,"turns":4},{"damage":20,"enemies":"Snake Plant","floor":30,"turns":4},{"damage":34,"enemies":"Book of Stabbing","floor":31,"turns":5},{"damage":88,"enemies":"Automaton","floor":33,"turns":11},{"damage":31,"enemies":"3 Darklings","floor":35,"turns":4},{"damage":21,"enemies":"Orb Walker","floor":39,"turns":4},{"damage":56,"enemies":"Giant Head","floor":40,"turns":9},{"damage":36,"enemies":"Nemesis","floor":42,"turns":5},{"damage":39,"enemies":"Transient","floor":44,"turns":6},{"damage":59,"enemies":"4 Shapes","floor":46,"turns":6},{"damage":94,"enemies":"Replay:Hell Engine","floor":50,"turns":12},{"damage":84,"enemies":"Shield and Spear","floor":54,"turns":5}],"seed_played":"-6618267271879571215","potions_obtained":[{"floor":5,"key":"Energy Potion"},{"floor":11,"key":"Dexterity Potion"},{"floor":12,"key":"EntropicBrew"},{"floor":14,"key":"Reflective Coating"},{"floor":16,"key":"Venom Potion"},{"floor":19,"key":"FairyPotion"},{"floor":31,"key":"Block Potion"},{"floor":33,"key":"hexamod:SoulburnPotion"},{"floor":35,"key":"Strength Potion"},{"floor":48,"key":"SteroidPotion"},{"floor":48,"key":"CultistPotion"}],"is_trial":false,"path_per_floor":["M","?","M","?","M","E","R","E","T","R","M","M","R","E","R","B",null,"M","M","?","M","M","E","R","E","T","M","AVR","R","M","E","R","B",null,"M","?","?","$","M","E","R","E","T","M","R","M","R","?","R","B",null,"R","$","E"],"character_chosen":"NECROMANCER","items_purchased":["conspire:GiftBox","Bone_Armory","Death_March_Dance","Violent_Necrosis","Bandage Up","Turnip"],"campfire_rested":10,"item_purchase_floors":[38,38,38,38,38,53],"current_hp_per_floor":[68,57,61,61,63,24,45,9,9,30,25,26,47,45,45,38,63,66,56,56,45,28,21,42,61,68,52,52,75,66,43,66,11,61,32,32,64,64,51,25,44,28,28,27,46,38,38,38,57,8,50,64,64,0,0],"gold":58,"neow_bonus":"THREE_ENEMY_KILL","is_daily":false,"chose_seed":false,"campfire_upgraded":0,"win_rate":0.0,"timestamp":1613518712,"path_taken":["M","?","M","?","M","E","R","E","T","R","M","M","R","E","R","BOSS","M","M","?","M","M","E","R","E","T","M","AVR","R","M","E","R","BOSS","M","?","?","?","M","E","R","E","T","M","R","M","R","?","R","BOSS","R","$","E"],"items_purchased_type":["Relic","Card","Card","Card","Card","Relic"],"build_version":"2020-12-22","purchased_purges":0,"victory":false,"max_hp_per_floor":[71,71,71,71,71,71,71,71,71,71,71,71,71,71,71,71,71,71,71,71,71,71,71,71,71,78,78,78,78,78,78,78,78,78,78,78,64,64,64,64,64,64,64,64,64,64,64,64,64,64,64,64,64,64,64],"card_choices":[{"not_picked":["Bone_Armor","Acid_Javelin"],"picked":"Stop_Heart","floor":1},{"not_picked":["Death_Coil","Negative_Energy_Shield"],"picked":"Uncharnel","floor":3},{"not_picked":["Shackles_Of_Pain","Thousand_Bone_Knives"],"picked":"Negative_Energy_Burst","floor":5},{"not_picked":["Life_Tap","Bone_Armor"],"picked":"Death_March_Dance","floor":6},{"not_picked":["Death_Coil","Bones_to_Steel"],"picked":"Necrotic_Claws","floor":8},{"not_picked":["Plague_Bolt","Scare"],"picked":"Spectral_Walk","floor":11},{"not_picked":["Consume_Illness","Bone_Armor"],"picked":"Toxic_Smoke_Screen","floor":12},{"not_picked":["Spectral_Walk","Bone_Bullets"],"picked":"Negative_Energy_Sphere","floor":14},{"not_picked":["Skeleton_Dragon","Summon_Vampire_Lady"],"picked":"Summon_Death_Knight","floor":16},{"not_picked":["Blood_Whip+1","Blood_Curse"],"picked":"Consume_Illness","floor":18},{"not_picked":["Vampiric_Strike","Shackles_Of_Pain"],"picked":"Negative_Energy_Sphere","floor":19},{"not_picked":["Blood_Curse","Spectral_Armor"],"picked":"Summon_Vampire_Lady","floor":21},{"not_picked":["Negative_Energy_Shield","Shackles_Of_Pain+1"],"picked":"Consume_Illness","floor":22},{"not_picked":["Bone_Shift","Bone_Spikes"],"picked":"Negative_Energy_Sphere","floor":23},{"not_picked":["Blood_Magic","Life_Tap"],"picked":"Violent_Necrosis","floor":25},{"not_picked":["Consume_Illness","Negative_Energy_Sphere"],"picked":"Strike_from_Beyond","floor":27},{"not_picked":["Bone_Spikes","Bone_Shift"],"picked":"Toxic_Smoke_Screen","floor":30},{"not_picked":["Shackles_Of_Pain","Death_Coil"],"picked":"Skeleton_Dragon","floor":31},{"not_picked":["Blood_Magic","Cloudkill"],"picked":"Summon_Vampire_Lady","floor":33},{"not_picked":["Blood_Curse","Death_Coil+1"],"picked":"Spectral_Armor+1","floor":35},{"not_picked":["Blood_Wake","Reap_The_Weak"],"picked":"Summon_Death_Knight","floor":38},{"not_picked":["Vampiric_Strike","Blood_Curse"],"picked":"Consume_Illness","floor":39},{"not_picked":["Finger_Of_Death","Bone_Spikes"],"picked":"Toxic_Smoke_Screen+1","floor":40},{"not_picked":["Shackles_Of_Pain","Negative_Energy_Sphere"],"picked":"Toxic_Smoke_Screen","floor":42},{"not_picked":["Blood_for_Blood","Bones_to_Steel","Death_Coil"],"picked":"SKIP","floor":44},{"not_picked":["Bone_Armor","Deaths_Shadow"],"picked":"Necrotic_Claws+1","floor":46}],"player_experience":753610,"relics_obtained":[{"floor":6,"key":"Matryoshka"},{"floor":8,"key":"WingedGreaves"},{"floor":9,"key":"Nunchaku"},{"floor":9,"key":"Shuriken"},{"floor":14,"key":"Replay:PocketPolymizer"},{"floor":15,"key":"Guardian:PocketSentry"},{"floor":23,"key":"infinitespire:Lucky Rock"},{"floor":25,"key":"conspire:TopHat"},{"floor":26,"key":"Replay:Bandana"},{"floor":26,"key":"Strawberry"},{"floor":31,"key":"Bag of Preparation"},{"floor":40,"key":"Blood Vial"},{"floor":42,"key":"Bottled Tornado"}],"event_choices":[{"damage_healed":0,"gold_gain":75,"player_choice":"Gather Gold","damage_taken":11,"max_hp_gain":0,"max_hp_loss":0,"event_name":"World of Goop","floor":2,"gold_loss":0},{"cards_removed":["Strike_W"],"damage_healed":0,"gold_gain":0,"player_choice":"Purged","damage_taken":0,"max_hp_gain":0,"max_hp_loss":0,"event_name":"Purifier","floor":4,"gold_loss":0},{"damage_healed":64,"gold_gain":0,"player_choice":"Heal","damage_taken":0,"max_hp_gain":0,"max_hp_loss":14,"event_name":"The Moai Head","floor":37,"gold_loss":0},{"damage_healed":0,"gold_gain":0,"player_choice":"Bought 2 Potions","damage_taken":0,"max_hp_gain":0,"max_hp_loss":0,"event_name":"The Woman in Blue","floor":48,"gold_loss":0}],"is_beta":false,"boss_relics":[{"not_picked":["beaked:SacredDeck","aspiration:MobileForge"],"picked":"Fusion Hammer"},{"not_picked":["Honey Jar","Empty Cage"],"picked":"SlaversCollar"}],"items_purged_floors":[],"is_endless":false,"potions_floor_spawned":[5,11,12,14,16,19,21,31,33,35],"killed_by":"Shield and Spear","ascension_level":18}}