{"host":"a1eatafr7pisesky","time":1613466610,"event":{"mods":["AchievementEnabler","BaseMod","Colored Map","Keyboard Shortcuts","Minty Spire (QoL Compilation)","Say the Spire","StSLib","SuperFastMode","everything is the same but u backflip on backflip"],"gold_per_floor":[112,112,135,60,60,60,79,79,79,113,132,32,47,47,47],"floor_reached":14,"language":"KOR","playtime":195,"items_purged":["Strike_R","Strike_R"],"score":176,"play_id":"82e2a0ec-1e2c-4300-962e-77f489320222","local_time":"20210216181010","is_ascension_mode":true,"campfire_choices":[{"data":"Anger","floor":6.0,"key":"SMITH"},{"data":"Inflame","floor":8.0,"key":"SMITH"}],"circlet_count":0,"master_deck":["AscendersBane","Strike_R","Strike_R","Strike_R","Defend_R","Defend_R","Defend_R","Defend_R","Bash","Anger+1","Intimidate","Inflame+1","Battle Trance","Ghostly Armor","Carnage"],"relics":["Burning Blood","NeowsBlessing","Golden Idol","Omamori","InkBottle"],"acts_visited":["Exordium"],"potions_floor_usage":[14],"damage_taken":[{"damage":0.0,"enemies":"Cultist","floor":1.0,"turns":1.0},{"damage":0.0,"enemies":"Jaw Worm","floor":3.0,"turns":1.0},{"damage":0.0,"enemies":"2 Louse","floor":7.0,"turns":1.0},{"damage":52.0,"enemies":"3 Sentries","floor":10.0,"turns":8.0},{"damage":10.0,"enemies":"Red Slaver","floor":11.0,"turns":3.0},{"damage":17.0,"enemies":"2 Fungi Beasts","floor":13.0,"turns":4.0},{"damage":15,"enemies":"Lagavulin","floor":14,"turns":4}],"seed_played":"3241387244292697959","potions_obtained":[{"floor":1.0,"key":"GamblersBrew"},{"floor":10.0,"key":"GamblersBrew"}],"is_trial":false,"path_per_floor":["M","?","M","$","?","R","M","R","T","E","M","$","M","E"],"character_chosen":"IRONCLAD","items_purchased":[],"campfire_rested":0,"item_purchase_floors":[],"current_hp_per_floor":[74,68,68,68,73,73,73,73,73,27,23,23,12,0,0],"gold":47,"neow_bonus":"THREE_ENEMY_KILL","is_daily":false,"chose_seed":false,"campfire_upgraded":2,"win_rate":0.0,"timestamp":1613466610,"path_taken":["M","?","M","$","?","R","M","R","T","E","M","?","?","E"],"items_purchased_type":[],"build_version":"2020-12-22","purchased_purges":2,"victory":false,"max_hp_per_floor":[75,68,68,68,73,73,73,73,73,73,73,73,73,73,73],"card_choices":[{"not_picked":["Infernal Blade","Clash"],"picked":"Anger","floor":1.0},{"not_picked":["Flame Barrier","True Grit"],"picked":"Intimidate","floor":3.0},{"not_picked":["Warcry","Clothesline"],"picked":"Inflame","floor":7.0},{"not_picked":["Carnage","Blood for Blood"],"picked":"Battle Trance","floor":10.0},{"not_picked":["Dark Embrace","Clash"],"picked":"Ghostly Armor","floor":11.0},{"not_picked":["Anger","Berserk"],"picked":"Carnage","floor":13.0}],"player_experience":460163,"relics_obtained":[{"floor":9.0,"key":"Omamori"},{"floor":10.0,"key":"InkBottle"}],"event_choices":[{"damage_healed":0.0,"max_hp_gain":0.0,"max_hp_loss":7.0,"gold_gain":0.0,"event_name":"Golden Idol","player_choice":"Lose Max HP","floor":2.0,"gold_loss":0.0,"damage_taken":0.0,"relics_obtained":["Golden Idol"]},{"damage_healed":0.0,"max_hp_gain":5.0,"max_hp_loss":0.0,"gold_gain":0.0,"event_name":"Big Fish","player_choice":"Donut","floor":5.0,"gold_loss":0.0,"damage_taken":0.0}],"is_beta":false,"boss_relics":[],"items_purged_floors":[4,12],"is_endless":false,"potions_floor_spawned":[1,10],"killed_by":"Lagavulin","ascension_level":19}}