{"host":"xb2tau8pgi8aflss","time":1613479082,"event":{"mods":["AchievementEnabler","BaseMod","Hermit","Minty Spire (QoL Compilation)","StSLib","SuperFastMode"],"gold_per_floor":[115,69,69,86,86,86,116,133,159,29,41,72,21,41,41,144,144,161,176,275,288,288,288,288],"floor_reached":23,"language":"KOR","playtime":677,"items_purged":[],"score":316,"play_id":"9a86996d-da4f-4e78-8a9d-60dcf76be130","local_time":"20210216213802","is_ascension_mode":true,"campfire_choices":[{"data":"Dualcast","floor":6,"key":"SMITH"},{"data":"Genetic Algorithm","floor":15,"key":"SMITH"}],"circlet_count":0,"master_deck":["Strike_B","Strike_B","Strike_B","Defend_B","Defend_B","Defend_B","Defend_B","Zap","Dualcast+1","Go for the Eyes","Beam Cell","Stack","Turbo","Genetic Algorithm+1","Gash","BootSequence","Skim","Conserve Battery","FTL","Hyperbeam","Go for the Eyes","Hologram","Double Energy","Writhe"],"relics":["Cracked Core","NeowsBlessing","Vajra","Happy Flower","Tiny Chest","Nuclear Battery","Bird Faced Urn"],"acts_visited":["Exordium","TheCity"],"potions_floor_usage":[12,12,16,16,18],"damage_taken":[{"damage":0,"enemies":"Cultist","floor":1,"turns":1},{"damage":0,"enemies":"Small Slimes","floor":4,"turns":1},{"damage":0,"enemies":"Lagavulin","floor":7,"turns":1},{"damage":2,"enemies":"Jaw Worm","floor":8,"turns":3},{"damage":6,"enemies":"3 Louse","floor":11,"turns":4},{"damage":18,"enemies":"Gremlin Nob","floor":12,"turns":3},{"damage":0,"enemies":"Looter","floor":14,"turns":3},{"damage":19,"enemies":"Slime Boss","floor":16,"turns":8},{"damage":17,"enemies":"3 Byrds","floor":18,"turns":6},{"damage":0,"enemies":"Shell Parasite","floor":19,"turns":6},{"damage":11,"enemies":"Centurion and Healer","floor":21,"turns":9},{"damage":35,"enemies":"Book of Stabbing","floor":23,"turns":6}],"seed_played":"-3454132494618643997","potions_obtained":[{"floor":7,"key":"Fire Potion"},{"floor":11,"key":"Strength Potion"},{"floor":12,"key":"Fire Potion"},{"floor":14,"key":"LiquidMemories"},{"floor":16,"key":"SkillPotion"}],"is_trial":false,"path_per_floor":["M","$","?","M","?","R","E","M","T","$","M","E","$","M","R","B",null,"M","M","?","M","?","E"],"character_chosen":"DEFECT","items_purchased":["Beam Cell","Genetic Algorithm","Gash","Conserve Battery"],"campfire_rested":0,"item_purchase_floors":[2,10,10,13],"current_hp_per_floor":[68,68,68,68,68,68,68,66,66,66,60,42,42,42,42,23,62,45,45,45,34,34,0,0],"gold":288,"neow_bonus":"THREE_ENEMY_KILL","is_daily":false,"chose_seed":false,"campfire_upgraded":2,"win_rate":0.0,"timestamp":1613479082,"path_taken":["M","$","?","M","?","R","E","M","T","?","M","E","$","M","R","BOSS","M","M","?","M","?","E"],"items_purchased_type":["Card","Card","Card","Card"],"build_version":"2020-12-22","purchased_purges":0,"victory":false,"max_hp_per_floor":[75,75,75,75,75,75,75,75,75,75,75,75,75,75,75,75,75,75,75,75,75,75,75,75],"card_choices":[{"not_picked":["Barrage","Coolheaded"],"picked":"Go for the Eyes","floor":1},{"not_picked":["Defragment","Loop"],"picked":"Stack","floor":4},{"not_picked":["Thunder Strike","Tempest","Hello World"],"picked":"SKIP","floor":7},{"not_picked":["Steam Power","Glacier"],"picked":"Turbo","floor":8},{"not_picked":["Leap","Steam"],"picked":"BootSequence","floor":11},{"not_picked":["Electrodynamics","Machine Learning"],"picked":"Skim","floor":12},{"not_picked":["Ball Lightning","Blizzard"],"picked":"FTL","floor":14},{"not_picked":["Core Surge","Multi-Cast"],"picked":"Hyperbeam","floor":16},{"not_picked":["Cold Snap","Static Discharge"],"picked":"Go for the Eyes","floor":18},{"not_picked":["Capacitor","Ball Lightning"],"picked":"Hologram","floor":19},{"not_picked":["Cold Snap+1","Barrage"],"picked":"Double Energy","floor":21}],"player_experience":843168,"relics_obtained":[{"floor":7,"key":"Vajra"},{"floor":9,"key":"Happy Flower"},{"floor":12,"key":"Tiny Chest"}],"event_choices":[{"damage_healed":0,"gold_gain":0,"player_choice":"Ignored","damage_taken":0,"max_hp_gain":0,"max_hp_loss":0,"event_name":"Liars Game","floor":3,"gold_loss":0},{"cards_removed":["Strike_B"],"damage_healed":0,"gold_gain":0,"player_choice":"Forget","damage_taken":0,"max_hp_gain":0,"max_hp_loss":0,"event_name":"Living Wall","floor":5,"gold_loss":0},{"damage_healed":0,"gold_gain":99,"player_choice":"Stole From Cult","damage_taken":0,"max_hp_gain":0,"max_hp_loss":0,"event_name":"Nest","floor":20,"gold_loss":0},{"damage_healed":0,"gold_gain":0,"player_choice":"Opened","damage_taken":0,"relics_obtained":["Bird Faced Urn"],"max_hp_gain":0,"max_hp_loss":0,"event_name":"The Mausoleum","floor":22,"gold_loss":0,"cards_obtained":["Writhe"]}],"is_beta":false,"boss_relics":[{"not_picked":["Fusion Hammer","SacredBark"],"picked":"Nuclear Battery"}],"items_purged_floors":[],"is_endless":false,"potions_floor_spawned":[7,11,12,14,16],"killed_by":"Book of Stabbing","ascension_level":8}}