{"host":"yqztwemefsbhfep8","time":1613443734,"event":{"mods":["BaseMod","Downfall","Hermit","Minty Spire (QoL Compilation)","StSLib"],"gold_per_floor":[110,385,275,290,19,19,31,43,43,54,70,70,82,93,93,194,194,212,212,212,232,232,261,261,275,275,292,50,80,80,100,100,100,100],"floor_reached":33,"language":"ENG","playtime":1266,"items_purged":[],"score":331,"play_id":"100686cc-8669-4052-bea9-1eb8c208ee2a","local_time":"20210215184854","is_ascension_mode":false,"campfire_choices":[{"data":"hermit:TakeAim","floor":6.0,"key":"SMITH"},{"floor":15.0,"key":"REST"},{"data":"hermit:Roughhouse","floor":24.0,"key":"SMITH"},{"floor":30,"key":"REST"},{"floor":32,"key":"REST"}],"circlet_count":0,"master_deck":["hermit:Strike_Hermit","hermit:Strike_Hermit","hermit:Strike_Hermit","hermit:Strike_Hermit","hermit:Defend_Hermit","hermit:Defend_Hermit","hermit:Defend_Hermit","hermit:Defend_Hermit","hermit:Snapshot","hermit:Covet","Regret","hermit:Grudge","hermit:TakeAim+1","hermit:Headshot","hermit:NoHoldsBarred","hermit:Roughhouse+1","hermit:Reprieve","hermit:Roulette+1","hermit:Glare+1","hermit:Coalescence+1"],"relics":["hermit:ClaspedLocket","Omamori","Meat on the Bone","MutagenicStrength","Pear","Dream Catcher","Bronze Scales"],"acts_visited":["Exordium","TheCity"],"potions_floor_usage":[29,29,29,33,33],"damage_taken":[{"damage":2.0,"enemies":"2 Louse","floor":1.0,"turns":2.0},{"damage":1.0,"enemies":"Cultist","floor":4.0,"turns":4.0},{"damage":8.0,"enemies":"Jaw Worm","floor":7.0,"turns":3.0},{"damage":0.0,"enemies":"2 Fungi Beasts","floor":8.0,"turns":2.0},{"damage":11.0,"enemies":"Red Slaver","floor":10.0,"turns":3.0},{"damage":0.0,"enemies":"3 Louse","floor":11.0,"turns":1.0},{"damage":8.0,"enemies":"Large Slime","floor":13.0,"turns":4.0},{"damage":10.0,"enemies":"Looter","floor":14.0,"turns":2.0},{"damage":25.0,"enemies":"Slime Boss","floor":16.0,"turns":9.0},{"damage":10.0,"enemies":"Chosen","floor":18.0,"turns":5.0},{"damage":42.0,"enemies":"2 Thieves","floor":21.0,"turns":4.0},{"damage":18.0,"enemies":"Gremlin Leader","floor":23.0,"turns":7.0},{"damage":0.0,"enemies":"Snecko","floor":25.0,"turns":4.0},{"damage":36.0,"enemies":"Sentry and Sphere","floor":27.0,"turns":4.0},{"damage":35,"enemies":"Slavers","floor":29,"turns":6},{"damage":31,"enemies":"Snake Plant","floor":31,"turns":3},{"damage":94,"enemies":"Automaton","floor":33,"turns":8}],"seed_played":"1404931443869417144","potions_obtained":[{"floor":8.0,"key":"sneckomod:MuddlingPotion"},{"floor":10.0,"key":"Ancient Potion"},{"floor":11.0,"key":"Dexterity Potion"},{"floor":13.0,"key":"hexamod:SoulburnPotion"},{"floor":14.0,"key":"ColorlessPotion"},{"floor":16.0,"key":"bronze:BurnAndBuffPotion"},{"floor":18.0,"key":"SneckoOil"},{"floor":27.0,"key":"Fruit Juice"},{"floor":29,"key":"GamblersBrew"},{"floor":31,"key":"Energy Potion"}],"is_trial":false,"path_per_floor":["M","?","$","M","$","R","M","M","T","M","M","$","M","M","R","B",null,"M","?","?","M","?","E","R","M","T","M","$","E","R","M","R","B"],"character_chosen":"HERMIT","items_purchased":["hermit:Grudge","hermit:TakeAim","Omamori","hermit:NoHoldsBarred","Energy Potion","ColorlessPotion","Dream Catcher","SkillPotion"],"campfire_rested":3,"item_purchase_floors":[3,3,5,5,5,28,28,28],"current_hp_per_floor":[80,80,80,79,79,79,71,71,71,60,60,60,52,42,66,53,82,72,72,72,43,92,84,84,84,84,61,66,43,75,57,89,0,0],"gold":100,"neow_bonus":"TEN_PERCENT_HP_BONUS","is_daily":false,"chose_seed":false,"campfire_upgraded":2,"win_rate":0.0,"timestamp":1613443734,"path_taken":["M","?","?","?","$","R","M","M","T","M","M","?","M","M","R","BOSS","M","?","?","M","?","E","R","?","T","M","$","E","R","M","R","BOSS"],"items_purchased_type":["Card","Card","Relic","Card","Potion","Potion","Relic","Potion"],"build_version":"2020-12-22","purchased_purges":0,"victory":false,"max_hp_per_floor":[82,82,82,82,82,82,82,82,82,82,82,82,82,82,82,82,82,82,82,82,82,92,102,102,102,102,102,107,107,107,107,107,107,107],"card_choices":[{"not_picked":["hermit:SprayPray","hermit:BodyArmor","hermit:Misfire"],"picked":"SKIP","floor":1.0},{"not_picked":["hermit:Glare","hermit:GhostlyPresence"],"picked":"hermit:Headshot","floor":4.0},{"not_picked":["hermit:Manifest","hermit:FlashPowder","hermit:Glare"],"picked":"SKIP","floor":7.0},{"not_picked":["hermit:Quickdraw","hermit:CalledShot"],"picked":"hermit:Roughhouse","floor":8.0},{"not_picked":["hermit:Headshot","hermit:SprayPray","hermit:LowProfile"],"picked":"SKIP","floor":10.0},{"not_picked":["hermit:Glare","hermit:WideOpen","hermit:Desperado"],"picked":"SKIP","floor":11.0},{"not_picked":["hermit:Headshot","hermit:Desperado"],"picked":"hermit:FromBeyond","floor":13.0},{"not_picked":["hermit:Manifest","hermit:ItchyTrigger","hermit:Virtue"],"picked":"SKIP","floor":14.0},{"not_picked":["hermit:Dissolve","hermit:DeadOrAlive"],"picked":"hermit:Reprieve","floor":16.0},{"not_picked":["hermit:FullyLoaded","hermit:Malice","hermit:Showdown"],"picked":"SKIP","floor":18.0},{"not_picked":["hermit:TakeAim+1","hermit:Snipe"],"picked":"hermit:Roulette+1","floor":21.0},{"not_picked":["hermit:LoneWolf","hermit:Headshot","hermit:Vantage"],"picked":"SKIP","floor":23.0},{"not_picked":["hermit:PistolWhip","hermit:WideOpen","hermit:Snipe"],"picked":"SKIP","floor":25.0},{"not_picked":["hermit:TakeAim+1","hermit:Headshot"],"picked":"hermit:Glare+1","floor":27.0},{"not_picked":["hermit:DeadMansHand","hermit:WideOpen+1","hermit:Misfire+1"],"picked":"SKIP","floor":29},{"not_picked":["hermit:BodyArmor","hermit:TakeAim"],"picked":"hermit:Coalescence+1","floor":30},{"not_picked":["hermit:Adapt","hermit:Desperado","hermit:Quickdraw+1"],"picked":"SKIP","floor":31}],"player_experience":315223,"relics_obtained":[{"floor":9.0,"key":"Meat on the Bone"},{"floor":23.0,"key":"Pear"},{"floor":29,"key":"Bronze Scales"}],"event_choices":[{"damage_healed":0.0,"max_hp_gain":0.0,"max_hp_loss":0.0,"gold_gain":275.0,"event_name":"Golden Shrine","player_choice":"Desecrate","floor":2.0,"gold_loss":0.0,"damage_taken":0.0,"cards_obtained":["Regret"]},{"damage_healed":0.0,"max_hp_gain":0.0,"max_hp_loss":0.0,"gold_gain":0.0,"event_name":"Drug Dealer","player_choice":"Inject Mutagens","floor":19.0,"gold_loss":0.0,"damage_taken":0.0,"relics_obtained":["MutagenicStrength"]},{"cards_removed":["hermit:FromBeyond"],"damage_healed":39.0,"max_hp_gain":10.0,"max_hp_loss":0.0,"gold_gain":0.0,"event_name":"Bonfire Elementals","player_choice":"Offered Rare","floor":22.0,"gold_loss":0.0,"damage_taken":0.0}],"is_beta":false,"boss_relics":[{"not_picked":["Sozu","Ectoplasm"],"picked":"hermit:ClaspedLocket"}],"items_purged_floors":[],"is_endless":false,"potions_floor_spawned":[8,10,11,13,14,16,18,27,29,31],"killed_by":"Automaton","ascension_level":0}}