{"host":"fyg75lclw0tbsq92","time":1613464686,"event":{"mods":["AchievementEnabler","Act Like it!","Aspiration","BaseMod","BetterRewards","Gensokyo","Minty Spire (QoL Compilation)","Reimu£®≤©¿ˆ¡È√Œ£©","Replay The Spire","StSLib","The Administrix","The Disciple"],"gold_per_floor":[118,131,146,296,369,369,400,400,400,400,410,422,450,461,461,540,540,557,557,386,403,403,433,433,463,543,570,570,583,583,617,617,696,696,712,760,772,784,821,861,883,474,549,559,559,559,578,594,594,594,594,594,594,157,187,187],"floor_reached":57,"language":"ZHS","playtime":3232,"items_purged":["Doubt","CommonCold","Strike_Lin:ReiMu"],"score":2786,"play_id":"87825612-18e4-443c-907f-e533b1fe6eeb","local_time":"20210216163806","is_ascension_mode":true,"campfire_choices":[{"floor":6.0,"key":"REST"},{"floor":8.0,"key":"RECALL"},{"data":"FoulBorder2:ReiMu","floor":10.0,"key":"SMITH"},{"data":"FineLineFantasy:ReiMu","floor":15.0,"key":"SMITH"},{"floor":28.0,"key":"REST"},{"data":"TightArray:ReiMu","floor":30.0,"key":"SMITH"},{"data":"NB:ReiMu","floor":32.0,"key":"SMITH"},{"data":"Stagnation:ReiMu","floor":45.0,"key":"SMITH"},{"data":"Defend_Lin:ReiMu","floor":49.0,"key":"SMITH"},{"data":"Defend_Lin:ReiMu","floor":53,"key":"SMITH"}],"circlet_count":0,"master_deck":["AscendersBane","Strike_Lin:ReiMu+1","Strike_Lin:ReiMu","Strike_Lin:ReiMu","Defend_Lin:ReiMu+1","Defend_Lin:ReiMu+1","Defend_Lin:ReiMu","Defend_Lin:ReiMu","NB:ReiMu+1","Stagnation:ReiMu+1","Master of Strategy+1","Amulet:ReiMu+1","PhosphorusFlame:ReiMu+1","FineLineFantasy:ReiMu+1","PhosphorusFlame:ReiMu+1","SpreadBorder2:ReiMu+1","RainPray2:ReiMu+1","FoulBorder2:ReiMu+1","SpreadBorder2:ReiMu+1","PrayRite:ReiMu+1","RainPray2:ReiMu+1","Enchanting:ReiMu+1","Revelation:ReiMu+1","Shading:ReiMu+1","SpreadBorder2:ReiMu+1","CareerPray:ReiMu+1","WonderfulDomain:ReiMu+1","ShadowOfCrow2:ReiMu+1","Revelation:ReiMu+1","ShadowOfCrow2:ReiMu+1","ShadowOfCrow2:ReiMu+1","Enchanting:ReiMu+1","Authority:ReiMu+1","Free:ReiMu+1","ShadowOfCrow2:ReiMu+1","SafetyPray:ReiMu+1","SafetyPray:ReiMu+1","TightArray:ReiMu+1","Authority:ReiMu+1","Authority:ReiMu+1","KamiRite:ReiMu+1","LovePray:ReiMu+1","PayForSelf:ReiMu+1","Secret Technique+1","Sadistic Nature+1","RainPray2:ReiMu+1","YinYangSign:ReiMu+1"],"relics":["FlyPower:ReiMu","Toxic Egg 2","BargainBundle","Membership Card","Prayer Wheel","Orrery","CheatingSign:ReiMu","PureWhite:ReiMu","Ancient Tea Set","ReplayTheSpireMod:TigerMarble","Replay:Ringing Soul","Black Star","ReplayTheSpireMod:ShopPack","Tiny Chest","Orichalcum","Golden Egg","Replay:Towering Pillar of Hats","aspiration:HiddenCompartment","White Beast Statue","Meat on the Bone","Counterbalance","ReplayTheSpireMod:Lightbulb","Replay:Mystery Machine","Replay:Grab Bag","Coffee Dripper","SlaversCollar","RedLine:ReiMu","MawBank","Ring of Fangs","Ring of Searing","TurtleShell:ReiMu","Regal Pillow","Replay:WaspNest","Quantum Egg","FossilizedHelix","Guide Book","Replay:Bottled Flurry","ReplayTheSpireMod:CursedCoin","Kunai","TheAbacus","Replay:Rubber Ducky","Art of War","Gremlin Horn"],"acts_visited":["Exordium","TheCity","TheBeyond","TheEnding"],"potions_floor_usage":[56],"damage_taken":[{"damage":0.0,"enemies":"Cultist","floor":1.0,"turns":3.0},{"damage":1.0,"enemies":"Jaw Worm","floor":2.0,"turns":4.0},{"damage":0.0,"enemies":"Small Slimes","floor":3.0,"turns":4.0},{"damage":25.0,"enemies":"Gremlin Gang","floor":5.0,"turns":17.0},{"damage":4.0,"enemies":"3 Sentries","floor":7.0,"turns":6.0},{"damage":0.0,"enemies":"Exordium Wildlife","floor":11.0,"turns":3.0},{"damage":4.0,"enemies":"Looter","floor":12.0,"turns":2.0},{"damage":0.0,"enemies":"Lagavulin","floor":13.0,"turns":5.0},{"damage":1.0,"enemies":"2 Fungi Beasts","floor":14.0,"turns":3.0},{"damage":5.0,"enemies":"Fading Forest","floor":16.0,"turns":13.0},{"damage":0.0,"enemies":"Chosen","floor":18.0,"turns":3.0},{"damage":0.0,"enemies":"3 Byrds","floor":21.0,"turns":3.0},{"damage":16.0,"enemies":"Gremlin Leader","floor":23.0,"turns":6.0},{"damage":19.0,"enemies":"Book of Stabbing","floor":25.0,"turns":6.0},{"damage":7.0,"enemies":"Replay:Snechameleon","floor":27.0,"turns":6.0},{"damage":0.0,"enemies":"3 Cultists","floor":29.0,"turns":3.0},{"damage":0.0,"enemies":"Slavers","floor":31.0,"turns":3.0},{"damage":0.0,"enemies":"Collector","floor":33.0,"turns":5.0},{"damage":6.0,"enemies":"3 Darklings","floor":35.0,"turns":2.0},{"damage":10.0,"enemies":"Mind Bloom Boss Battle","floor":39.0,"turns":5.0},{"damage":5.0,"enemies":"Giant Head","floor":40.0,"turns":5.0},{"damage":0.0,"enemies":"3 Shapes","floor":41.0,"turns":3.0},{"damage":0.0,"enemies":"Maw","floor":47.0,"turns":4.0},{"damage":0.0,"enemies":"Jaw Worm Horde","floor":48.0,"turns":4.0},{"damage":0.0,"enemies":"Time Eater","floor":50.0,"turns":7.0},{"damage":0,"enemies":"Replay:Hell Engine","floor":51,"turns":5},{"damage":5,"enemies":"Shield and Spear","floor":55,"turns":3},{"damage":24,"enemies":"The Heart","floor":56,"turns":5}],"seed_played":"2773528705025420601","potions_obtained":[{"floor":5.0,"key":"Strength Potion"},{"floor":27.0,"key":"DistilledChaos"},{"floor":29.0,"key":"Explosive Potion"},{"floor":31.0,"key":"Block Potion"},{"floor":39.0,"key":"LifebloodPotion"},{"floor":48.0,"key":"ColorlessPotion"}],"is_trial":false,"path_per_floor":["M","M","M","?","M","R","E","R","T","R","M","M","E","M","R","B",null,"M","?","$","M","?","E","?","E","T","E","R","M","R","E","R","B",null,"M","T","?","?","?","E","M","$","T","$","R","T","M","M","R","B","B",null,"R","$","E","B",null],"character_chosen":"REIMU","items_purchased":["Toxic Egg 2","Master of Strategy+1","BargainBundle","Amulet:ReiMu+1","PhosphorusFlame:ReiMu+1","FineLineFantasy:ReiMu","FairyPotion","ColorlessPotion","PhosphorusFlame:ReiMu+1","SpreadBorder2:ReiMu+1","Membership Card","Prayer Wheel","RainPray2:ReiMu+1","FoulBorder2:ReiMu","Orrery","CheatingSign:ReiMu","PureWhite:ReiMu","Ancient Tea Set","ReplayTheSpireMod:ShopPack","Tiny Chest","SafetyPray:ReiMu+1","Quantum Egg","FossilizedHelix","Guide Book","ReplayTheSpireMod:CursedCoin","Secret Technique+1","Sadistic Nature","TheAbacus","Replay:Rubber Ducky","RainPray2:ReiMu+1","Swift Potion","YinYangSign:ReiMu"],"campfire_rested":2,"item_purchase_floors":[0,0,0,0,0,0,0,0,0,0,0,0,0,0,0,0,0,0,20,20,20,42,42,42,44,44,54,54,54,54,54,54],"current_hp_per_floor":[54,53,53,53,28,46,42,42,42,42,42,38,41,43,43,49,64,67,63,66,66,66,53,53,34,34,30,54,54,54,57,57,60,80,74,74,74,74,64,62,65,65,65,68,68,68,68,68,68,68,68,86,86,89,84,60],"gold":187,"neow_bonus":"","is_daily":false,"chose_seed":false,"campfire_upgraded":7,"win_rate":0.0,"timestamp":1613464686,"path_taken":["M","M","?","?","M","R","E","R","T","R","M","M","E","M","R","BOSS","M","?","$","?","?","E","?","E","T","E","R","M","R","E","R","BOSS","M","?","?","?","?","E","M","$","T","$","R","?","M","M","R","BOSS","BOSS","R","$","E","BOSS"],"items_purchased_type":["Relic","Card","Relic","Card","Card","Card","Potion","Potion","Card","Card","Relic","Relic","Card","Card","Relic","Relic","Relic","Relic","Relic","Relic","Card","Relic","Relic","Relic","Relic","Card","Card","Relic","Relic","Card","Potion","Card"],"build_version":"2020-12-22","purchased_purges":3,"victory":true,"max_hp_per_floor":[60,60,60,60,60,60,60,60,60,60,60,60,63,66,66,69,69,72,72,75,75,75,78,78,78,78,81,81,81,81,84,84,87,87,87,87,87,83,83,86,89,89,89,92,92,92,92,92,92,92,92,92,92,95,95,95],"card_choices":[{"not_picked":["WonderfulDomain:ReiMu+1","SafetyPray:ReiMu+1"],"picked":"SpreadBorder2:ReiMu+1","floor":0.0},{"not_picked":["Free:ReiMu+1","Amulet:ReiMu+1"],"picked":"PrayRite:ReiMu+1","floor":0.0},{"not_picked":["TightArray:ReiMu","CareerPray:ReiMu+1"],"picked":"RainPray2:ReiMu+1","floor":0.0},{"not_picked":["TakeOff:ReiMu+1","SpringWay:ReiMu+1"],"picked":"Enchanting:ReiMu+1","floor":0.0},{"not_picked":["CareerPray:ReiMu+1","ManaGlint:ReiMu"],"picked":"Revelation:ReiMu+1","floor":1.0},{"not_picked":["TightArray:ReiMu","Amulet:ReiMu+1","FoulBorder2:ReiMu"],"picked":"SKIP","floor":1.0},{"not_picked":["Meditation:ReiMu+1","EmergencyTakeOff:ReiMu+1"],"picked":"Shading:ReiMu+1","floor":2.0},{"not_picked":["TightArray:ReiMu","Meditation:ReiMu+1"],"picked":"SpreadBorder2:ReiMu+1","floor":2.0},{"not_picked":["Shading:ReiMu+1","KamiSacrifice:ReiMu+1"],"picked":"CareerPray:ReiMu+1","floor":3.0},{"not_picked":["AlertArray:ReiMu+1","YinYangSign:ReiMu","Meditation:ReiMu+1"],"picked":"SKIP","floor":3.0},{"not_picked":["AirStrike:ReiMu","TightArray:ReiMu"],"picked":"WonderfulDomain:ReiMu+1","floor":5.0},{"not_picked":["UniversalSpiritual:ReiMu","CareerPray:ReiMu+1"],"picked":"ShadowOfCrow2:ReiMu+1","floor":5.0},{"not_picked":["InherentArray:ReiMu","UpKicking:ReiMu"],"picked":"Revelation:ReiMu+1","floor":7.0},{"not_picked":["EmergencyTakeOff:ReiMu+1","SpringWay:ReiMu+1"],"picked":"ShadowOfCrow2:ReiMu+1","floor":11.0},{"not_picked":["AirStrike:ReiMu","Enchanting:ReiMu+1","SpreadBorder2:ReiMu+1"],"picked":"SKIP","floor":11.0},{"not_picked":["AirStrike:ReiMu","FantasyBorder:ReiMu+1"],"picked":"ShadowOfCrow2:ReiMu+1","floor":12.0},{"not_picked":["Amulet:ReiMu+1","SubAcupoint:ReiMu","SpringWay:ReiMu+1"],"picked":"SKIP","floor":12.0},{"not_picked":["SpreadBorder2:ReiMu+1","InherentArray:ReiMu"],"picked":"Enchanting:ReiMu+1","floor":13.0},{"not_picked":["OrbThrow:ReiMu","Dreaming2:ReiMu"],"picked":"Authority:ReiMu+1","floor":14.0},{"not_picked":["NineCharacters:ReiMu","OctopathBindingBorder2:ReiMu","CollectionFlower2:ReiMu+1"],"picked":"SKIP","floor":14.0},{"not_picked":["CleanRite:ReiMu+1","Dreaming:ReiMu"],"picked":"Free:ReiMu+1","floor":16.0},{"not_picked":["Conquer:ReiMu","PassingAway:ReiMu+1"],"picked":"ShadowOfCrow2:ReiMu+1","floor":18.0},{"not_picked":["OrbThrow:ReiMu","Crusade:ReiMu+1","Intuition:ReiMu+1"],"picked":"SKIP","floor":18.0},{"not_picked":["UniversalSpiritual:ReiMu","PrepareRite:ReiMu+1","TightArray:ReiMu"],"picked":"SKIP","floor":21.0},{"not_picked":["CollectionFlower2:ReiMu+1","WonderfulDomain:ReiMu+1","SubAcupoint:ReiMu"],"picked":"SKIP","floor":21.0},{"not_picked":["InherentArray:ReiMu","AirStrike:ReiMu"],"picked":"TightArray:ReiMu","floor":23.0},{"not_picked":["UniversalSpiritual:ReiMu+1","SpreadBorder2:ReiMu+1","ManaGlint:ReiMu"],"picked":"SKIP","floor":25.0},{"not_picked":["AirManeuver:ReiMu+1","NineCharacters:ReiMu"],"picked":"Authority:ReiMu+1","floor":27.0},{"not_picked":["SubcavityInstant:ReiMu+1","Amulet:ReiMu+1","InherentArray:ReiMu"],"picked":"SKIP","floor":29.0},{"not_picked":["OctopathBindingBorder2:ReiMu","SafetyPray:ReiMu+1","WonderfulDomain:ReiMu+1"],"picked":"SKIP","floor":29.0},{"not_picked":["SpreadBorder2:ReiMu+1","EmergencyTakeOff:ReiMu+1"],"picked":"Authority:ReiMu+1","floor":31.0},{"not_picked":["KyokaiOfKami:ReiMu","OctopathSalyBorderN:ReiMu"],"picked":"KamiRite:ReiMu+1","floor":33.0},{"not_picked":["Meditation:ReiMu+1","YinYangSange:ReiMu","Conquer:ReiMu"],"picked":"SKIP","floor":35.0},{"not_picked":["TakeOff:ReiMu+1","Amulet:ReiMu+1","CareerPray:ReiMu+1"],"picked":"SKIP","floor":35.0},{"not_picked":["FoulBorder2:ReiMu","SubcavityInstant:ReiMu+1"],"picked":"LovePray:ReiMu+1","floor":40.0},{"not_picked":["CareerPray:ReiMu+1","SafetyPray:ReiMu+1"],"picked":"PayForSelf:ReiMu","floor":41.0},{"not_picked":["FantasyMoon:ReiMu+1","ForcedLanding:ReiMu","SubcavityInstant:ReiMu+1"],"picked":"SKIP","floor":41.0},{"not_picked":["WonderfulDomain:ReiMu+1","SubcavityInstant:ReiMu+1","CareerPray:ReiMu+1"],"picked":"SKIP","floor":47.0},{"not_picked":["OrbThrow:ReiMu","Enchanting:ReiMu+1","Intuition:ReiMu+1"],"picked":"SKIP","floor":47.0},{"not_picked":["FoulBorder2:ReiMu","Conquer:ReiMu+1","CareerPray:ReiMu+1"],"picked":"SKIP","floor":48.0},{"not_picked":["FantasyBorder:ReiMu+1","Shading:ReiMu+1","FantasyMoon:ReiMu+1"],"picked":"SKIP","floor":48.0},{"not_picked":["AirManeuver:ReiMu+1","SubcavityInstant:ReiMu+1","Intuition:ReiMu+1"],"picked":"SKIP","floor":55}],"player_experience":307095,"relics_obtained":[{"floor":7.0,"key":"ReplayTheSpireMod:TigerMarble"},{"floor":13.0,"key":"Replay:Ringing Soul"},{"floor":23.0,"key":"Orichalcum"},{"floor":23.0,"key":"Golden Egg"},{"floor":25.0,"key":"Replay:Towering Pillar of Hats"},{"floor":25.0,"key":"aspiration:HiddenCompartment"},{"floor":26.0,"key":"White Beast Statue"},{"floor":27.0,"key":"Meat on the Bone"},{"floor":27.0,"key":"Counterbalance"},{"floor":31.0,"key":"ReplayTheSpireMod:Lightbulb"},{"floor":31.0,"key":"Replay:Mystery Machine"},{"floor":36.0,"key":"MawBank"},{"floor":37.0,"key":"Ring of Fangs"},{"floor":37.0,"key":"Ring of Searing"},{"floor":39.0,"key":"TurtleShell:ReiMu"},{"floor":40.0,"key":"Regal Pillow"},{"floor":40.0,"key":"Replay:WaspNest"},{"floor":43.0,"key":"Replay:Bottled Flurry"},{"floor":46.0,"key":"Kunai"},{"floor":55,"key":"Art of War"},{"floor":55,"key":"Gremlin Horn"}],"event_choices":[{"damage_healed":0.0,"max_hp_gain":0.0,"max_hp_loss":0.0,"gold_gain":150.0,"event_name":"Liars Game","player_choice":"AGREE","floor":4.0,"gold_loss":0.0,"damage_taken":0.0,"cards_obtained":["Doubt"]},{"damage_healed":0.0,"max_hp_gain":0.0,"max_hp_loss":0.0,"gold_gain":0.0,"event_name":"The Woman in Blue","player_choice":"Bought 0 Potions","floor":19.0,"gold_loss":0.0,"damage_taken":0.0},{"damage_healed":0.0,"max_hp_gain":0.0,"max_hp_loss":0.0,"gold_gain":0.0,"event_name":"Vampires","player_choice":"Ignored","floor":22.0,"gold_loss":0.0,"damage_taken":0.0},{"damage_healed":0.0,"max_hp_gain":0.0,"max_hp_loss":0.0,"gold_gain":0.0,"event_name":"The Mausoleum","player_choice":"Ignored","floor":24.0,"gold_loss":0.0,"damage_taken":0.0},{"damage_healed":0.0,"max_hp_gain":0.0,"max_hp_loss":4.0,"gold_gain":0.0,"event_name":"Winding Halls","player_choice":"Max HP","floor":38.0,"gold_loss":0.0,"damage_taken":0.0},{"damage_healed":0.0,"max_hp_gain":0.0,"max_hp_loss":0.0,"gold_gain":0.0,"event_name":"MindBloom","player_choice":"Fight","floor":39.0,"gold_loss":0.0,"damage_taken":0.0}],"is_beta":false,"boss_relics":[{"not_picked":["DonationBox:ReiMu","Fusion Hammer"],"picked":"Black Star"},{"not_picked":["Ring of Chaos","Velvet Choker"],"picked":"Replay:Grab Bag"},{"not_picked":["Sozu","Cursed Key"],"picked":"Coffee Dripper"},{"not_picked":["ChewingGum","Runic Dome"],"picked":"SlaversCollar"},{"not_picked":["aspiration:DefectSkillbook","Honey Jar"],"picked":"RedLine:ReiMu"}],"items_purged_floors":[42,44,54],"is_endless":false,"potions_floor_spawned":[1,3,5,7,18,25,27,29,31,33,35,39,40,41,47,48,55],"ascension_level":20}}