{"host":"wmojtwekh6s3tor5","time":1613450639,"event":{"mods":["BaseMod","Colored Map","Colored Powertips","DeckTracker","Highlight Path","Minty Spire (QoL Compilation)","StSLib"],"gold_per_floor":[113,113,130,57,75,75,86,86,111,111,111,140,159,159,159,271,271,284,36,49,49,49],"floor_reached":21,"language":"ZHS","playtime":1390,"items_purged":[],"score":233,"play_id":"beb638f9-9134-47c0-a7ce-5398e5b6d68f","local_time":"20210216124359","is_ascension_mode":true,"campfire_choices":[{"data":"Entrench","floor":6,"key":"SMITH"},{"data":"Berserk","floor":8,"key":"SMITH"},{"floor":15,"key":"REST"}],"circlet_count":0,"master_deck":["Strike_R","Strike_R","Strike_R","Defend_R","Defend_R","Defend_R+1","Bash","Berserk+1","Entrench+1","Pommel Strike+1","Evolve","Offering","Fire Breathing"],"relics":["Burning Blood","CeramicFish","MealTicket","Empty Cage","HandDrill"],"acts_visited":["Exordium","TheCity"],"potions_floor_usage":[7,16,16,16,18,20],"damage_taken":[{"damage":7,"enemies":"Small Slimes","floor":1,"turns":3},{"damage":8,"enemies":"2 Louse","floor":3,"turns":3},{"damage":7,"enemies":"Jaw Worm","floor":5,"turns":4},{"damage":5,"enemies":"Blue Slaver","floor":7,"turns":4},{"damage":13,"enemies":"Lagavulin","floor":12,"turns":8},{"damage":9,"enemies":"Gremlin Gang","floor":13,"turns":5},{"damage":55,"enemies":"Hexaghost","floor":16,"turns":10},{"damage":13,"enemies":"Chosen","floor":18,"turns":5},{"damage":30,"enemies":"Shell Parasite","floor":20,"turns":8},{"damage":57,"enemies":"Snecko","floor":21,"turns":6}],"seed_played":"6010227664353790534","potions_obtained":[{"floor":1,"key":"EssenceOfSteel"},{"floor":3,"key":"ColorlessPotion"},{"floor":13,"key":"PowerPotion"},{"floor":14,"key":"LiquidBronze"},{"floor":14,"key":"DistilledChaos"},{"floor":16,"key":"Block Potion"},{"floor":18,"key":"EntropicBrew"}],"is_trial":false,"path_per_floor":["M","?","M","$","M","R","M","R","T","?","?","E","M","?","R","B",null,"M","$","M","M"],"character_chosen":"IRONCLAD","items_purchased":["Evolve","Fire Breathing","HandDrill","DistilledChaos"],"campfire_rested":1,"item_purchase_floors":[4,19,19,19],"current_hp_per_floor":[71,71,69,69,68,68,69,69,69,53,46,39,36,36,60,11,63,56,71,47,0,0],"gold":49,"neow_bonus":"ONE_RANDOM_RARE_CARD","is_daily":false,"chose_seed":false,"campfire_upgraded":2,"win_rate":0.0,"timestamp":1613450639,"path_taken":["M","?","M","$","M","R","M","R","T","?","?","E","?","?","R","BOSS","M","$","M","?"],"items_purchased_type":["Card","Card","Relic","Potion"],"build_version":"2020-12-22","purchased_purges":0,"victory":false,"max_hp_per_floor":[80,80,80,80,80,80,80,80,80,80,80,80,80,80,80,80,80,80,80,80,80,80],"card_choices":[{"not_picked":["Uppercut","Sword Boomerang"],"picked":"Entrench","floor":1},{"not_picked":["Infernal Blade","Carnage"],"picked":"Pommel Strike","floor":3},{"not_picked":["Evolve","Clash","Havoc"],"picked":"SKIP","floor":5},{"not_picked":["Headbutt","Whirlwind","Feed"],"picked":"SKIP","floor":7},{"not_picked":["Headbutt","Whirlwind","Feed"],"picked":"SKIP","floor":7},{"not_picked":["Headbutt","Whirlwind","Feed"],"picked":"SKIP","floor":7},{"not_picked":["Cleave","Armaments","Uppercut"],"picked":"SKIP","floor":12},{"not_picked":["Pommel Strike","Havoc","Perfected Strike"],"picked":"SKIP","floor":13},{"not_picked":["Pommel Strike","Havoc","Perfected Strike"],"picked":"SKIP","floor":13},{"not_picked":["Fiend Fire","Impervious"],"picked":"Offering","floor":16},{"not_picked":["Shrug It Off","Pommel Strike","Perfected Strike"],"picked":"SKIP","floor":18},{"not_picked":["Heavy Blade","Bloodletting","Evolve"],"picked":"SKIP","floor":20}],"player_experience":631341,"relics_obtained":[{"floor":9,"key":"CeramicFish"},{"floor":12,"key":"MealTicket"}],"event_choices":[{"damage_healed":0,"gold_gain":0,"player_choice":"Ignored","damage_taken":0,"max_hp_gain":0,"max_hp_loss":0,"event_name":"Liars Game","floor":2,"gold_loss":0},{"damage_healed":0,"gold_gain":0,"player_choice":"Entered Light","damage_taken":16,"max_hp_gain":0,"max_hp_loss":0,"event_name":"Shining Light","floor":10,"gold_loss":0,"cards_upgraded":["Pommel Strike","Defend_R"]},{"cards_removed":["Defend_R"],"damage_healed":0,"gold_gain":0,"player_choice":"Card Removal","damage_taken":7,"max_hp_gain":0,"max_hp_loss":0,"event_name":"Golden Wing","floor":11,"gold_loss":0},{"damage_healed":0,"gold_gain":0,"player_choice":"Got Potions","damage_taken":0,"max_hp_gain":0,"max_hp_loss":0,"event_name":"Lab","floor":14,"gold_loss":0}],"is_beta":false,"boss_relics":[{"not_picked":["Busted Crown","SlaversCollar"],"picked":"Empty Cage"}],"items_purged_floors":[],"is_endless":false,"potions_floor_spawned":[1,3,13,16,18],"killed_by":"Snecko","ascension_level":6}}