{"host":"dn6kke80v5f7isus","time":1613499857,"event":{"mods":["AchievementEnabler","Act Like it!","Astrologer","BaseMod","Colored Powertips","Custom Start","Defuse TimeMaze Blight","Energized Spire","Gremlin Skip","Highlight Path","Hubris","Infinite Spire","Marisa????????","Marked Mod","Minty Spire (QoL Compilation)","Quick Restart","Rare Cards Sparkle","Reliquary","Replay The Spire","StSLib","The Hierophant","The Servant 0.9.4","Uncapped","Unceasing Turn Reminder"],"gold_per_floor":[11,11,11,27,56,56,69,6697,6722,6750,6750,6761,6353,6362,6362,6463,6463,6478,6492,6206,6221,6221,6255,5451,5491,5542,5542,5050,5050,5094,5115,5115,5219,5219,5237,5255,5283,5283,5283,5315,5315,5340,5340,5369,4980,5015,5033,5111,5111,5225,5225,5239,5245,4692,4696,4711,4717,4387,4387,4412,4412,4438,4438,4439,4389,4389,4478,4578,4580,4589,3857,3868,3870,3881,938,931,931,927,927,949,949,953,953,1023,1082,1092,239,244,311,329,328,328,286,286,302,302,316,318,318,318,374,410,417,397,442,450,78,78,136,136,162,229,238,238,238,288,288,360,360,360,360],"floor_reached":120,"language":"ENG","playtime":6670,"items_purged":["Defend_R+1","Defend_R+1"],"score":3415,"play_id":"eca3d8bc-266e-4e13-a88b-176c249967ee","local_time":"20210216132417","is_ascension_mode":true,"campfire_choices":[{"floor":6.0,"key":"REST"},{"floor":11.0,"key":"REST"},{"floor":15.0,"key":"RECALL"},{"data":"Berserk","floor":27.0,"key":"SMITH"},{"data":"Seeing Red","floor":32.0,"key":"SMITH"},{"data":"Madness","floor":41.0,"key":"SMITH"},{"data":"Offering","floor":49.0,"key":"SMITH"},{"data":"Offering","floor":59.0,"key":"SMITH"},{"data":"infinitespire:Collect","floor":61.0,"key":"SMITH"},{"data":"hubris:StunningStrike","floor":66.0,"key":"SMITH"},{"floor":83.0,"key":"DIG"},{"data":"infinitespire:OneForAll","floor":92.0,"key":"SMITH"},{"floor":96.0,"key":"DIG"},{"floor":100.0,"key":"DIG"},{"data":"Demon Form","floor":108.0,"key":"SMITH"},{"data":"Exhume","floor":110.0,"key":"SMITH"},{"floor":117.0,"key":"DIG"}],"circlet_count":0,"master_deck":["Strike_R+1","Defend_R+1","Bash+1","Feed+1","Inflame+1","Offering+1","Berserk+1","infinitespire:Collect+1","ReplayTheSpireMod:Muscle Training","Seeing Red+1","Offering+1","Madness+1","Replay:Undeath\u0027s Touch+1","Finesse+1","Exhume+1","Rupture","ReplayTheSpireMod:Muscle Training","Shrug It Off+1","Shrug It Off","hubris:StunningStrike+1","Demon Form+1","J.A.X.+1","Exhume+1","Metallicize","Panache+1","Replay:Undeath\u0027s Touch+1","infinitespire:OneForAll+1","Offering+1","ReplayTheSpireMod:Muscle Training+1","Offering+1","Replay:Undeath\u0027s Touch","Pot Of Greed+1","Pot Of Greed+1","Pot Of Greed+1","Replay:Many Hands+1","ReplayTheSpireMod:Haul+1","infinitespire:FutureSight+1","infinitespire:Gouge","Pot Of Greed+1","Entrench+1","Offering+1","Limit Break+1","Enlightenment+1","infinitespire:TheBestDefense+1","Replay:Light Bash","Disarm+1","infinitespire:Execution+1"],"relics":["Burning Blood","Replay:Kaleidoscope","hubris:FruitBowl","hubris:EvacipatedBox","infinitespire:WardingShard","Champion Belt","reliquary:GummyVitamins","Omamori","CeramicFish","MealTicket","TheAbacus","reliquary:ThirdArm","Calipers","Gremlin Food","infinitespire:Bottled Soul","ReplayTheSpireMod:TigerMarble","Medical Kit","Unceasing Top","reliquary:TuningFork","Calling Bell","Pen Nib","Letter Opener","hubris:CuriousFeather","hubris:Metronome","Black Star","Bag of Marbles","Replay:Accelerometer","reliquary:HotPoker","infinitespire:ShieldingShard","ReplayTheSpireMod:Ninjato","WingedGreaves","Oddly Smooth Stone","Art of War","OrangePellets","hubris:ChampionShield","Meat on the Bone","Matryoshka","Dream Catcher","Charon\u0027s Ashes","Toxic Egg 2","Bird Faced Urn","BargainBundle","HornCleat","Replay:WaspNest","ReplayTheSpireMod:Spearhead","Bronze Scales","Boot","reliquary:OuijaBoard","ReplayTheSpireMod:Ring of Challenge","Replay:Grab Bag","Replay:Wanted Poster","hubris:Backtick","The Courier","reliquary:WritOfMandamus","Replay:Towering Pillar of Hats","Bottled Flame","Orrery","infinitespire:Satchel","Incense Burner","Anchor","infinitespire:Lucky Rock","reliquary:WeakTea","reliquary:Stiletto","hubris:TenFootPole","Akabeko","reliquary:Firecrackers","Garlic","Mummified Hand","Simple Rune","Darkstone Periapt","reliquary:TatteredRug","ReplayFunnel","Snack Pack","reliquary:BallBearing","Du-Vu Doll","reliquary:JackalopeAntler","Shovel","Replay:Mystery Machine","reliquary:BoilingFlask","hubris:Towel","Orichalcum","hubris:GlazedTorus","Thread and Needle","Tiny House","Grinning Jar","CaptainsWheel","Vajra","White Beast Statue","Shuriken","CatCart","Durian","Durian","Happy Flower","Iron Hammer","Potion Belt","reliquary:RosewoodLute","Tiny Chest","PreservedInsect","Replay:Wax Seal","hubris:TinFlute","ReplayTheSpireMod:SealedPack","Torii","hubris:SlimyHat","War Paint","Mango","infinitespire:PuzzleCube","Juzu Bracelet","hubris:OldNail","Magic Flower","Gambling Chip","reliquary:Crutches","Bag of Preparation","Girya","reliquary:RustamsPendant"],"acts_visited":["Exordium","TheCity","TheBeyond","Exordium","TheCity","TheBeyond","Exordium","TheCity"],"potions_floor_usage":[120],"damage_taken":[{"damage":2.0,"enemies":"Small Slimes","floor":1.0,"turns":4.0},{"damage":6.0,"enemies":"Cultist","floor":4.0,"turns":3.0},{"damage":4.0,"enemies":"Jaw Worm","floor":7.0,"turns":4.0},{"damage":0.0,"enemies":"Lagavulin","floor":8.0,"turns":6.0},{"damage":27.0,"enemies":"3 Sentries","floor":10.0,"turns":11.0},{"damage":0.0,"enemies":"Blue Slaver","floor":12.0,"turns":3.0},{"damage":24.0,"enemies":"The Guardian","floor":16.0,"turns":12.0},{"damage":27.0,"enemies":"2 Thieves","floor":18.0,"turns":4.0},{"damage":2.0,"enemies":"Shell Parasite","floor":19.0,"turns":5.0},{"damage":10.0,"enemies":"Centurion and Healer","floor":21.0,"turns":5.0},{"damage":0.0,"enemies":"Nightmare","floor":23.0,"turns":8.0},{"damage":45.0,"enemies":"Gremlin Leader","floor":25.0,"turns":9.0},{"damage":14.0,"enemies":"Book of Stabbing","floor":30.0,"turns":4.0},{"damage":7.0,"enemies":"Cultist and Chosen","floor":31.0,"turns":3.0},{"damage":19.0,"enemies":"Champ","floor":33.0,"turns":5.0},{"damage":7.0,"enemies":"Orb Walker","floor":35.0,"turns":1.0},{"damage":14.0,"enemies":"3 Darklings","floor":37.0,"turns":3.0},{"damage":7.0,"enemies":"R_Hoarder","floor":40.0,"turns":3.0},{"damage":52.0,"enemies":"Nightmare","floor":42.0,"turns":5.0},{"damage":10.0,"enemies":"R_Hoarder","floor":44.0,"turns":2.0},{"damage":10.0,"enemies":"Nemesis","floor":46.0,"turns":1.0},{"damage":25.0,"enemies":"Jaw Worm Horde","floor":47.0,"turns":2.0},{"damage":11.0,"enemies":"Donu and Deca","floor":50.0,"turns":4.0},{"damage":7.0,"enemies":"Cultist","floor":52.0,"turns":1.0},{"damage":6.0,"enemies":"Small Slimes","floor":53.0,"turns":3.0},{"damage":1.0,"enemies":"Jaw Worm","floor":55.0,"turns":2.0},{"damage":6.0,"enemies":"2 Fungi Beasts","floor":56.0,"turns":2.0},{"damage":13.0,"enemies":"3 Sentries","floor":57.0,"turns":2.0},{"damage":8.0,"enemies":"Lagavulin","floor":62.0,"turns":1.0},{"damage":2.0,"enemies":"Red Slaver","floor":64.0,"turns":3.0},{"damage":12.0,"enemies":"Slime Boss","floor":67.0,"turns":1.0},{"damage":10.0,"enemies":"Chosen","floor":69.0,"turns":1.0},{"damage":4.0,"enemies":"Spheric Guardian","floor":72.0,"turns":1.0},{"damage":14.0,"enemies":"Shelled Parasite and Fungi","floor":73.0,"turns":1.0},{"damage":16.0,"enemies":"Book of Stabbing","floor":74.0,"turns":1.0},{"damage":1.0,"enemies":"3 Cultists","floor":76.0,"turns":2.0},{"damage":0.0,"enemies":"Snake Plant","floor":78.0,"turns":1.0},{"damage":0.0,"enemies":"Gremlin Leader","floor":80.0,"turns":2.0},{"damage":0.0,"enemies":"Chosen and Byrds","floor":82.0,"turns":1.0},{"damage":20.0,"enemies":"Automaton","floor":84.0,"turns":1.0},{"damage":0.0,"enemies":"3 Shapes","floor":86.0,"turns":1.0},{"damage":0.0,"enemies":"Orb Walker","floor":88.0,"turns":2.0},{"damage":0.0,"enemies":"Orin","floor":89.0,"turns":3.0},{"damage":0.0,"enemies":"R_Hoarder","floor":91.0,"turns":2.0},{"damage":0.0,"enemies":"Transient","floor":93.0,"turns":1.0},{"damage":2.0,"enemies":"Nightmare","floor":95.0,"turns":1.0},{"damage":0.0,"enemies":"3 Darklings","floor":97.0,"turns":1.0},{"damage":0.0,"enemies":"R_Hoarder","floor":98.0,"turns":2.0},{"damage":6.0,"enemies":"Donu and Deca","floor":101.0,"turns":1.0},{"damage":0.0,"enemies":"2 Louse","floor":103.0,"turns":1.0},{"damage":25.0,"enemies":"Jaw Worm","floor":105.0,"turns":1.0},{"damage":0.0,"enemies":"Cultist","floor":106.0,"turns":1.0},{"damage":19.0,"enemies":"Lagavulin","floor":109.0,"turns":1.0},{"damage":52.0,"enemies":"Nightmare","floor":112.0,"turns":2.0},{"damage":0.0,"enemies":"2 Fungi Beasts","floor":114.0,"turns":1.0},{"damage":0.0,"enemies":"Lagavulin","floor":116.0,"turns":3.0},{"damage":0.0,"enemies":"Hexaghost","floor":118.0,"turns":1.0},{"damage":0,"enemies":"2 Thieves","floor":120,"turns":1}],"seed_played":"3798647588888913231","potions_obtained":[{"floor":2.0,"key":"Energy Potion"},{"floor":2.0,"key":"Languid Potion"},{"floor":2.0,"key":"AttackPotion"},{"floor":4.0,"key":"SteroidPotion"},{"floor":8.0,"key":"Elixir"},{"floor":16.0,"key":"BlessingOfTheForge"},{"floor":19.0,"key":"Fire Potion"},{"floor":33.0,"key":"EntropicBrew"},{"floor":55.0,"key":"Strength Potion"},{"floor":57.0,"key":"ElixirPotion"},{"floor":95.0,"key":"Swift Potion"},{"floor":98.0,"key":"Doom Potion"},{"floor":103.0,"key":"ElixirPotion"},{"floor":112.0,"key":"Toxic Potion"},{"floor":116.0,"key":"LiquidMemories"},{"floor":118.0,"key":"PowerPotion"}],"is_trial":false,"path_per_floor":["M","?","$","M","?","R","M","E","T","E","R","M","$","?","R","B",null,"M","M","$","M","?","NM","$","E","T","R","?","AVR","E","M","R","B",null,"M","?","M","?","?","E","R","NM","T","E","$","E","M","T","R","B",null,"M","M","$","M","M","E","$","R","T","R","E","?","M","?","R","B",null,"M","?","$","M","M","E","$","M","T","M","?","E","?","M","R","B",null,"M","$","M","?","AVR","E","R","M","T","NM","R","M","E","?","R","B",null,"M","?","M","M","$","R","E","R","T","NM","AVR","M","?","E","R","B",null,"M"],"character_chosen":"IRONCLAD","items_purchased":["hubris:FruitBowl","hubris:EvacipatedBox","infinitespire:WardingShard","MealTicket","EntropicBrew","TheAbacus","Calipers","Fruit Juice","infinitespire:Bottled Soul","ReplayTheSpireMod:TigerMarble","Medical Kit","Offering","Art of War","OrangePellets","Finesse","Dream Catcher","Charon\u0027s Ashes","Shrug It Off","BargainBundle","HornCleat","Replay:WaspNest","Replay:Towering Pillar of Hats","Bottled Flame","Orrery","Metallicize","Panache","Anchor","infinitespire:Lucky Rock","reliquary:WeakTea","reliquary:Stiletto","hubris:TenFootPole","Akabeko","reliquary:Firecrackers","Garlic","Mummified Hand","Simple Rune","Darkstone Periapt","reliquary:TatteredRug","SkillPotion","FairyPotion","Adrenaline Potion","DuplicationPotion","LifebloodPotion","ReplayFunnel","Snack Pack","reliquary:BallBearing","Du-Vu Doll","reliquary:JackalopeAntler","Shovel","Grinning Jar","CaptainsWheel","Vajra","White Beast Statue","Shuriken","Torii","hubris:SlimyHat"],"campfire_rested":2,"item_purchase_floors":[3,3,3,13,13,13,20,24,24,24,24,24,45,45,45,54,54,54,58,58,58,71,71,71,71,71,75,75,75,75,75,75,75,75,75,75,75,75,75,75,75,75,75,75,75,75,75,75,75,87,87,87,87,87,107,107],"current_hp_per_floor":[80,80,26,26,6,30,36,106,106,91,112,112,112,112,112,100,118,103,113,128,130,134,146,153,120,120,120,120,120,118,129,129,122,183,188,164,162,162,162,161,161,160,160,156,171,171,158,158,158,187,213,218,230,231,237,243,242,249,249,249,249,249,249,255,255,255,261,261,263,263,267,273,273,281,285,291,291,291,291,297,297,303,303,300,316,316,316,316,322,329,342,342,348,348,354,354,354,354,354,354,360,360,360,360,343,355,366,366,384,384,384,348,348,363,363,396,396,399,399,399,399],"gold":360,"neow_bonus":"ONE_RARE_RELIC","is_daily":false,"chose_seed":false,"campfire_upgraded":10,"win_rate":0.0,"timestamp":1613499857,"path_taken":["M","?","?","M","?","R","M","E","T","E","R","?","$","?","R","BOSS","M","M","$","M","?","NM","$","E","T","R","?","AVR","E","M","R","BOSS","M","?","M","?","?","E","R","NM","T","E","$","E","?","?","R","BOSS","M","M","$","M","?","E","$","R","T","R","E","?","M","?","R","BOSS","M","?","$","M","M","E","$","M","T","M","?","E","?","M","R","BOSS","M","$","M","?","AVR","E","R","M","T","NM","R","M","E","?","R","BOSS","M","?","M","M","$","R","E","R","T","NM","AVR","M","?","E","R","BOSS","M"],"items_purchased_type":["Relic","Relic","Relic","Relic","Potion","Relic","Relic","Potion","Relic","Relic","Relic","Card","Relic","Relic","Card","Relic","Relic","Card","Relic","Relic","Relic","Relic","Relic","Relic","Card","Card","Relic","Relic","Relic","Relic","Relic","Relic","Relic","Relic","Relic","Relic","Relic","Relic","Potion","Potion","Potion","Potion","Potion","Relic","Relic","Relic","Relic","Relic","Relic","Relic","Relic","Relic","Relic","Relic","Relic","Relic"],"build_version":"2020-12-22","purchased_purges":2,"victory":false,"max_hp_per_floor":[80,80,80,80,80,80,84,106,106,112,112,112,112,112,112,118,118,124,130,130,136,140,146,153,159,159,159,159,159,165,177,177,183,183,189,189,195,195,195,195,195,201,201,201,201,201,207,207,207,213,213,219,231,231,237,243,249,249,249,249,249,249,249,255,255,255,261,261,267,267,267,273,279,285,285,291,291,291,291,297,297,303,303,309,316,316,316,316,322,329,342,342,348,348,354,354,354,354,354,354,360,360,360,360,360,366,366,366,393,393,393,393,393,393,393,399,399,399,399,399,399],"card_choices":[{"not_picked":["Sword Boomerang","Clash","Havoc"],"picked":"SKIP","floor":1.0},{"not_picked":["Shockwave","Run Through","Defy Death"],"picked":"SKIP","floor":4.0},{"not_picked":["Pommel Strike","Warcry"],"picked":"Feed","floor":5.0},{"not_picked":["Heavy Blade","Disarm"],"picked":"Inflame","floor":7.0},{"not_picked":["Flex","Rage","Combust"],"picked":"SKIP","floor":8.0},{"not_picked":["Replay:Undeath\u0027s Touch","Life Link","Cleave"],"picked":"SKIP","floor":10.0},{"not_picked":["Pummel","Carnage","Burning Pact"],"picked":"SKIP","floor":12.0},{"not_picked":["Body Slam+1","Run Through","Headbutt"],"picked":"SKIP","floor":18.0},{"not_picked":["Body Slam","Pommel Strike","Heavy Blade"],"picked":"SKIP","floor":19.0},{"not_picked":["Wild Strike","Replay:Undeath\u0027s Touch","Clothesline"],"picked":"SKIP","floor":21.0},{"not_picked":["Warcry","Clash","True Grit"],"picked":"SKIP","floor":23.0},{"not_picked":["Twin Strike+1","ReplayTheSpireMod:LeadingStrike+1"],"picked":"Berserk","floor":25.0},{"not_picked":["ReplayTheSpireMod:??????????????????????","infinitespire:TheBestDefense"],"picked":"infinitespire:Collect","floor":28.0},{"not_picked":["Headbutt","Power Through"],"picked":"ReplayTheSpireMod:Muscle Training","floor":30.0},{"not_picked":["Clothesline","Cleave"],"picked":"Seeing Red","floor":31.0},{"not_picked":["Juggernaut","Replay:Many Hands"],"picked":"Offering","floor":33.0},{"not_picked":["Searing Blow+1","Massacre+1","ReplayReversal+1"],"picked":"SKIP","floor":35.0},{"not_picked":["Wild Strike+1","Searing Blow+1"],"picked":"Replay:Undeath\u0027s Touch+1","floor":37.0},{"not_picked":["Infernal Blade","Thunderclap+1","Headbutt+1"],"picked":"SKIP","floor":40.0},{"not_picked":["Clothesline+1","Brutality","Double Tap"],"picked":"SKIP","floor":42.0},{"not_picked":["Carnage+1","Shockwave","Thunderclap"],"picked":"SKIP","floor":44.0},{"not_picked":["Searing Blow+1","Body Slam","Thunderclap"],"picked":"SKIP","floor":46.0},{"not_picked":["Wild Strike","Perfected Strike","Cleave+1"],"picked":"SKIP","floor":47.0},{"not_picked":["Immolate","Demon Form"],"picked":"Exhume","floor":50.0},{"not_picked":["ReplayTheSpireMod:Strike From Hell","Uppercut"],"picked":"Rupture","floor":52.0},{"not_picked":["Run Through","Heavy Blade"],"picked":"ReplayTheSpireMod:Muscle Training","floor":53.0},{"not_picked":["Anger","Dark Embrace","Shrug It Off"],"picked":"SKIP","floor":55.0},{"not_picked":["ReplayReversal","Uppercut"],"picked":"Shrug It Off","floor":56.0},{"not_picked":["Clash","Havoc+1","Twin Strike"],"picked":"SKIP","floor":57.0},{"not_picked":["Iron Wave","Perfected Strike"],"picked":"hubris:StunningStrike","floor":62.0},{"not_picked":["Run Through","Rupture","Sever Soul"],"picked":"SKIP","floor":64.0},{"not_picked":["Corruption","Eclipse+1"],"picked":"Demon Form","floor":67.0},{"not_picked":["Pummel","Burning Pact+1","Pommel Strike+1"],"picked":"SKIP","floor":69.0},{"not_picked":["Havoc+1","True Grit+1"],"picked":"Exhume+1","floor":71.0},{"not_picked":["Massacre","Havoc+1"],"picked":"Replay:Undeath\u0027s Touch+1","floor":72.0},{"not_picked":["Shrug It Off+1","Twin Strike","ReplayReversal+1"],"picked":"SKIP","floor":73.0},{"not_picked":["Reckless Charge","Clothesline+1"],"picked":"infinitespire:OneForAll","floor":74.0},{"not_picked":["Heavy Blade","Rampage","Anger+1"],"picked":"SKIP","floor":76.0},{"not_picked":["Defy Death+1","Dropkick","Headbutt"],"picked":"SKIP","floor":78.0},{"not_picked":["Ghostly Armor+1","Flame Barrier+1"],"picked":"Offering+1","floor":80.0},{"not_picked":["ReplayTheSpireMod:Limb From Limb","Shrug It Off+1"],"picked":"ReplayTheSpireMod:Muscle Training+1","floor":82.0},{"not_picked":["Hemogenesis","Immolate"],"picked":"Offering+1","floor":84.0},{"not_picked":["Disarm+1","Massacre+1"],"picked":"Replay:Undeath\u0027s Touch","floor":85.0},{"not_picked":["Headbutt+1","Bloodletting+1"],"picked":"Replay:Undeath\u0027s Touch","floor":86.0},{"not_picked":["Pommel Strike","Shrug It Off+1"],"picked":"Replay:Many Hands+1","floor":88.0},{"not_picked":["Burning Pact+1","Pommel Strike","Heavy Blade+1"],"picked":"SKIP","floor":91.0},{"not_picked":["hubris:ReadiedAction+1","True Grit+1","Thunderclap+1"],"picked":"SKIP","floor":93.0},{"not_picked":["hubris:InfiniteBlow+18","infinitespire:SealOfDarkness+"],"picked":"infinitespire:Gouge","floor":95.0},{"not_picked":["ReplayTheSpireMod:LeadingStrike+1","Iron Wave+1","Thunderclap+1"],"picked":"SKIP","floor":95.0},{"not_picked":["Run Through+1","Pommel Strike+1"],"picked":"Entrench+1","floor":97.0},{"not_picked":["Pommel Strike","Second Wind+1","Massacre+1"],"picked":"SKIP","floor":98.0},{"not_picked":["Brutality","Demon Form"],"picked":"Offering+1","floor":101.0},{"not_picked":["Hemogenesis","Brutality"],"picked":"Limit Break","floor":102.0},{"not_picked":["Impatience","Discovery"],"picked":"Enlightenment","floor":102.0},{"not_picked":["hubris:Rewind","infinitespire:DeathsTouch"],"picked":"infinitespire:TheBestDefense","floor":102.0},{"not_picked":["UpSweep","astrologer:NorthStar"],"picked":"Replay:Light Bash","floor":102.0},{"not_picked":["Cleave","Warcry+1","Shrug It Off+1"],"picked":"SKIP","floor":103.0},{"not_picked":["Cleave","Iron Wave","Thunderclap"],"picked":"SKIP","floor":105.0},{"not_picked":["Perfected Strike","True Grit+1","Clash"],"picked":"SKIP","floor":106.0},{"not_picked":["Pommel Strike","Feed","Disarm+1"],"picked":"SKIP","floor":109.0},{"not_picked":["Warcry+1","Flex+1"],"picked":"Disarm+1","floor":112.0},{"not_picked":["Bludgeon","Thunderclap","Anger"],"picked":"SKIP","floor":114.0},{"not_picked":["ReplayTheSpireMod:Strike From Hell","Perfected Strike","Massacre"],"picked":"SKIP","floor":116.0}],"player_experience":484151,"relics_obtained":[{"floor":5.0,"key":"Champion Belt"},{"floor":8.0,"key":"reliquary:GummyVitamins"},{"floor":9.0,"key":"Omamori"},{"floor":10.0,"key":"CeramicFish"},{"floor":23.0,"key":"Gremlin Food"},{"floor":25.0,"key":"Unceasing Top"},{"floor":26.0,"key":"reliquary:TuningFork"},{"floor":29.0,"key":"Pen Nib"},{"floor":29.0,"key":"Letter Opener"},{"floor":29.0,"key":"hubris:CuriousFeather"},{"floor":30.0,"key":"hubris:Metronome"},{"floor":40.0,"key":"Bag of Marbles"},{"floor":40.0,"key":"Replay:Accelerometer"},{"floor":42.0,"key":"reliquary:HotPoker"},{"floor":42.0,"key":"infinitespire:ShieldingShard"},{"floor":43.0,"key":"ReplayTheSpireMod:Ninjato"},{"floor":44.0,"key":"WingedGreaves"},{"floor":44.0,"key":"Oddly Smooth Stone"},{"floor":46.0,"key":"hubris:ChampionShield"},{"floor":46.0,"key":"Meat on the Bone"},{"floor":48.0,"key":"Matryoshka"},{"floor":57.0,"key":"Toxic Egg 2"},{"floor":57.0,"key":"Bird Faced Urn"},{"floor":60.0,"key":"ReplayTheSpireMod:Spearhead"},{"floor":60.0,"key":"Bronze Scales"},{"floor":62.0,"key":"Boot"},{"floor":62.0,"key":"reliquary:OuijaBoard"},{"floor":63.0,"key":"ReplayTheSpireMod:Ring of Challenge"},{"floor":74.0,"key":"infinitespire:Satchel"},{"floor":74.0,"key":"Incense Burner"},{"floor":77.0,"key":"Replay:Mystery Machine"},{"floor":77.0,"key":"reliquary:BoilingFlask"},{"floor":80.0,"key":"Orichalcum"},{"floor":80.0,"key":"hubris:GlazedTorus"},{"floor":83.0,"key":"Thread and Needle"},{"floor":89.0,"key":"CatCart"},{"floor":91.0,"key":"Durian"},{"floor":91.0,"key":"Happy Flower"},{"floor":94.0,"key":"Iron Hammer"},{"floor":95.0,"key":"Potion Belt"},{"floor":95.0,"key":"reliquary:RosewoodLute"},{"floor":96.0,"key":"Tiny Chest"},{"floor":98.0,"key":"PreservedInsect"},{"floor":98.0,"key":"Replay:Wax Seal"},{"floor":100.0,"key":"hubris:TinFlute"},{"floor":109.0,"key":"War Paint"},{"floor":109.0,"key":"Mango"},{"floor":109.0,"key":"infinitespire:PuzzleCube"},{"floor":111.0,"key":"Juzu Bracelet"},{"floor":112.0,"key":"hubris:OldNail"},{"floor":112.0,"key":"Magic Flower"},{"floor":116.0,"key":"reliquary:Crutches"},{"floor":116.0,"key":"Bag of Preparation"},{"floor":117.0,"key":"Girya"}],"event_choices":[{"damage_healed":0.0,"max_hp_gain":0.0,"max_hp_loss":0.0,"gold_gain":0.0,"event_name":"Lab","player_choice":"Got Potions","floor":2.0,"gold_loss":0.0,"damage_taken":0.0},{"damage_healed":0.0,"max_hp_gain":0.0,"max_hp_loss":0.0,"gold_gain":0.0,"event_name":"Winding Halls","player_choice":"Embrace Madness","floor":36.0,"gold_loss":0.0,"damage_taken":24.0,"cards_obtained":["Madness","Madness"]},{"cards_removed":["Madness"],"damage_healed":0.0,"max_hp_gain":0.0,"max_hp_loss":0.0,"gold_gain":0.0,"event_name":"Falling","player_choice":"Removed Skill","floor":39.0,"gold_loss":0.0,"damage_taken":0.0},{"cards_removed":["ReplayTheSpireMod:Strike From Hell"],"damage_healed":0.0,"max_hp_gain":0.0,"max_hp_loss":0.0,"gold_gain":0.0,"event_name":"The Cleric","player_choice":"Card Removal","floor":65.0,"gold_loss":50.0,"damage_taken":0.0},{"damage_healed":0.0,"max_hp_gain":0.0,"max_hp_loss":0.0,"gold_gain":0.0,"event_name":"Drug Dealer","player_choice":"Obtain J.A.X.","floor":70.0,"gold_loss":0.0,"damage_taken":0.0,"cards_obtained":["J.A.X."]},{"damage_healed":0.0,"max_hp_gain":0.0,"max_hp_loss":0.0,"gold_gain":0.0,"event_name":"Ghosts","player_choice":"Ignored","floor":81.0,"gold_loss":0.0,"damage_taken":0.0},{"damage_healed":0.0,"max_hp_gain":0.0,"max_hp_loss":0.0,"gold_gain":0.0,"event_name":"OrinTheCat","player_choice":"Fight","floor":89.0,"gold_loss":0.0,"damage_taken":0.0},{"cards_removed":["Replay:Undeath\u0027s Touch"],"damage_healed":0.0,"max_hp_gain":0.0,"max_hp_loss":0.0,"gold_gain":0.0,"event_name":"Falling","player_choice":"Removed Attack","floor":99.0,"gold_loss":0.0,"damage_taken":0.0},{"damage_healed":0.0,"max_hp_gain":0.0,"max_hp_loss":0.0,"gold_gain":0.0,"event_name":"The Woman in Blue","player_choice":"Bought 1 Potion","floor":104.0,"gold_loss":0.0,"damage_taken":0.0}],"is_beta":false,"boss_relics":[{"not_picked":["energizedSpire:HugeHouse","energizedSpire:NeverEndingSparkler","reliquary:KinkedSpring"],"picked":"reliquary:ThirdArm"},{"not_picked":["energizedSpire:OgreHead","hubris:ScarierMask","Ring of Chaos"],"picked":"Black Star"},{"not_picked":["Runic Pyramid","energizedSpire:MagnifyingGlass","energizedSpire:EnergizedDie","hubris:VirtuousBlindfold"]},{"not_picked":["energizedSpire:DeadBattery","ChewingGum","Electric Blood"],"picked":"Replay:Grab Bag"},{"not_picked":["hubris:RunicObelisk","reliquary:RedPaperclip","hubris:HollowSoul"],"picked":"Replay:Wanted Poster"},{"not_picked":["Ooze Armor","energizedSpire:HugeHouse","energizedSpire:RedRose"],"picked":"hubris:Backtick"},{"not_picked":["Empty Cage","Pandora\u0027s Box","Ring of Chaos"],"picked":"reliquary:WritOfMandamus"},{"not_picked":["reliquary:Ember","reliquary:RustamsPendant","energizedSpire:NeverEndingSparkler"],"picked":"Tiny House"},{"not_picked":["Painkiller Herb","Runic Dome","Astrolabe"],"picked":"ReplayTheSpireMod:SealedPack"},{"not_picked":["energizedSpire:HugeHouse","Replay:Drink Me","Ring of Chaos"],"picked":"reliquary:RustamsPendant"}],"items_purged_floors":[54,58],"is_endless":true,"potions_floor_spawned":[4,8,16,19,21,33,37,44,55,57,64,67,73,78,82,84,88,89,91,93,95,97,98,101,103,105,106,109,112,114,116,118],"killed_by":"2 Thieves","ascension_level":1}}