{"host":"lg2j834m1ujxvni0","time":1613500659,"event":{"mods":["AchievementEnabler","BaseMod","Beaked The Cultist","Better Vampires","BetterRewards","Colored Map","Colored Powertips","Conspire","Downfall","Glutton Mod","Googly Eyes","Gremlin Mod","Hermit","Highlight Path","Hubris","Infinite Spire","Marisa????????","Mimic Mod","Minty Spire (QoL Compilation)","Quick Restart","Replay The Spire","Shade Mod","Shop Mod","StSLib","The Bladedancer","The Bug Knight","The Construct","The Cursed","The Death Knight","The Disciple","The Druid","The Elementalist","The Forsaken","The Hayseed","The Hierophant","The IronCluck","The Judge","The Jungle","The Mystic","The Necromancer","The Runesmith","The Servant 0.9.4","The Spell Scribe","The Witch"],"gold_per_floor":[99,99,99,99,99,12,87,100,45,55,65,84,116,116,135,233,233,233,250,263,263,283,310,340,340,240,260,279,292,292,292,302,407,407,407,417,434,434,511,544,556,568,580,607,654,677,118,131,162,162,181,181,181,181],"floor_reached":52,"language":"ENG","playtime":10386,"items_purged":["Guardian:Strike_Guardian"],"score":691,"play_id":"569668ca-1353-49c7-8c6a-e0dfebb58e15","local_time":"20210216133739","is_ascension_mode":false,"campfire_choices":[{"floor":1.0,"key":"DIG"},{"data":"Guardian:FloatingOrbs","floor":26.0,"key":"SMITH"},{"floor":30.0,"key":"REST"},{"data":"Guardian:Strike_Guardian","floor":35.0,"key":"PURGE"}],"circlet_count":0,"master_deck":["Guardian:Strike_Guardian","Guardian:Defend_Guardian","Guardian:Defend_Guardian+1","Guardian:Defend_Guardian","Guardian:Defend_Guardian","Guardian:CurlUp","Guardian:TwinSlam","Guardian:Reroute","Guardian:PrimingBeam","Guardian:EvasiveProtocol","Guardian:Harden","Guardian:SpikerProtocol","Guardian:ShieldSpikes+1","Guardian:BodySlam","Guardian:ChargeCore","Guardian:ChargeCore","Guardian:Recover","Guardian:SphericShield","Guardian:TimeCapacitor","Guardian:FloatingOrbs+1","Guardian:Incinerate","Writhe","Guardian:Incinerate","Guardian:ExploitGems","downfall:Bewildered","Guardian:FierceBash","Guardian:ShieldCharger+1","Guardian:Suspension","Guardian:RevengeProtocol","Guardian:DecasProtection","Guardian:EvasiveProtocol","Guardian:DonusPower","Guardian:Gem_Blue","Guardian:Preprogram+1","Guardian:Gem_Fragmented","Guardian:RollAttack","Guardian:ConstructionForm","Guardian:PrimingBeam+1","Guardian:BodySlam+1","Guardian:Repulse+1","Guardian:Repulse+1","Guardian:GuardianWhirl+1","Poisoned Strike+1","Guardian:Clone+1","Guardian:AncientConstruct","Guardian:Gem_White"],"relics":["Guardian:ModeShifter","downfall:HeartsMalice","Mummified Hand","Replay:Bottled Snecko","Bottled Lightning","Black Star","infinitespire:ShieldingShard","InkBottle","conspire:DecoderRing","infinitespire:WardingShard","sneckomod:BabySnecko","downfall:HeartBlessingGreen","Peace Pipe","Replay:Fungal Core","hubris:SlimyHat","Bottled Flame","MawBank","Mercury Hourglass","Lantern","HollowMod:StagPassRelic","hubris:TenFootPole","Runesmith:AutoHammer","War Paint","hubris:Towel"],"acts_visited":["Exordium","TheCity","TheBeyond"],"potions_floor_usage":[47,47],"damage_taken":[{"damage":0.0,"enemies":"Jaw Worm","floor":2.0,"turns":1.0},{"damage":0.0,"enemies":"2 Louse","floor":3.0,"turns":1.0},{"damage":0.0,"enemies":"Small Slimes","floor":4.0,"turns":1.0},{"damage":0.0,"enemies":"downfall:FleeingMerchant","floor":6.0,"turns":4.0},{"damage":5.0,"enemies":"downfall:LooterAlt","floor":8.0,"turns":3.0},{"damage":0.0,"enemies":"downfall:FleeingMerchant","floor":9.0,"turns":4.0},{"damage":8.0,"enemies":"Exordium Wildlife","floor":10.0,"turns":3.0},{"damage":2.0,"enemies":"Blue Slaver","floor":11.0,"turns":3.0},{"damage":8.0,"enemies":"conspire:2 RoseBushes","floor":12.0,"turns":4.0},{"damage":0.0,"enemies":"Lagavulin","floor":13.0,"turns":5.0},{"damage":0.0,"enemies":"Exordium Wildlife","floor":15.0,"turns":5.0},{"damage":24.0,"enemies":"DF_ARCHETYPE_STREAMLINE","floor":16.0,"turns":9.0},{"damage":0.0,"enemies":"downfall:LooterAlt2","floor":19.0,"turns":5.0},{"damage":0.0,"enemies":"Spheric Guardian","floor":20.0,"turns":3.0},{"damage":11.0,"enemies":"conspire:HollyBat","floor":22.0,"turns":9.0},{"damage":20.0,"enemies":"Nightmare","floor":23.0,"turns":11.0},{"damage":0.0,"enemies":"Centurion and Healer","floor":24.0,"turns":9.0},{"damage":22.0,"enemies":"Centurion and Healer","floor":27.0,"turns":7.0},{"damage":0.0,"enemies":"Snecko","floor":28.0,"turns":4.0},{"damage":0.0,"enemies":"3 Cultists","floor":29.0,"turns":4.0},{"damage":0.0,"enemies":"conspire:HollyBat","floor":32.0,"turns":6.0},{"damage":20.0,"enemies":"WA_ARCHETYPE_CALM","floor":33.0,"turns":7.0},{"damage":4.0,"enemies":"3 Shapes","floor":36.0,"turns":4.0},{"damage":0.0,"enemies":"3 Darklings","floor":37.0,"turns":5.0},{"damage":0.0,"enemies":"Nightmare","floor":40.0,"turns":5.0},{"damage":0.0,"enemies":"Sphere and 2 Shapes","floor":44.0,"turns":2.0},{"damage":0.0,"enemies":"Reptomancer","floor":45.0,"turns":5.0},{"damage":8.0,"enemies":"Spire Growth","floor":46.0,"turns":6.0},{"damage":0,"enemies":"downfall:FleeingMerchant","floor":47,"turns":4},{"damage":0,"enemies":"4 Shapes","floor":48,"turns":4},{"damage":14,"enemies":"HollowMod:StalkingDevout","floor":49,"turns":6},{"damage":0,"enemies":"3 Darklings","floor":51,"turns":4},{"damage":78,"enemies":"IC_BLOCK_ARCHETYPE","floor":52,"turns":4}],"seed_played":"-4123744049419191951","potions_obtained":[{"floor":8.0,"key":"BlessingOfTheForge"},{"floor":10.0,"key":"PowerPotion"},{"floor":11.0,"key":"DistilledChaos"},{"floor":16.0,"key":"Dexterity Potion"},{"floor":23.0,"key":"Cursed Concoction"},{"floor":27.0,"key":"Block Potion"},{"floor":32.0,"key":"FearPotion"},{"floor":33.0,"key":"ColorlessPotion"},{"floor":37.0,"key":"construct:ShiftPotion"},{"floor":45.0,"key":"LifebloodPotion"},{"floor":46,"key":"Fire Potion"}],"is_trial":false,"path_per_floor":["R_BF","M","M","M","?","$","T","M","$","M","M","M","E","?","M","B",null,"R_BF","M","M","?","M","NM","MIM","?","R","M","M","M","R","T","M","B",null,"R_BF","M","M","?","?","NM","T","PTL","PTL","M","E","M","$","M","E","?","M","B"],"character_chosen":"GUARDIAN","items_purchased":["Guardian:SpikerProtocol","Guardian:ChargeCore","Guardian:Repulse","Guardian:GuardianWhirl","hubris:TenFootPole","Poisoned Strike"],"campfire_rested":1,"item_purchase_floors":[6,9,47,47,47,47],"current_hp_per_floor":[80,80,80,80,80,80,80,75,75,67,65,57,57,57,57,33,80,80,80,80,80,69,49,49,49,49,27,27,27,51,51,51,31,80,80,76,76,76,44,44,44,44,44,44,44,36,36,36,22,22,22,0,0,0],"gold":181,"neow_bonus":"THREE_ENEMY_KILL","is_daily":false,"chose_seed":false,"campfire_upgraded":1,"win_rate":0.0,"timestamp":1613500659,"path_taken":["R_BF","M","M","M","?","?","T","M","$","M","M","M","E","?","M","BOSS","R_BF","M","M","?","M","NM","MIM","?","R","M","M","M","R","?","M","BOSS","R_BF","M","M","?","?","NM","T","PTL","PTL","M","E","M","$","M","E","?","M","BOSS"],"items_purchased_type":["Card","Card","Card","Card","Relic","Card"],"build_version":"2020-12-22","purchased_purges":1,"victory":false,"max_hp_per_floor":[80,80,80,80,80,80,80,80,80,80,80,80,80,80,80,80,80,80,80,80,80,80,80,80,80,80,80,80,80,80,80,80,80,80,80,80,80,80,80,80,80,80,80,80,80,80,80,80,80,80,80,80,80,80],"card_choices":[{"not_picked":["Guardian:Incinerate","Guardian:Gem_Lightblue"],"picked":"Guardian:Reroute","floor":2.0},{"not_picked":["Guardian:TemporalShield","Guardian:Gem_Blue"],"picked":"Guardian:PrimingBeam","floor":3.0},{"not_picked":["Guardian:Suspension","Guardian:Reroute"],"picked":"Guardian:EvasiveProtocol","floor":4.0},{"not_picked":["Guardian:Gem_Crimson","Guardian:Suspension"],"picked":"Guardian:Harden","floor":6.0},{"not_picked":["Guardian:Gem_Yellow","Guardian:Clone"],"picked":"Guardian:ShieldSpikes","floor":8.0},{"not_picked":["Guardian:RollAttack","Guardian:Reroute"],"picked":"Guardian:BodySlam","floor":9.0},{"not_picked":["Guardian:PrismaticBarrier","Guardian:PrimingBeam"],"picked":"Guardian:Recover","floor":10.0},{"not_picked":["Guardian:FloatingOrbs","Guardian:Repulse"],"picked":"Guardian:SphericShield","floor":11.0},{"not_picked":["Guardian:Gem_Lightblue","Guardian:TimeBomb"],"picked":"Guardian:TimeCapacitor","floor":12.0},{"not_picked":["Guardian:Gem_Red","Guardian:TemporalStrike"],"picked":"Guardian:FloatingOrbs","floor":13.0},{"not_picked":["Guardian:VentSteam","Guardian:CrystalBeam"],"picked":"Guardian:Gem_Fragmented","floor":15.0},{"not_picked":["Guardian:Gem_Synthetic","Guardian:SphericShield"],"picked":"Guardian:Gem_Orange","floor":16.0},{"not_picked":["Guardian:RefractedBeam+1","Guardian:Recover"],"picked":"Guardian:Incinerate","floor":19.0},{"not_picked":["Guardian:Gem_Green","Guardian:ChargeCore"],"picked":"Guardian:Gem_Crimson","floor":20.0},{"not_picked":["Guardian:RefractedBeam","Guardian:VentSteam+1"],"picked":"Guardian:Incinerate","floor":22.0},{"not_picked":["Guardian:Gem_Synthetic","Guardian:TemporalShield"],"picked":"Guardian:ExploitGems","floor":23.0},{"not_picked":["Guardian:Gem_Lightblue","Guardian:WalkerClaw+1"],"picked":"Guardian:Gem_Yellow","floor":24.0},{"not_picked":["Guardian:Emergency+1","Guardian:Gem_Green"],"picked":"Guardian:Gem_Cyan","floor":27.0},{"not_picked":["Guardian:Reroute+1","Guardian:Incinerate"],"picked":"Guardian:FierceBash","floor":28.0},{"not_picked":["Guardian:Harden","Guardian:Suspension+1"],"picked":"Guardian:ShieldCharger","floor":29.0},{"not_picked":["Guardian:VentSteam+1","Guardian:Gem_Lightblue"],"picked":"Guardian:Suspension","floor":32.0},{"not_picked":["Guardian:BaubleBeam","Guardian:ExploitGems"],"picked":"Guardian:RevengeProtocol","floor":33.0},{"not_picked":["Guardian:Gem_Yellow","Guardian:VentSteam"],"picked":"Guardian:DecasProtection","floor":36.0},{"not_picked":["Guardian:Harden","Guardian:ShieldSpikes"],"picked":"Guardian:EvasiveProtocol","floor":37.0},{"not_picked":["Guardian:Harden","Guardian:Recover+1"],"picked":"Guardian:Gem_Blue","floor":39.0},{"not_picked":["Guardian:Gem_Lightblue","Guardian:Reroute+1"],"picked":"Guardian:Preprogram+1","floor":39.0},{"not_picked":["Guardian:FierceBash","Guardian:CrystalBeam+1"],"picked":"Guardian:Gem_Fragmented","floor":40.0},{"not_picked":["Guardian:PiercingHide","Guardian:ChargeCore+1"],"picked":"Guardian:RollAttack","floor":44.0},{"not_picked":["Guardian:SpikerProtocol","Guardian:PrismaticBeam+1"],"picked":"Guardian:ConstructionForm","floor":45.0},{"not_picked":["Guardian:RefractedBeam","Guardian:Gem_Green"],"picked":"Guardian:PrimingBeam+1","floor":46},{"not_picked":["Guardian:MultiBeam+1","Guardian:Reroute+1"],"picked":"Guardian:BodySlam","floor":47},{"not_picked":["Guardian:ShieldCharger","Guardian:Reroute+1"],"picked":"Guardian:Clone+1","floor":48},{"not_picked":["Guardian:PolyBeam","Guardian:Suspension+1"],"picked":"Guardian:AncientConstruct","floor":49},{"not_picked":["Guardian:DecasProtection","Guardian:ChargeCore+1"],"picked":"Guardian:Gem_White","floor":51}],"player_experience":163249,"relics_obtained":[{"floor":1.0,"key":"Mummified Hand"},{"floor":7.0,"key":"Replay:Bottled Snecko"},{"floor":13.0,"key":"Bottled Lightning"},{"floor":23.0,"key":"InkBottle"},{"floor":23.0,"key":"conspire:DecoderRing"},{"floor":24.0,"key":"infinitespire:WardingShard"},{"floor":31.0,"key":"Peace Pipe"},{"floor":39.0,"key":"hubris:SlimyHat"},{"floor":40.0,"key":"Bottled Flame"},{"floor":40.0,"key":"MawBank"},{"floor":41.0,"key":"Mercury Hourglass"},{"floor":45.0,"key":"Lantern"},{"floor":45.0,"key":"HollowMod:StagPassRelic"},{"floor":49,"key":"Runesmith:AutoHammer"},{"floor":49,"key":"War Paint"}],"event_choices":[],"is_beta":false,"boss_relics":[{"not_picked":["hubris:HollowSoul","construct:WeddingRing"],"picked":"Black Star"},{"not_picked":["SacredBark","Tiny House"],"picked":"Replay:Fungal Core"}],"items_purged_floors":[47],"is_endless":false,"potions_floor_spawned":[8,10,11,12,16,19,23,27,32,33,37,45,46],"killed_by":"IC_BLOCK_ARCHETYPE","ascension_level":0}}