{"host":"n4f6h2mlrt4e12he","time":1613443167,"event":{"mods":["2.2 Compatiblity","AchievementEnabler","BaseMod","Colored Map","Highlight Path","Infinite Spire","Minty Spire (QoL Compilation)","Replay The Spire","Shop Mod","StSLib"],"gold_per_floor":[109,120,120,120,81,81,99,99,181,181,181,197,229,247,247,346,346,366,366,57,75,75,104,104,104,129,158,167,201,201,17,17,129,229,256,256,294,303,312,367,417,417,417,369,433,433,471,522,522,522],"floor_reached":51,"language":"ENG","playtime":4004,"items_purged":[],"score":958,"play_id":"c60062a1-b269-4e9b-a65b-66e5a2427149","local_time":"20210215213927","is_ascension_mode":true,"campfire_choices":[{"data":"BasicCrystalCard","floor":6,"key":"SMITH"},{"data":"Finesse","floor":10,"key":"SMITH"},{"data":"Buffer","floor":15,"key":"SMITH"},{"floor":25,"key":"REST"},{"data":"infinitespire:FutureSight","floor":25,"key":"SMITH"},{"floor":30,"key":"REST"},{"data":"Seek","floor":30,"key":"SMITH"},{"floor":32,"key":"REST"},{"data":"Crystallizer","floor":32,"key":"SMITH"},{"floor":42,"key":"REST"},{"data":"ReplayTheSpireMod:Calculation Training","floor":42,"key":"SMITH"},{"floor":46,"key":"REST"},{"data":"infinitespire:Collect","floor":46,"key":"SMITH"},{"floor":49,"key":"REST"},{"data":"infinitespire:Oblivion","floor":49,"key":"SMITH"}],"circlet_count":0,"master_deck":["Strike_B","Defend_B","Defend_B","Defend_B","Defend_B","Zap","Dualcast","Melter","Cold Snap+1","Finesse+1","BasicCrystalCard+1","FIFO Queue","BootSequence+1","Doom and Gloom","Ball Lightning","Seek+1","Redo+1","infinitespire:Collect+1","ReplayTheSpireMod:Calculation Training+1","infinitespire:FutureSight+1","infinitespire:Oblivion+1","Genetic Algorithm+1","Crystallizer+1","ReplayTheSpireMod:System Scan","Gash","Machine Learning","Beam Cell+1","Gash+1","Writhe","infinitespire:Oblivion","Double Energy+1","Conserve Battery+1"],"relics":["Cracked Core","Question Card","infinitespire:EmpoweringShard","infinitespire:Magic Flask","Empty Cage","infinitespire:Golems Mask","Gremlin Horn","CeramicFish","Snack Pack","Raider\u0027s Mask","Replay:Wanted Poster","infinitespire:EvilPickle","Toy Ornithopter","Bird Faced Urn","TungstenRod","Ornamental Fan"],"acts_visited":["Exordium","TheCity","TheBeyond"],"potions_floor_usage":[13,14,27,33,41,47,48,50],"damage_taken":[{"damage":0,"enemies":"2 Louse","floor":1,"turns":3},{"damage":11,"enemies":"Jaw Worm","floor":2,"turns":2},{"damage":0,"enemies":"Cultist","floor":7,"turns":4},{"damage":0,"enemies":"Exordium Thugs","floor":12,"turns":5},{"damage":38,"enemies":"Gremlin Nob","floor":13,"turns":5},{"damage":0,"enemies":"Large Slime","floor":14,"turns":4},{"damage":16,"enemies":"Slime Boss","floor":16,"turns":8},{"damage":0,"enemies":"Shell Parasite","floor":18,"turns":6},{"damage":0,"enemies":"Spheric Guardian","floor":21,"turns":1},{"damage":21,"enemies":"Replay:Snechameleon","floor":23,"turns":6},{"damage":7,"enemies":"Snake Plant","floor":27,"turns":4},{"damage":16,"enemies":"Book of Stabbing","floor":29,"turns":7},{"damage":16,"enemies":"Pondfish","floor":33,"turns":13},{"damage":7,"enemies":"Orb Walker","floor":35,"turns":4},{"damage":0,"enemies":"3 Shapes","floor":37,"turns":4},{"damage":9,"enemies":"Giant Head","floor":40,"turns":7},{"damage":18,"enemies":"Mind Bloom Boss Battle","floor":41,"turns":5},{"damage":32,"enemies":"Reptomancer","floor":45,"turns":5},{"damage":5,"enemies":"3 Darklings","floor":47,"turns":3},{"damage":16,"enemies":"Transient","floor":48,"turns":5},{"damage":82,"enemies":"Time Eater","floor":50,"turns":10}],"seed_played":"2655111259575189782","potions_obtained":[{"floor":2,"key":"LiquidMemories"},{"floor":12,"key":"Explosive Potion"},{"floor":13,"key":"Death Potion"},{"floor":23,"key":"PotionOfCapacity"},{"floor":29,"key":"PowerPotion"},{"floor":40,"key":"Swift Potion"},{"floor":45,"key":"ColorlessPotion"},{"floor":48,"key":"PowerPotion"}],"is_trial":false,"path_per_floor":["M","M","?","?","$","R","M","T","T","R","?","M","E","M","R_BF","B",null,"M","?","$","M","AVR","E","?","R","T","M","?","E","R","$","R","B",null,"M","?","M","?","AVR","E","?","R","T","$","E","R","M","M","R","B",null],"character_chosen":"DEFECT","items_purchased":["FIFO Queue","infinitespire:Golems Mask","Gash","Raider\u0027s Mask","Double Energy+1"],"campfire_rested":6,"item_purchase_floors":[5,20,31,31,44],"current_hp_per_floor":[82,71,71,71,71,71,71,71,71,71,55,55,17,17,17,1,82,82,63,63,63,63,42,42,66,66,59,59,43,67,67,82,72,82,75,75,77,82,82,77,68,82,82,82,56,80,81,78,82,6],"gold":522,"neow_bonus":"TEN_PERCENT_HP_BONUS","is_daily":false,"chose_seed":false,"campfire_upgraded":9,"win_rate":0.0,"timestamp":1613443167,"path_taken":["M","M","?","?","$","R","?","?","T","R","?","M","E","M","R_BF","BOSS","M","?","$","M","AVR","E","?","R","T","M","?","E","R","$","R","BOSS","M","?","M","?","AVR","E","?","R","T","?","E","R","M","M","R","BOSS"],"items_purchased_type":["Card","Relic","Card","Relic","Card"],"build_version":"2020-12-22","purchased_purges":0,"victory":true,"max_hp_per_floor":[82,82,82,82,82,82,82,82,82,82,82,82,82,82,82,82,82,82,82,82,82,82,82,82,82,82,82,82,82,82,82,82,82,82,82,82,82,82,82,82,82,82,82,82,82,82,82,82,82,82],"card_choices":[{"not_picked":["Leap","Undo"],"picked":"Melter","floor":1},{"not_picked":["Go for the Eyes","Coolheaded"],"picked":"Cold Snap","floor":2},{"not_picked":["Buffer","Self Repair"],"picked":"BootSequence","floor":7},{"not_picked":["Panic Button","Go for the Eyes","White Noise"],"picked":"Doom and Gloom","floor":12},{"not_picked":["Leap","Storm","Beam Cell"],"picked":"Buffer","floor":13},{"not_picked":["Steam","Streamline","Gash"],"picked":"Ball Lightning","floor":14},{"not_picked":["Creative AI","Rainbow","Multi-Cast"],"picked":"Seek","floor":16},{"not_picked":["ReplaySolidLightProjector","Ball Lightning","Leap"],"picked":"Redo+1","floor":18},{"not_picked":["infinitespire:Execution","infinitespire:SevenWalls"],"picked":"infinitespire:Collect","floor":19},{"not_picked":["Cold Snap","Stack+1","Rebound"],"picked":"ReplayTheSpireMod:Calculation Training","floor":21},{"not_picked":["Turbo+1","Cold Snap+1","White Noise"],"picked":"Genetic Algorithm+1","floor":23},{"not_picked":["Capacitor","Reprogram","Glacier"],"picked":"Crystallizer","floor":27},{"not_picked":["Cold Snap","Capacitor","Scrape+1","Undo+1"],"picked":"SKIP","floor":29},{"not_picked":["Buffer","Seek","ReplayTheSpireMod:Omega Cannon"],"picked":"Machine Learning","floor":33},{"not_picked":["Sunder+1","Streamline+1","Panic Button+1"],"picked":"Beam Cell+1","floor":35},{"not_picked":["BasicCrystalCard","Stack+1","Steam+1"],"picked":"Gash+1","floor":37},{"not_picked":["Ball Lightning+1","Meteor Strike","Cold Snap","Stack+1"],"picked":"SKIP","floor":40},{"not_picked":["Glacier","Stack+1","Hello World"],"picked":"Conserve Battery+1","floor":45},{"not_picked":["Redo+1","Barrage+1","Conserve Battery","ReplaySort"],"picked":"SKIP","floor":47},{"not_picked":["Redo","Go for the Eyes","Turbo","Undo"],"picked":"SKIP","floor":48}],"player_experience":1321745,"relics_obtained":[{"floor":8,"key":"Question Card"},{"floor":9,"key":"infinitespire:EmpoweringShard"},{"floor":13,"key":"infinitespire:Magic Flask"},{"floor":23,"key":"Gremlin Horn"},{"floor":26,"key":"CeramicFish"},{"floor":29,"key":"Snack Pack"},{"floor":40,"key":"Toy Ornithopter"},{"floor":41,"key":"Bird Faced Urn"},{"floor":43,"key":"TungstenRod"},{"floor":45,"key":"Ornamental Fan"}],"event_choices":[{"damage_healed":0,"gold_gain":0,"player_choice":"2 cards matched","damage_taken":0,"max_hp_gain":0,"max_hp_loss":0,"event_name":"Match and Keep!","floor":4,"gold_loss":0,"cards_obtained":["Finesse","BasicCrystalCard"]},{"damage_healed":0,"gold_gain":0,"player_choice":"Entered Light","damage_taken":16,"max_hp_gain":0,"max_hp_loss":0,"event_name":"Shining Light","floor":11,"gold_loss":0,"cards_upgraded":["BootSequence","Cold Snap"]},{"damage_healed":0,"gold_gain":0,"player_choice":"Read","damage_taken":0,"max_hp_gain":0,"max_hp_loss":0,"event_name":"The Library","floor":28,"gold_loss":0,"cards_obtained":["ReplayTheSpireMod:System Scan"]},{"cards_removed":["Buffer"],"damage_healed":0,"gold_gain":0,"player_choice":"Removed Power","damage_taken":0,"max_hp_gain":0,"max_hp_loss":0,"event_name":"Falling","floor":36,"gold_loss":0},{"damage_healed":21,"gold_gain":0,"player_choice":"Writhe","damage_taken":0,"max_hp_gain":0,"max_hp_loss":0,"event_name":"Winding Halls","floor":38,"gold_loss":0,"cards_obtained":["Writhe"]},{"damage_healed":0,"gold_gain":0,"player_choice":"Fight","damage_taken":0,"max_hp_gain":0,"max_hp_loss":0,"event_name":"MindBloom","floor":41,"gold_loss":0}],"is_beta":false,"boss_relics":[{"not_picked":["Replay:Ancient Bell","Runic Dome"],"picked":"Empty Cage"},{"not_picked":["ReplayTheSpireMod:DimensionalGlitch","Abe\u0027s Treasure"],"picked":"Replay:Wanted Poster"}],"items_purged_floors":[],"is_endless":false,"potions_floor_spawned":[2,12,13,23,29,40,45,48],"ascension_level":1}}