{"host":"j4g6ia6asvpyu2b0","time":1613436448,"event":{"mods":["BaseMod","Colored Map","Infinite Spire","Minty Spire (QoL Compilation)","Permanent Neow","Quick Restart","Relic Stats","StSLib","Unceasing Turn Reminder"],"gold_per_floor":[113,188,206,206,223,258,258,270,315,315,335,300,314,314,314,417,417,436,351,364,289,559,592,592,627,650,669,703,344,364,327,327,429,429,440,457,457,473,473,473,502,519,546,578,591,617,617,617],"floor_reached":47,"language":"ENG","playtime":1864,"items_purged":["Strike_G","Strike_G","Strike_G"],"score":820,"play_id":"8b2fb672-7d61-4f44-82ed-b3cf1473912a","local_time":"20210215174728","is_ascension_mode":true,"campfire_choices":[{"data":"Noxious Fumes","floor":7.0,"key":"SMITH"},{"data":"infinitespire:Collect","floor":10.0,"key":"SMITH"},{"data":"Noxious Fumes","floor":15.0,"key":"SMITH"},{"data":"Night Terror","floor":24.0,"key":"SMITH"},{"data":"infinitespire:SevenWalls","floor":32,"key":"SMITH"},{"floor":40,"key":"RECALL"}],"circlet_count":0,"master_deck":["Strike_G","Defend_G","Defend_G","Defend_G","Defend_G","Defend_G","Survivor","Neutralize","Poisoned Stab","Poisoned Stab","infinitespire:Collect+1","Deadly Poison","Noxious Fumes+1","Bouncing Flask","Noxious Fumes+1","Blade Dance","Night Terror+1","Poisoned Stab","Leg Sweep","Crippling Poison+1","Skewer+1","infinitespire:SevenWalls+1","Adrenaline","Blur","Acrobatics","PiercingWail+1","Caltrops","Storm of Steel","Quick Slash","Deadly Poison+1","Madness","Madness","Dagger Spray+1","Blade Dance+1","Sucker Punch+1","Cloak And Dagger+1"],"relics":["Coffee Dripper","Pear","Runic Pyramid","Oddly Smooth Stone","Blood Vial","Mummified Hand","Art of War","infinitespire:CheckeredPen","ClockworkSouvenir","Busted Crown","Fusion Hammer","Blue Candle","Bag of Marbles","infinitespire:Beetle Shell","Juzu Bracelet"],"acts_visited":["Exordium","TheCity","TheBeyond"],"potions_floor_usage":[33,46],"damage_taken":[{"damage":0.0,"enemies":"2 Louse","floor":1.0,"turns":4.0},{"damage":8.0,"enemies":"Small Slimes","floor":3.0,"turns":3.0},{"damage":4.0,"enemies":"Jaw Worm","floor":5.0,"turns":2.0},{"damage":27.0,"enemies":"3 Sentries","floor":6.0,"turns":7.0},{"damage":4.0,"enemies":"Blue Slaver","floor":8.0,"turns":3.0},{"damage":6.0,"enemies":"Exordium Thugs","floor":11.0,"turns":3.0},{"damage":10.0,"enemies":"Gremlin Gang","floor":13.0,"turns":4.0},{"damage":5.0,"enemies":"Slime Boss","floor":16.0,"turns":6.0},{"damage":6.0,"enemies":"Spheric Guardian","floor":18.0,"turns":4.0},{"damage":11.0,"enemies":"2 Thieves","floor":20.0,"turns":4.0},{"damage":1.0,"enemies":"Book of Stabbing","floor":23.0,"turns":6.0},{"damage":0.0,"enemies":"Gremlin Leader","floor":25.0,"turns":6.0},{"damage":4.0,"enemies":"Centurion and Healer","floor":27.0,"turns":6.0},{"damage":22,"enemies":"Nightmare","floor":28,"turns":7},{"damage":0,"enemies":"Sentry and Sphere","floor":30,"turns":4},{"damage":0,"enemies":"Champ","floor":33,"turns":10},{"damage":0,"enemies":"3 Darklings","floor":35,"turns":4},{"damage":17,"enemies":"3 Shapes","floor":36,"turns":2},{"damage":5,"enemies":"Transient","floor":38,"turns":5},{"damage":19,"enemies":"Reptomancer","floor":41,"turns":5},{"damage":29,"enemies":"3 Darklings","floor":42,"turns":4},{"damage":0,"enemies":"Giant Head","floor":44,"turns":6},{"damage":0,"enemies":"Sphere and 2 Shapes","floor":45,"turns":3},{"damage":0,"enemies":"Reptomancer","floor":46,"turns":5},{"damage":21,"enemies":"Writhing Mass","floor":47,"turns":3}],"seed_played":"-2328909427109579842","potions_obtained":[{"floor":1.0,"key":"Weak Potion"},{"floor":5.0,"key":"DistilledChaos"},{"floor":8.0,"key":"PowerPotion"},{"floor":16.0,"key":"ColorlessPotion"},{"floor":20.0,"key":"FearPotion"},{"floor":42,"key":"SkillPotion"},{"floor":46,"key":"Fire Potion"}],"is_trial":false,"path_per_floor":["M","?","M","?","M","E","R","M","T","R","M","?","M","?","R","B",null,"M","?","M","$","?","E","R","E","T","M","NM","$","M","$","R","B",null,"M","M","?","M","AVR","R","E","M","T","E","M","E","M"],"character_chosen":"THE_SILENT","items_purchased":["ClockworkSouvenir","Blur","Acrobatics","Caltrops"],"campfire_rested":0,"item_purchase_floors":[29,29,29,31],"current_hp_per_floor":[70,59,51,34,30,13,13,9,9,9,3,23,13,13,13,8,80,74,74,63,63,36,35,35,37,37,35,15,15,17,17,17,19,80,80,63,53,50,50,50,33,6,6,8,10,12,0,0],"gold":617,"neow_bonus":"BOSS_RELIC","is_daily":false,"chose_seed":false,"campfire_upgraded":5,"win_rate":0.0,"timestamp":1613436448,"path_taken":["M","?","M","?","M","E","R","M","T","R","M","?","M","?","R","BOSS","M","?","M","$","?","E","R","E","T","M","NM","$","M","?","R","BOSS","M","?","?","M","AVR","R","E","M","T","E","M","E","M"],"items_purchased_type":["Relic","Card","Card","Card"],"build_version":"2020-12-22","purchased_purges":3,"victory":false,"max_hp_per_floor":[70,70,70,70,70,80,80,80,80,80,80,80,80,80,80,80,80,80,80,80,80,80,80,80,80,80,80,80,80,80,80,80,80,80,80,80,80,80,80,80,80,80,80,80,80,80,80,80],"relic_stats":{"Blood Vial":24,"Busted Crown":18,"counters":[25,116],"Mummified Hand":[37],"Blue Candle":[0],"Art of War":[11],"Juzu Bracelet":0,"obtain_stats":[{"Pear":6,"Blue Candle":41,"Oddly Smooth Stone":19,"infinitespire:Beetle Shell":44,"Juzu Bracelet":46,"infinitespire:CheckeredPen":28,"ClockworkSouvenir":29,"Blood Vial":23,"Busted Crown":34,"Mummified Hand":25,"Fusion Hammer":39,"Coffee Dripper":0,"Art of War":26,"Bag of Marbles":43,"Ring of the Snake":0,"Runic Pyramid":17},{"Pear":4,"Blue Candle":20,"Oddly Smooth Stone":9,"infinitespire:Beetle Shell":22,"Juzu Bracelet":24,"infinitespire:CheckeredPen":14,"ClockworkSouvenir":14,"Blood Vial":11,"Busted Crown":16,"Mummified Hand":12,"Fusion Hammer":19,"Coffee Dripper":0,"Art of War":12,"Bag of Marbles":21,"Ring of the Snake":0,"Runic Pyramid":8},{"Pear":16,"Blue Candle":95,"Oddly Smooth Stone":36,"infinitespire:Beetle Shell":105,"Juzu Bracelet":113,"infinitespire:CheckeredPen":65,"ClockworkSouvenir":65,"Blood Vial":46,"Busted Crown":79,"Mummified Hand":52,"Fusion Hammer":90,"Coffee Dripper":0,"Art of War":52,"Bag of Marbles":99,"Ring of the Snake":0,"Runic Pyramid":32}]},"card_choices":[{"not_picked":["All Out Attack","PiercingWail"],"picked":"Poisoned Stab","floor":1.0},{"not_picked":["Dagger Spray","Finisher"],"picked":"Poisoned Stab","floor":3.0},{"not_picked":["infinitespire:SealOfDarkness+","infinitespire:Execution"],"picked":"infinitespire:Collect","floor":4.0},{"not_picked":["Slice","Backflip"],"picked":"Deadly Poison","floor":5.0},{"not_picked":["Blade Dance","Masterful Stab"],"picked":"Noxious Fumes","floor":6.0},{"not_picked":["Backstab","Well Laid Plans"],"picked":"Bouncing Flask","floor":8.0},{"not_picked":["Prepared","PiercingWail"],"picked":"Noxious Fumes","floor":11.0},{"not_picked":["Heel Hook","Tactician"],"picked":"Blade Dance","floor":13.0},{"not_picked":["Venomology","Unload"],"picked":"Night Terror","floor":16.0},{"not_picked":["Finisher","All Out Attack"],"picked":"Poisoned Stab","floor":18.0},{"not_picked":["Bouncing Flask","Riddle With Holes"],"picked":"Leg Sweep","floor":20.0},{"not_picked":["Terror","Poisoned Stab","Reflex"],"picked":"SKIP","floor":23.0},{"not_picked":["Venomology","Bane"],"picked":"Crippling Poison+1","floor":25.0},{"not_picked":["Well Laid Plans","Masterful Stab"],"picked":"Skewer+1","floor":27},{"not_picked":["infinitespire:NeuralNetwork","infinitespire:FinalStrike"],"picked":"infinitespire:SevenWalls","floor":28},{"not_picked":["Poisoned Stab","infinitespire:Neurotoxin"],"picked":"Adrenaline","floor":28},{"not_picked":["Deflect+1","Blade Dance"],"picked":"PiercingWail+1","floor":30},{"not_picked":["Night Terror","Grand Finale"],"picked":"Storm of Steel","floor":33},{"not_picked":[],"picked":"Quick Slash","floor":35},{"not_picked":[],"picked":"Deadly Poison+1","floor":36},{"not_picked":["Deflect+1"],"picked":"SKIP","floor":38},{"not_picked":[],"picked":"Dagger Spray+1","floor":41},{"not_picked":[],"picked":"Blade Dance+1","floor":42},{"not_picked":[],"picked":"Sucker Punch+1","floor":44},{"not_picked":[],"picked":"Cloak And Dagger+1","floor":45},{"not_picked":["Flechettes"],"picked":"SKIP","floor":46}],"player_experience":1247739,"relics_obtained":[{"floor":6.0,"key":"Pear"},{"floor":23.0,"key":"Blood Vial"},{"floor":25.0,"key":"Mummified Hand"},{"floor":26.0,"key":"Art of War"},{"floor":28,"key":"infinitespire:CheckeredPen"},{"floor":41,"key":"Blue Candle"},{"floor":43,"key":"Bag of Marbles"},{"floor":44,"key":"infinitespire:Beetle Shell"},{"floor":46,"key":"Juzu Bracelet"}],"event_choices":[{"damage_healed":0.0,"max_hp_gain":0.0,"max_hp_loss":0.0,"gold_gain":75.0,"event_name":"World of Goop","player_choice":"Gather Gold","floor":2.0,"gold_loss":0.0,"damage_taken":11.0},{"damage_healed":20.0,"max_hp_gain":0.0,"max_hp_loss":0.0,"gold_gain":0.0,"event_name":"The Cleric","player_choice":"Healed","floor":12.0,"gold_loss":35.0,"damage_taken":0.0},{"damage_healed":0.0,"max_hp_gain":0.0,"max_hp_loss":0.0,"gold_gain":0.0,"event_name":"Addict","player_choice":"Obtained Relic","floor":19.0,"gold_loss":85.0,"damage_taken":0.0,"relics_obtained":["Oddly Smooth Stone"]},{"damage_healed":0.0,"max_hp_gain":0.0,"max_hp_loss":0.0,"gold_gain":270.0,"event_name":"Knowing Skull","player_choice":"GOLD GOLD GOLD ","floor":22.0,"potions_obtained":[],"gold_loss":0.0,"damage_taken":27.0,"cards_obtained":[]},{"damage_healed":0,"gold_gain":0,"player_choice":"Embrace Madness","damage_taken":10,"max_hp_gain":0,"max_hp_loss":0,"event_name":"Winding Halls","floor":37,"gold_loss":0,"cards_obtained":["Madness","Madness"]}],"is_beta":false,"boss_relics":[{"not_picked":["Tiny House","Sozu"],"picked":"Runic Pyramid"},{"not_picked":["infinitespire:Cupcake","Astrolabe"],"picked":"Busted Crown"}],"items_purged_floors":[21,29,39],"is_endless":false,"potions_floor_spawned":[1,5,8,16,20,27,28,42,44,46],"killed_by":"Writhing Mass","ascension_level":2}}