{"host":"w01zow3jg16g8jdh","time":1613484253,"event":{"mods":["2.2 Compatiblity","AchievementEnabler","BaseMod","DeckTracker","Hermit","Keyboard Shortcuts","Marisa£¨Ùöéë¡¡Øª×âÞÞ£©","Minty Spire (QoL Compilation)","Permanent Neow","StSLib","SuperFastMode"],"gold_per_floor":[13,25,75,86,96,125,125,160,160,176,187,216,232,232,232,303,303,314,325,325,182,196,231,231,250,322,354,366,393,393,393],"floor_reached":30,"language":"KOR","playtime":852,"items_purged":[],"score":606,"play_id":"7fd0a949-f60f-4001-87e0-5ffbf95151a2","local_time":"20210216230413","is_ascension_mode":true,"campfire_choices":[{"data":"MysteriousBeam","floor":7.0,"key":"SMITH"},{"data":"ChargingUp","floor":15.0,"key":"SMITH"},{"data":"BinaryStars","floor":24.0,"key":"SMITH"}],"circlet_count":0,"master_deck":["AscendersBane","MasterSpark","UpSweep","SporeBomb+1","ShootingEcho+1","EventHorizon","PropBag","MysteriousBeam+1","TreasureHunter","ChargingUp+1","MagicAbsorber","UltimateShortwave","Singularity","PropBag","WitchOfGreed","SatelliteIllusion","MilkyWay","BinaryStars+1","DarkMatter+1","StarDustReverie+1","Parasite","Parasite"],"relics":["MiniHakkero","Whetstone","TungstenRod","HandmadeGrimoire","Pantograph","Pandora\u0027s Box","Toxic Egg 2","The Courier","ShroomBag","Shuriken"],"acts_visited":["Exordium","TheCity"],"potions_floor_usage":[28,28,30],"damage_taken":[{"damage":1.0,"enemies":"Cultist","floor":1.0,"turns":3.0},{"damage":7.0,"enemies":"Small Slimes","floor":2.0,"turns":3.0},{"damage":7.0,"enemies":"Jaw Worm","floor":4.0,"turns":2.0},{"damage":13.0,"enemies":"Red Slaver","floor":5.0,"turns":3.0},{"damage":12.0,"enemies":"3 Sentries","floor":6.0,"turns":4.0},{"damage":10.0,"enemies":"Gremlin Nob","floor":8.0,"turns":3.0},{"damage":0.0,"enemies":"Blue Slaver","floor":10.0,"turns":1.0},{"damage":0.0,"enemies":"3 Louse","floor":11.0,"turns":1.0},{"damage":0.0,"enemies":"Lagavulin","floor":12.0,"turns":3.0},{"damage":0.0,"enemies":"Looter","floor":13.0,"turns":3.0},{"damage":23.0,"enemies":"Hexaghost","floor":16.0,"turns":5.0},{"damage":0.0,"enemies":"Shell Parasite","floor":18.0,"turns":2.0},{"damage":0.0,"enemies":"3 Byrds","floor":19.0,"turns":4.0},{"damage":3.0,"enemies":"Snake Plant","floor":22.0,"turns":2.0},{"damage":13.0,"enemies":"Gremlin Leader","floor":23.0,"turns":3.0},{"damage":21.0,"enemies":"Centurion and Healer","floor":25.0,"turns":4.0},{"damage":15.0,"enemies":"Shelled Parasite and Fungi","floor":27.0,"turns":3.0},{"damage":5,"enemies":"Snake Plant","floor":28,"turns":2},{"damage":23,"enemies":"Book of Stabbing","floor":29,"turns":4},{"damage":12,"enemies":"Centurion and Healer","floor":30,"turns":2}],"seed_played":"-5513975216035140391","potions_obtained":[{"floor":4.0,"key":"BlessingOfTheForge"},{"floor":5.0,"key":"LiquidMemories"},{"floor":6.0,"key":"SkillPotion"},{"floor":8.0,"key":"EntropicBrew"},{"floor":12.0,"key":"Explosive Potion"},{"floor":18.0,"key":"DuplicationPotion"},{"floor":23.0,"key":"FearPotion"},{"floor":25.0,"key":"ShroomBrew"},{"floor":27.0,"key":"AttackPotion"},{"floor":29,"key":"BlessingOfTheForge"}],"is_trial":false,"path_per_floor":["M","M","?","M","M","E","R","E","T","M","M","E","M","?","R","B",null,"M","M","?","$","M","E","R","M","T","M","M","E","M"],"character_chosen":"MARISA","items_purchased":["BinaryStars"],"campfire_rested":0,"item_purchase_floors":[21],"current_hp_per_floor":[62,55,55,48,35,23,23,13,13,13,13,13,25,19,19,21,58,58,58,58,58,55,42,42,21,21,18,25,2,0,0],"gold":393,"neow_bonus":"TRANSFORM_TWO_CARDS","is_daily":false,"chose_seed":false,"campfire_upgraded":3,"win_rate":0.0,"timestamp":1613484253,"path_taken":["M","M","?","M","?","E","R","E","T","M","M","E","M","?","R","BOSS","M","M","?","$","?","E","R","M","T","M","M","E","M"],"items_purchased_type":["Card"],"build_version":"2020-12-22","purchased_purges":0,"victory":false,"max_hp_per_floor":[70,70,70,70,70,70,70,70,70,70,70,70,70,70,70,70,70,70,70,70,70,70,70,70,70,70,70,70,70,70,70],"card_choices":[{"not_picked":["DoubleSpark","PowerUp"],"picked":"EventHorizon","floor":1.0},{"not_picked":["SporeBomb","ChargeUpSpray"],"picked":"PropBag","floor":2.0},{"not_picked":["MagicAbsorber","GalacticHalo"],"picked":"MysteriousBeam","floor":4.0},{"not_picked":["AsteroidBelt","MilkyWay","OneTimeOff"],"picked":"SKIP","floor":5.0},{"not_picked":["PulseMagic","MysteriousBeam","MilkyWay"],"picked":"SKIP","floor":6.0},{"not_picked":["GalacticHalo","DarkMatter"],"picked":"TreasureHunter","floor":8.0},{"not_picked":["UnstableBomb","SprinkleStarSeal","NonDirectionalLaser"],"picked":"SKIP","floor":10.0},{"not_picked":["Occultation","DC"],"picked":"ChargingUp","floor":11.0},{"not_picked":["SporeBomb","SuperPerseids"],"picked":"MagicAbsorber","floor":12.0},{"not_picked":["PowerUp","EventHorizon","LuminesStrike"],"picked":"SKIP","floor":13.0},{"not_picked":["FinalSpark","StarDustReverie"],"picked":"UltimateShortwave","floor":16.0},{"not_picked":["UnstableBomb","GalacticHalo","MilkyWay"],"picked":"SKIP","floor":18.0},{"not_picked":["FairyDestructionRay","SporeBomb","Acceleration"],"picked":"SKIP","floor":19.0},{"not_picked":["GalacticHalo+1","MachineGunSpark","MysteriousBeam"],"picked":"SKIP","floor":22.0},{"not_picked":["GravityBeat","PowerUp+1","DC"],"picked":"SKIP","floor":23.0},{"not_picked":["DoubleSpark","ShootingEcho","LuminesStrike+1"],"picked":"SKIP","floor":25.0},{"not_picked":["GravityBeat","UnstableBomb"],"picked":"DarkMatter+1","floor":27.0},{"not_picked":["WitchLeyline","EnergyFlow"],"picked":"StarDustReverie+1","floor":28},{"not_picked":["DC","6A","SuperPerseids+1"],"picked":"SKIP","floor":29}],"player_experience":395329,"relics_obtained":[{"floor":6.0,"key":"Whetstone"},{"floor":8.0,"key":"TungstenRod"},{"floor":9.0,"key":"HandmadeGrimoire"},{"floor":12.0,"key":"Pantograph"},{"floor":23.0,"key":"Toxic Egg 2"},{"floor":26.0,"key":"The Courier"},{"floor":29,"key":"ShroomBag"}],"event_choices":[{"damage_healed":0.0,"max_hp_gain":0.0,"max_hp_loss":0.0,"gold_gain":50.0,"event_name":"Golden Shrine","player_choice":"Pray","floor":3.0,"gold_loss":0.0,"damage_taken":0.0},{"cards_removed":["Strike_MRS"],"damage_healed":0.0,"max_hp_gain":0.0,"max_hp_loss":0.0,"gold_gain":0.0,"event_name":"Golden Wing","player_choice":"Card Removal","floor":14.0,"gold_loss":0.0,"damage_taken":7.0},{"damage_healed":0.0,"max_hp_gain":0.0,"max_hp_loss":0.0,"gold_gain":0.0,"event_name":"Accursed Blacksmith","player_choice":"Forge","floor":20.0,"gold_loss":0.0,"damage_taken":0.0,"cards_upgraded":["SporeBomb"]}],"is_beta":false,"boss_relics":[{"not_picked":["Snecko Eye","Busted Crown"],"picked":"Pandora\u0027s Box"}],"items_purged_floors":[],"is_endless":false,"potions_floor_spawned":[4,5,6,8,12,18,23,25,29],"killed_by":"Centurion and Healer","ascension_level":15}}