{"host":"2j7k79oxv8es4yqd","time":1613493135,"event":{"mods":["BaseMod","Minty Spire (QoL Compilation)","Permanent Neow","StSLib"],"gold_per_floor":[14,14,14,14,28,41,41,57,57,57,75,109,11,30,30,130,130,147,163,163,163,78,113,125,125,125,25,125,125,141,154,154,250,250,269,144,156,175,225,263,311,311,311,356,396,458,502,542,542,572,572,572,1,35,35],"floor_reached":56,"language":"ZHT","playtime":7054,"items_purged":["Strike_P","Defend_P","Writhe","LessonLearned+1"],"score":1378,"play_id":"bb20b8d6-580b-4fda-a4d1-c20ac9bbd8e9","local_time":"20210217003215","is_ascension_mode":false,"campfire_choices":[{"floor":7,"key":"RECALL"},{"floor":10,"key":"REST"},{"data":"Meditate","floor":15,"key":"SMITH"},{"floor":25,"key":"REST"},{"data":"PathToVictory","floor":32,"key":"SMITH"},{"data":"DeusExMachina","floor":49,"key":"SMITH"},{"floor":52,"key":"REST"}],"circlet_count":0,"master_deck":["Strike_P+1","Defend_P+1","Eruption+1","Vigilance+1","EmptyBody+1","PathToVictory+1","Meditate+1","ThirdEye+1","Protect+1","PathToVictory+1","CutThroughFate+1","DeusExMachina+1","Sanctity+1","PathToVictory+1","ThirdEye+1","Fasting2+1","EmptyMind+1","Wish+1","Study+1","InnerPeace+1","Eruption+1","Madness+1","PathToVictory+1","DeusExMachina+1","PathToVictory","Good Instincts"],"relics":["HolyWater","InkBottle","Damaru","TeardropLocket","Centennial Puzzle","Bronze Scales","CloakClasp","Singing Bowl","Sozu","Mango","Dead Branch","Ornamental Fan","Darkstone Periapt","Chemical X","Boot","Turnip"],"acts_visited":["Exordium","TheCity","TheBeyond","TheEnding"],"potions_floor_usage":[12,28,55,55],"damage_taken":[{"damage":20,"enemies":"Jaw Worm","floor":1,"turns":9},{"damage":0,"enemies":"Small Slimes","floor":5,"turns":2},{"damage":3,"enemies":"Cultist","floor":6,"turns":5},{"damage":0,"enemies":"3 Louse","floor":8,"turns":2},{"damage":6,"enemies":"Looter","floor":11,"turns":3},{"damage":4,"enemies":"3 Sentries","floor":12,"turns":7},{"damage":0,"enemies":"Blue Slaver","floor":14,"turns":3},{"damage":18,"enemies":"Slime Boss","floor":16,"turns":11},{"damage":1,"enemies":"2 Thieves","floor":18,"turns":3},{"damage":0,"enemies":"Shell Parasite","floor":19,"turns":5},{"damage":28,"enemies":"Slavers","floor":23,"turns":7},{"damage":6,"enemies":"Shelled Parasite and Fungi","floor":24,"turns":6},{"damage":2,"enemies":"Colosseum Slavers","floor":28,"turns":4},{"damage":0,"enemies":"Colosseum Nobs","floor":28,"turns":3},{"damage":0,"enemies":"Snecko","floor":30,"turns":3},{"damage":0,"enemies":"3 Cultists","floor":31,"turns":3},{"damage":0,"enemies":"Champ","floor":33,"turns":5},{"damage":0,"enemies":"Orb Walker","floor":35,"turns":2},{"damage":0,"enemies":"3 Shapes","floor":37,"turns":3},{"damage":0,"enemies":"Writhing Mass","floor":38,"turns":2},{"damage":11,"enemies":"Mind Bloom Boss Battle","floor":39,"turns":3},{"damage":0,"enemies":"4 Shapes","floor":40,"turns":5},{"damage":2,"enemies":"2 Orb Walkers","floor":41,"turns":4},{"damage":0,"enemies":"3 Darklings","floor":44,"turns":4},{"damage":0,"enemies":"Maw","floor":45,"turns":6},{"damage":0,"enemies":"Giant Head","floor":46,"turns":5},{"damage":0,"enemies":"4 Shapes","floor":47,"turns":4},{"damage":24,"enemies":"Jaw Worm Horde","floor":48,"turns":3},{"damage":31,"enemies":"Time Eater","floor":50,"turns":7},{"damage":0,"enemies":"Shield and Spear","floor":54,"turns":4},{"damage":53,"enemies":"The Heart","floor":55,"turns":5}],"seed_played":"-103557808610336277","potions_obtained":[{"floor":5,"key":"Regen Potion"},{"floor":6,"key":"Fire Potion"},{"floor":16,"key":"BlessingOfTheForge"},{"floor":23,"key":"Energy Potion"},{"floor":30,"key":"BottledMiracle"}],"is_trial":false,"path_per_floor":["M","?","?","?","M","M","R","M","T","R","M","E","$","M","R","B",null,"M","M","?","?","?","E","M","R","T","$","?","?","M","M","R","B",null,"M","$","M","M","?","M","?","?","T","M","M","E","M","M","R","B",null,"R","$","E","B",null],"character_chosen":"WATCHER","items_purchased":["PathToVictory","PathToVictory","Good Instincts","Chemical X","Boot"],"campfire_rested":3,"item_purchase_floors":[13,53,53,53,53],"current_hp_per_floor":[52,52,52,52,52,49,49,49,49,70,64,60,60,60,60,42,72,71,71,71,71,71,43,37,58,58,58,67,67,69,71,71,73,80,82,82,84,86,89,89,87,87,87,89,89,89,91,69,69,38,106,106,106,108,55],"gold":35,"neow_bonus":"THREE_RARE_CARDS","is_daily":false,"chose_seed":false,"campfire_upgraded":3,"win_rate":0.0,"timestamp":1613493135,"path_taken":["M","?","?","?","?","M","R","M","T","R","M","E","$","M","R","BOSS","M","M","?","?","?","E","?","R","T","?","?","?","M","M","R","BOSS","M","$","M","M","?","M","?","?","T","?","M","E","M","M","R","BOSS","R","$","E","BOSS"],"items_purchased_type":["Card","Card","Card","Relic","Relic"],"build_version":"2020-12-22","purchased_purges":4,"victory":true,"max_hp_per_floor":[72,72,72,72,72,72,72,72,72,72,72,72,72,72,72,72,72,72,72,72,72,72,72,72,72,72,72,74,74,76,78,78,80,80,82,82,84,86,100,100,100,100,100,102,102,102,104,106,106,106,106,106,106,108,108],"card_choices":[{"not_picked":["Ragnarok","Establishment"],"picked":"LessonLearned","floor":0},{"not_picked":["Crescendo","CrushJoints"],"picked":"EmptyBody","floor":1},{"not_picked":["FlurryOfBlows","JustLucky"],"picked":"PathToVictory","floor":5},{"not_picked":["Halt","ClearTheMind"],"picked":"Meditate","floor":6},{"not_picked":["Blasphemy","Crescendo"],"picked":"ThirdEye","floor":8},{"not_picked":["CrushJoints","Evaluate","Consecrate"],"picked":"SKIP","floor":11},{"not_picked":["Evaluate","FlurryOfBlows"],"picked":"Protect","floor":12},{"not_picked":["Crescendo","CrushJoints"],"picked":"CutThroughFate","floor":14},{"not_picked":["Ragnarok","Brilliance"],"picked":"DeusExMachina","floor":16},{"not_picked":["Halt+1","CutThroughFate+1"],"picked":"Sanctity","floor":18},{"not_picked":["BowlingBash","SashWhip","ForeignInfluence"],"picked":"SKIP","floor":19},{"not_picked":["Worship","Evaluate"],"picked":"PathToVictory+1","floor":23},{"not_picked":["Protect","Prostrate"],"picked":"ThirdEye","floor":24},{"not_picked":["FearNoEvil","LikeWater","Perseverance"],"picked":"Singing Bowl","floor":28},{"not_picked":["SashWhip+1","Prostrate","Halt"],"picked":"Singing Bowl","floor":30},{"not_picked":["Halt","EmptyBody+1","MentalFortress"],"picked":"Singing Bowl","floor":31},{"not_picked":["Establishment","Judgement","Ragnarok"],"picked":"Singing Bowl","floor":33},{"not_picked":["Prostrate","ClearTheMind","FlyingSleeves+1"],"picked":"Singing Bowl","floor":35},{"not_picked":["FlurryOfBlows+1","ClearTheMind+1","Crescendo+1"],"picked":"Singing Bowl","floor":37},{"not_picked":["TalkToTheHand","EmptyMind+1","Sanctity"],"picked":"Singing Bowl","floor":38},{"not_picked":["WreathOfFlame","JustLucky+1"],"picked":"Wish","floor":39},{"not_picked":["DeceiveReality+1","Crescendo"],"picked":"Study","floor":40},{"not_picked":["Consecrate+1","Collect"],"picked":"InnerPeace+1","floor":41},{"not_picked":["Crescendo+1","Protect+1","Prostrate"],"picked":"Singing Bowl","floor":44},{"not_picked":["ConjureBlade","FlyingSleeves+1"],"picked":"PathToVictory+1","floor":45},{"not_picked":["FlurryOfBlows+1","ForeignInfluence+1"],"picked":"DeusExMachina","floor":46},{"not_picked":["FollowUp+1","InnerPeace+1","Collect"],"picked":"Singing Bowl","floor":47},{"not_picked":["FlyingSleeves+1","Crescendo+1","ThirdEye+1"],"picked":"Singing Bowl","floor":48},{"not_picked":["SandsOfTime+1","Perseverance+1","Wireheading+1"],"picked":"Singing Bowl","floor":54}],"player_experience":551623,"relics_obtained":[{"floor":9,"key":"InkBottle"},{"floor":12,"key":"Damaru"},{"floor":23,"key":"Bronze Scales"},{"floor":28,"key":"CloakClasp"},{"floor":28,"key":"Singing Bowl"},{"floor":39,"key":"Mango"},{"floor":41,"key":"Dead Branch"},{"floor":43,"key":"Ornamental Fan"},{"floor":46,"key":"Darkstone Periapt"},{"floor":54,"key":"Turnip"}],"event_choices":[{"cards_removed":["Defend_P"],"damage_healed":0,"gold_gain":0,"player_choice":"Forget","damage_taken":0,"max_hp_gain":0,"max_hp_loss":0,"event_name":"Living Wall","floor":2,"gold_loss":0},{"damage_healed":0,"gold_gain":0,"player_choice":"Ignored","damage_taken":0,"max_hp_gain":0,"max_hp_loss":0,"event_name":"Liars Game","floor":3,"gold_loss":0},{"damage_healed":0,"gold_gain":0,"player_choice":"Forge","damage_taken":0,"max_hp_gain":0,"max_hp_loss":0,"event_name":"Accursed Blacksmith","floor":4,"gold_loss":0,"cards_upgraded":["LessonLearned"]},{"cards_removed":["Strike_P"],"damage_healed":0,"gold_gain":0,"player_choice":"Elegance","damage_taken":0,"max_hp_gain":0,"max_hp_loss":0,"event_name":"Back to Basics","floor":20,"gold_loss":0},{"damage_healed":0,"gold_gain":0,"player_choice":"Opened","damage_taken":0,"relics_obtained":["TeardropLocket"],"max_hp_gain":0,"max_hp_loss":0,"event_name":"The Mausoleum","floor":21,"gold_loss":0,"cards_obtained":["Writhe"]},{"damage_healed":0,"gold_gain":0,"player_choice":"Obtained Relic","damage_taken":0,"relics_obtained":["Centennial Puzzle"],"max_hp_gain":0,"max_hp_loss":0,"event_name":"Addict","floor":22,"gold_loss":85},{"damage_healed":0,"gold_gain":0,"player_choice":"Fight","damage_taken":0,"max_hp_gain":0,"max_hp_loss":0,"event_name":"Colosseum","floor":28,"gold_loss":0},{"damage_healed":0,"gold_gain":0,"player_choice":"Fought Nobs","damage_taken":0,"max_hp_gain":0,"max_hp_loss":0,"event_name":"Colosseum","floor":28,"gold_loss":0},{"damage_healed":0,"gold_gain":0,"cards_transformed":["Defend_P","Strike_P"],"player_choice":"Became Test Subject","damage_taken":0,"max_hp_gain":0,"max_hp_loss":0,"event_name":"Drug Dealer","floor":29,"gold_loss":0,"cards_obtained":["Fasting2","EmptyMind"]},{"damage_healed":0,"gold_gain":0,"player_choice":"Fight","damage_taken":0,"max_hp_gain":0,"max_hp_loss":0,"event_name":"MindBloom","floor":39,"gold_loss":0},{"damage_healed":0,"gold_gain":0,"player_choice":"Fight","damage_taken":0,"max_hp_gain":0,"max_hp_loss":0,"event_name":"Mysterious Sphere","floor":41,"gold_loss":0},{"damage_healed":0,"gold_gain":0,"player_choice":"2 cards matched","damage_taken":0,"max_hp_gain":0,"max_hp_loss":0,"event_name":"Match and Keep!","floor":42,"gold_loss":0,"cards_obtained":["Eruption","Madness"]}],"is_beta":false,"boss_relics":[{"not_picked":["Calling Bell","Cursed Key"],"picked":"HolyWater"},{"not_picked":["VioletLotus","Runic Dome"],"picked":"Sozu"}],"items_purged_floors":[13,27,36,53],"is_endless":false,"potions_floor_spawned":[5,6,16,23,30,33,37,39,40,41,47,54],"ascension_level":0}}