{"host":"7rmsgc3rayi00cdt","time":1613498614,"event":{"mods":["BaseMod","Minty Spire (QoL Compilation)"],"gold_per_floor":[112,112,92,103,103,103,138,91,116,116,128,32,107,161,161,257,257,270,289,289,289,142,170,170,197,249,249,174,186,212,61,61,164,464,478,80,91,91,111,138,138,173,196,222,222,247,31,45,45,45],"floor_reached":51,"language":"ENG","playtime":1944,"items_purged":["Writhe","Defend_R"],"score":1231,"play_id":"ade4f3c5-ce85-4e17-bf31-089047f42e2b","local_time":"20210216180334","is_ascension_mode":true,"campfire_choices":[{"data":"Flex","floor":10,"key":"SMITH"},{"floor":15,"key":"REST"},{"floor":24,"key":"REST"},{"data":"Flash of Steel","floor":27,"key":"SMITH"},{"floor":32,"key":"REST"},{"data":"True Grit","floor":41,"key":"SMITH"},{"floor":45,"key":"REST"},{"data":"Fire Breathing","floor":49,"key":"SMITH"}],"circlet_count":0,"master_deck":["Strike_R","Strike_R","Strike_R","Defend_R+1","Defend_R+1","Defend_R","Bash+1","Reckless Charge+1","Power Through+1","Twin Strike","Flex+1","Wild Strike","Flash of Steel+1","Reaper","Dropkick","Dropkick","Metallicize","Headbutt","CurseOfTheBell","True Grit+1","Pommel Strike+1","Sword Boomerang+1","Impervious","Fire Breathing+1","Battle Trance+1"],"relics":["Burning Blood","Orichalcum","Shuriken","Gremlin Horn","War Paint","Centennial Puzzle","Busted Crown","White Beast Statue","Blood Vial","Nunchaku","Bag of Marbles","Ornamental Fan","Pen Nib","Calling Bell","Red Skull","Sundial","Old Coin","Membership Card","Kunai","Bottled Flame","Darkstone Periapt","Pear","Ancient Tea Set","Omamori","Paper Frog","Du-Vu Doll"],"acts_visited":["Exordium","TheCity","TheBeyond"],"potions_floor_usage":[7,16,18,30,33,40,40,44,50,50,50],"damage_taken":[{"damage":4,"enemies":"2 Louse","floor":1,"turns":3},{"damage":0,"enemies":"Small Slimes","floor":4,"turns":3},{"damage":19,"enemies":"Lagavulin","floor":7,"turns":5},{"damage":0,"enemies":"Cultist","floor":11,"turns":3},{"damage":12,"enemies":"Slime Boss","floor":16,"turns":4},{"damage":4,"enemies":"Shell Parasite","floor":18,"turns":3},{"damage":6,"enemies":"Chosen","floor":19,"turns":2},{"damage":46,"enemies":"Gremlin Leader","floor":23,"turns":5},{"damage":31,"enemies":"Book of Stabbing","floor":25,"turns":4},{"damage":0,"enemies":"3 Cultists","floor":29,"turns":4},{"damage":28,"enemies":"Gremlin Leader","floor":30,"turns":3},{"damage":25,"enemies":"Collector","floor":33,"turns":8},{"damage":21,"enemies":"3 Darklings","floor":35,"turns":5},{"damage":7,"enemies":"3 Shapes","floor":37,"turns":2},{"damage":0,"enemies":"Spire Growth","floor":39,"turns":3},{"damage":5,"enemies":"Nemesis","floor":40,"turns":5},{"damage":30,"enemies":"Reptomancer","floor":42,"turns":4},{"damage":27,"enemies":"Nemesis","floor":44,"turns":5},{"damage":0,"enemies":"Reptomancer","floor":46,"turns":4},{"damage":9,"enemies":"Transient","floor":48,"turns":5},{"damage":74,"enemies":"Time Eater","floor":50,"turns":10}],"seed_played":"-85781585821137097","potions_obtained":[{"floor":1,"key":"GamblersBrew"},{"floor":3,"key":"BlessingOfTheForge"},{"floor":16,"key":"LiquidMemories"},{"floor":23,"key":"Dexterity Potion"},{"floor":25,"key":"Block Potion"},{"floor":29,"key":"Regen Potion"},{"floor":30,"key":"SpeedPotion"},{"floor":33,"key":"Fire Potion"},{"floor":35,"key":"Explosive Potion"},{"floor":39,"key":"LiquidMemories"},{"floor":40,"key":"SpeedPotion"},{"floor":42,"key":"LiquidMemories"},{"floor":44,"key":"Dexterity Potion"},{"floor":48,"key":"Energy Potion"}],"is_trial":false,"path_per_floor":["M","?","?","M","?","?","E","$","T","R","M","$","?","T","R","B",null,"M","M","?","?","$","E","R","E","T","R","?","M","E","$","R","B",null,"M","$","M","?","M","E","R","E","T","E","R","E","$","M","R","B",null],"character_chosen":"IRONCLAD","items_purchased":["Flex","Flash of Steel","Dropkick","Pen Nib","Membership Card","Kunai","Bottled Flame","Du-Vu Doll","Fire Breathing"],"campfire_rested":4,"item_purchase_floors":[8,12,22,31,36,36,36,47,47],"current_hp_per_floor":[74,58,58,64,64,61,48,48,48,48,54,54,43,43,67,61,75,77,80,80,80,80,43,67,59,59,59,59,80,58,58,80,61,75,65,65,80,80,80,80,80,66,66,48,75,90,90,90,90,22],"gold":45,"neow_bonus":"RANDOM_COMMON_RELIC","is_daily":false,"chose_seed":false,"campfire_upgraded":4,"win_rate":0.0,"timestamp":1613498614,"path_taken":["M","?","?","?","?","?","E","$","T","R","M","$","?","?","R","BOSS","M","?","?","?","?","E","R","E","T","R","?","?","E","$","R","BOSS","M","$","M","?","M","E","R","E","T","E","R","E","$","M","R","BOSS"],"items_purchased_type":["Card","Card","Card","Relic","Relic","Relic","Relic","Relic","Card"],"build_version":"2020-12-22","purchased_purges":2,"victory":true,"max_hp_per_floor":[80,80,80,80,80,80,80,80,80,80,80,80,80,80,80,80,80,80,80,80,80,80,80,80,80,80,80,80,80,80,80,80,80,80,80,80,80,80,80,80,80,90,90,90,90,90,90,90,90,90],"card_choices":[{"not_picked":["Headbutt","Hemokinesis"],"picked":"Reckless Charge","floor":1},{"not_picked":["True Grit","Clothesline"],"picked":"Power Through","floor":4},{"not_picked":["Cleave","Juggernaut"],"picked":"Twin Strike","floor":7},{"not_picked":["Body Slam","Perfected Strike"],"picked":"Wild Strike","floor":11},{"not_picked":["Exhume","Fiend Fire"],"picked":"Reaper","floor":16},{"not_picked":[],"picked":"Dropkick","floor":18},{"not_picked":["Perfected Strike"],"picked":"SKIP","floor":19},{"not_picked":["Rage"],"picked":"SKIP","floor":23},{"not_picked":["Flex"],"picked":"SKIP","floor":25},{"not_picked":[],"picked":"Metallicize","floor":29},{"not_picked":[],"picked":"Headbutt","floor":30},{"not_picked":["Searing Blow"],"picked":"SKIP","floor":35},{"not_picked":[],"picked":"True Grit","floor":37},{"not_picked":[],"picked":"Pommel Strike+1","floor":39},{"not_picked":[],"picked":"Sword Boomerang+1","floor":40},{"not_picked":["Intimidate+1"],"picked":"SKIP","floor":42},{"not_picked":[],"picked":"Impervious","floor":44},{"not_picked":["Iron Wave"],"picked":"SKIP","floor":46},{"not_picked":[],"picked":"Battle Trance+1","floor":48}],"player_experience":816617,"relics_obtained":[{"floor":7,"key":"Gremlin Horn"},{"floor":9,"key":"War Paint"},{"floor":14,"key":"Centennial Puzzle"},{"floor":23,"key":"Blood Vial"},{"floor":25,"key":"Nunchaku"},{"floor":26,"key":"Bag of Marbles"},{"floor":30,"key":"Ornamental Fan"},{"floor":34,"key":"Red Skull"},{"floor":34,"key":"Sundial"},{"floor":34,"key":"Old Coin"},{"floor":40,"key":"Darkstone Periapt"},{"floor":42,"key":"Pear"},{"floor":43,"key":"Ancient Tea Set"},{"floor":44,"key":"Omamori"},{"floor":46,"key":"Paper Frog"}],"event_choices":[{"damage_healed":0,"gold_gain":0,"player_choice":"Entered Light","damage_taken":16,"max_hp_gain":0,"max_hp_loss":0,"event_name":"Shining Light","floor":2,"gold_loss":0,"cards_upgraded":["Defend_R","Bash"]},{"damage_healed":0,"gold_gain":0,"player_choice":"Bought 1 Potion","damage_taken":0,"max_hp_gain":0,"max_hp_loss":0,"event_name":"The Woman in Blue","floor":3,"gold_loss":0},{"damage_healed":0,"gold_gain":0,"player_choice":"Grow","damage_taken":0,"max_hp_gain":0,"max_hp_loss":0,"event_name":"Living Wall","floor":5,"gold_loss":0,"cards_upgraded":["Reckless Charge"]},{"damage_healed":0,"gold_gain":0,"player_choice":"Success","damage_taken":3,"relics_obtained":["Shuriken"],"max_hp_gain":0,"max_hp_loss":0,"event_name":"Scrap Ooze","floor":6,"gold_loss":0},{"damage_healed":0,"gold_gain":75,"player_choice":"Gather Gold","damage_taken":11,"max_hp_gain":0,"max_hp_loss":0,"event_name":"World of Goop","floor":13,"gold_loss":0},{"damage_healed":0,"gold_gain":0,"player_choice":"Ignored","damage_taken":0,"max_hp_gain":0,"max_hp_loss":0,"event_name":"Ghosts","floor":20,"gold_loss":0},{"damage_healed":0,"gold_gain":0,"player_choice":"Opened","damage_taken":0,"relics_obtained":["White Beast Statue"],"max_hp_gain":0,"max_hp_loss":0,"event_name":"The Mausoleum","floor":21,"gold_loss":0,"cards_obtained":["Writhe"]},{"cards_removed":["Strike_R"],"damage_healed":0,"gold_gain":0,"player_choice":"Gave Gold","damage_taken":0,"max_hp_gain":0,"max_hp_loss":0,"event_name":"Beggar","floor":28,"gold_loss":75},{"cards_removed":["Strike_R"],"damage_healed":0,"gold_gain":0,"player_choice":"Offered Basic","damage_taken":0,"max_hp_gain":0,"max_hp_loss":0,"event_name":"Bonfire Elementals","floor":38,"gold_loss":0}],"is_beta":false,"boss_relics":[{"not_picked":["Ectoplasm","SacredBark"],"picked":"Busted Crown"},{"not_picked":["Empty Cage","Runic Dome"],"picked":"Calling Bell"}],"items_purged_floors":[22,47],"is_endless":false,"potions_floor_spawned":[1,16,23,25,29,30,33,35,37,39,40,42,44,46,48],"ascension_level":8}}