{"host":"rolltorest","time":1613452606,"event":{"mods":["BaseMod","Minty Spire (QoL Compilation)","Relic Stats","Slay the Relics Exporter","StSLib"],"gold_per_floor":[115,115,62,80,95,128,128,155,155,155,155],"floor_reached":10,"language":"ENG","playtime":249,"items_purged":[],"score":152,"play_id":"338c8fa9-0471-4ffd-aebe-bc12413f27a8","local_time":"20210215211646","is_ascension_mode":true,"campfire_choices":[{"data":"Hologram","floor":7,"key":"SMITH"}],"circlet_count":0,"master_deck":["AscendersBane","Strike_B","Strike_B","Strike_B","Strike_B","Defend_B","Defend_B","Defend_B","Defend_B","Zap","Dualcast","Ball Lightning","Ball Lightning","Hologram+1","Reinforced Body","Core Surge","Ball Lightning"],"relics":["Cracked Core","NeowsBlessing","Kunai","Ornamental Fan","Cables"],"acts_visited":["Exordium"],"potions_floor_usage":[8,10],"damage_taken":[{"damage":0,"enemies":"Jaw Worm","floor":1,"turns":1},{"damage":0,"enemies":"2 Louse","floor":4,"turns":1},{"damage":0,"enemies":"Small Slimes","floor":5,"turns":1},{"damage":27,"enemies":"3 Sentries","floor":6,"turns":7},{"damage":37,"enemies":"Gremlin Nob","floor":8,"turns":5},{"damage":0,"enemies":"3 Sentries","floor":10,"turns":4}],"seed_played":"-8938718862406125920","potions_obtained":[{"floor":4,"key":"Swift Potion"},{"floor":6,"key":"Energy Potion"}],"is_trial":false,"path_per_floor":["M","?","$","M","M","E","R","E","T","E"],"character_chosen":"DEFECT","items_purchased":["Ball Lightning"],"campfire_rested":0,"item_purchase_floors":[3],"current_hp_per_floor":[64,69,69,69,69,42,42,5,5,5,5],"gold":155,"neow_bonus":"THREE_ENEMY_KILL","is_daily":false,"chose_seed":false,"campfire_upgraded":1,"win_rate":0.0,"timestamp":1613452606,"path_taken":["M","?","$","M","M","E","R","E","T","E"],"items_purchased_type":["Card"],"build_version":"2020-12-18","purchased_purges":0,"victory":false,"max_hp_per_floor":[71,76,76,76,76,76,76,76,76,76,76],"relic_stats":{"counters":[6,19],"Ornamental Fan":[4],"Kunai":[3],"obtain_stats":[{"NeowsBlessing":0,"Ornamental Fan":8,"Kunai":6,"Cracked Core":0,"Cables":9},{"NeowsBlessing":0,"Ornamental Fan":5,"Kunai":4,"Cracked Core":0,"Cables":5},{"NeowsBlessing":0,"Ornamental Fan":15,"Kunai":10,"Cracked Core":0,"Cables":15}],"Cables":[3,3,0,0,0]},"card_choices":[{"not_picked":["Conserve Battery","Turbo"],"picked":"Ball Lightning","floor":1},{"not_picked":["Storm","Streamline"],"picked":"Hologram","floor":4},{"not_picked":["Chill","Hologram"],"picked":"Reinforced Body","floor":5},{"not_picked":["Loop","Conserve Battery"],"picked":"Core Surge","floor":6},{"not_picked":["Stack","Conserve Battery"],"picked":"Ball Lightning","floor":8}],"player_experience":1992664,"relics_obtained":[{"floor":6,"key":"Kunai"},{"floor":8,"key":"Ornamental Fan"},{"floor":9,"key":"Cables"}],"event_choices":[{"damage_healed":0,"gold_gain":0,"player_choice":"Donut","damage_taken":0,"max_hp_gain":5,"max_hp_loss":0,"event_name":"Big Fish","floor":2,"gold_loss":0}],"is_beta":true,"boss_relics":[],"items_purged_floors":[],"is_endless":false,"potions_floor_spawned":[4,6],"killed_by":"3 Sentries","ascension_level":20}}