{"host":"08z5bj28eube4vug","time":1613440840,"event":{"mods":["100% Spire Juice","2.2 Compatiblity","Abigail Mod","Act Like it!","BaseMod","Beaked The Cultist","Bestiary","Friendly Minions","Gensokyo","GungeonMod","Hallownest","Kiyohime????","Koishi","Lobotomy","Marisa????????","Minty Spire (QoL Compilation)","Prisma Mod","Remilia??????","Replay The Spire","Spire Arcade","StSLib","Td1madao Mod","The Alterego","The Bug Knight","The Jungle","The Sage","The Senshi","The Servant 0.9.4","Waifu the Spire","WarShipGirlsR/????R mod","Yuri Mod"],"gold_per_floor":[113,129,49,97,97,97,130,130,130,150,150,166,195,207,207,312,312,327,340,340,354,393,393,308,336,406,444,18,54,54,90,90,211,211,222,222,222,242,255,255,309,309,309,341,341,66,66,84,84,84],"floor_reached":51,"language":"ENG","playtime":4462,"items_purged":["Parasite"],"score":1264,"play_id":"544db972-733c-4c61-9d56-d7b1ef15110a","local_time":"20210216050040","is_ascension_mode":true,"campfire_choices":[{"data":"Stigmanizer","floor":6,"key":"SMITH"},{"data":"ScarletImprint","floor":8,"key":"SMITH"},{"data":"BlasphemousPunishment","floor":11,"key":"SMITH"},{"data":"Stigmanizer","floor":15,"key":"SMITH"},{"data":"ScarletDream","floor":23,"key":"SMITH"},{"data":"MastersStateliness","floor":30,"key":"SMITH"},{"data":"LeisurelyOfLord","floor":32,"key":"SMITH"},{"data":"AfternoonTea","floor":40,"key":"SMITH"},{"floor":42,"key":"REST"},{"data":"ScarletImprint","floor":47,"key":"SMITH"},{"data":"EternalNight","floor":49,"key":"SMITH"}],"circlet_count":0,"master_deck":["Strike_RM","Strike_RM","Strike_RM","Strike_RM","Defend_RM","Defend_RM","Defend_RM","Defend_RM","ScarletShoot","Stigmanizer+1","ScarletImprint+1","MastersStateliness+1","UnstableMagic","ScarletImprint+1","Ultimatum","BlasphemousPunishment+1","UnstableMagic","ScarletImprint+1","AfternoonTea+1","Stigmanizer+1","ForecastOfChange","ScarletDream+1","FavorOfDestiny+1","MiserableFate","ForecastOfChange","MastersStateliness","VampireClaw","HunterOfTheNight","LeisurelyOfLord+1","TransientEternity","PrismaMod:IllyaInstallRuler","ScarletImprint","BombardNight+1","GlobalNightmare+1","ScarletDream+1","UnstableMagic+1","ScarletImprint+1","HunterOfTheNight+1","EternalNight+1"],"relics":["ScarletHat","Bag of Marbles","CaptainsWheel","FossilizedHelix","Bottled Tornado","ScarletEmblem","theSenshi:SpiralHeartMoonRodRelic","Garlic","White Beast Statue","Shuriken","Lantern","beaked:SacredDeck","HollowMod:StagPassRelic","Orichalcum","Replay:Ringing Soul","Replay:Accelerometer","Orrery","DemoMod:GlassGuonStoneRelic"],"acts_visited":["Exordium","TheCity","TheBeyond"],"potions_floor_usage":[16,27,33,33,33,33,39,41,44,44,50,50,50],"damage_taken":[{"damage":0,"enemies":"Small Slimes","floor":1,"turns":2},{"damage":2,"enemies":"Jaw Worm","floor":2,"turns":3},{"damage":13,"enemies":"Gremlin Nob","floor":7,"turns":5},{"damage":0,"enemies":"2 Louse","floor":10,"turns":1},{"damage":0,"enemies":"Gremlin Gang","floor":12,"turns":3},{"damage":5,"enemies":"Replay:BlueRogue","floor":13,"turns":6},{"damage":0,"enemies":"2 Fungi Beasts","floor":14,"turns":3},{"damage":5,"enemies":"Slime Boss","floor":16,"turns":7},{"damage":0,"enemies":"Shell Parasite","floor":18,"turns":1},{"damage":0,"enemies":"Chosen","floor":19,"turns":2},{"damage":0,"enemies":"Snake Plant","floor":21,"turns":4},{"damage":0,"enemies":"Centurion and Healer","floor":22,"turns":4},{"damage":0,"enemies":"Slavers","floor":25,"turns":1},{"damage":0,"enemies":"Cultist and Chosen","floor":27,"turns":3},{"damage":0,"enemies":"3 Cultists","floor":29,"turns":5},{"damage":0,"enemies":"Shelled Parasite and Fungi","floor":31,"turns":4},{"damage":0,"enemies":"Automaton","floor":33,"turns":7},{"damage":0,"enemies":"3 Shapes","floor":35,"turns":4},{"damage":0,"enemies":"3 Darklings","floor":38,"turns":2},{"damage":10,"enemies":"Writhing Mass","floor":39,"turns":3},{"damage":36,"enemies":"Giant Head","floor":41,"turns":6},{"damage":0,"enemies":"Nemesis","floor":44,"turns":5},{"damage":0,"enemies":"Jaw Worm Horde","floor":48,"turns":2},{"damage":0,"enemies":"Awakened One","floor":50,"turns":8}],"seed_played":"-4010109328076503406","potions_obtained":[{"floor":2,"key":"Milkshake"},{"floor":10,"key":"CultistPotion"},{"floor":13,"key":"Toxic Potion"},{"floor":16,"key":"Fire Potion"},{"floor":18,"key":"Fire Potion"},{"floor":20,"key":"EntropicBrew"},{"floor":20,"key":"FairyPotion"},{"floor":27,"key":"Elixir"},{"floor":33,"key":"LiquidBronze"},{"floor":35,"key":"DemoMod:LeadSkinPotion"},{"floor":38,"key":"Swift Potion"},{"floor":39,"key":"DistilledChaos"},{"floor":41,"key":"Cursed Concoction"},{"floor":44,"key":"Explosive Potion"},{"floor":48,"key":"DestinyDice"}],"is_trial":false,"path_per_floor":["M","M","$","?","?","R","E","R","T","M","R","M","E","M","R","B",null,"M","M","?","M","M","R","?","E","T","M","$","M","R","M","R","B",null,"M","?","T","M","M","R","E","R","T","E","?","$","R","M","R","B",null],"character_chosen":"REMILIA","items_purchased":["MastersStateliness","UnstableMagic","Shuriken","DemoMod:LeadSkinPotion","MastersStateliness","VampireClaw","UnstableMagic","Orrery"],"campfire_rested":1,"item_purchase_floors":[3,3,28,28,28,28,46,46],"current_hp_per_floor":[68,67,67,67,67,67,62,62,62,62,62,62,57,57,57,56,70,70,70,70,70,72,72,72,75,75,75,75,75,75,75,75,75,75,75,75,75,75,67,67,43,65,65,70,73,76,76,84,84,84],"gold":84,"neow_bonus":"RANDOM_COMMON_RELIC","is_daily":false,"chose_seed":false,"campfire_upgraded":10,"win_rate":0.0,"timestamp":1613440840,"path_taken":["M","M","$","?","?","R","E","R","T","M","R","M","E","M","R","BOSS","M","M","?","?","M","R","?","E","T","M","$","M","R","M","R","BOSS","M","?","?","?","M","R","E","R","T","E","?","$","R","M","R","BOSS"],"items_purchased_type":["Card","Card","Relic","Undefined","Card","Card","Card","Relic"],"build_version":"2020-12-22","purchased_purges":1,"victory":true,"max_hp_per_floor":[75,75,75,75,75,75,75,75,75,75,75,75,75,75,75,75,75,75,75,75,75,75,75,75,75,75,75,75,75,75,75,75,75,75,75,75,75,75,75,75,75,75,75,78,81,81,81,84,84,84],"card_choices":[{"not_picked":["StarOfDavid","UnstableMagic"],"picked":"Stigmanizer","floor":1},{"not_picked":["FavorOfDestiny","StarOfDavid"],"picked":"ScarletImprint","floor":2},{"not_picked":["EndlessAdversity","HellCatastrophe"],"picked":"Ultimatum","floor":7},{"not_picked":["CharismaGuard","MastersStateliness"],"picked":"BlasphemousPunishment","floor":10},{"not_picked":["VampireKiss","NightLord"],"picked":"UnstableMagic","floor":12},{"not_picked":["UnstableMagic","StarOfDavid"],"picked":"ScarletImprint","floor":13},{"not_picked":["DevilSight","BloodyMagicSquare"],"picked":"AfternoonTea","floor":13},{"not_picked":["EmergencyRegeneration","MastersStateliness"],"picked":"Stigmanizer","floor":14},{"not_picked":["BatForm","BloodRain"],"picked":"ForecastOfChange","floor":16},{"not_picked":["ScarletSymphony","RedNightlessCastle"],"picked":"ScarletDream","floor":18},{"not_picked":["ReincarnationDial","UltimateOffering","UnderTheZenith"],"picked":"SKIP","floor":19},{"not_picked":["BloodAndWine+1","CharismaGuard"],"picked":"FavorOfDestiny+1","floor":21},{"not_picked":["StarOfDavid","UltimateOffering"],"picked":"MiserableFate","floor":22},{"not_picked":["ChainGang+1","ScarletCoffin"],"picked":"ForecastOfChange","floor":25},{"not_picked":["BadLadyScramble+1","ScarletDevil","DiffusionOfMisfortune"],"picked":"SKIP","floor":27},{"not_picked":["BloodyTrap+1","NightLord+1"],"picked":"HunterOfTheNight","floor":29},{"not_picked":["EndlessAdversity+1","AfternoonTea"],"picked":"LeisurelyOfLord","floor":31},{"not_picked":["ScarletMeister","BloodyCatastrophe"],"picked":"TransientEternity","floor":33},{"not_picked":["DevilSight","BloodHunter+1"],"picked":"ScarletImprint","floor":35},{"not_picked":["LeisurelyOfLord+1","UnderTheZenith"],"picked":"BombardNight+1","floor":38},{"not_picked":["ScarletDevil+1","ScarletImprint","StarOfDavid+1"],"picked":"SKIP","floor":39},{"not_picked":["StarOfDavid+1","CharismaGuard","NightDance+1"],"picked":"SKIP","floor":41},{"not_picked":["EternalNight+1","Ultimatum"],"picked":"GlobalNightmare+1","floor":44},{"not_picked":["CurseOfVladTepes","EndlessAdversity","DiffusionOfMisfortune+1"],"picked":"SKIP","floor":44},{"not_picked":["QueenOfMidnight","AfternoonTea+1"],"picked":"ScarletImprint+1","floor":46},{"not_picked":["UnstableMagic","ScarletDevil+1"],"picked":"HunterOfTheNight+1","floor":46},{"not_picked":["BloodAndWine+1","BombardNight"],"picked":"EternalNight","floor":48},{"not_picked":["UltimateOffering+1","RedNightlessCastle+1","ScarletNetherworld"],"picked":"SKIP","floor":48}],"player_experience":928749,"relics_obtained":[{"floor":7,"key":"CaptainsWheel"},{"floor":9,"key":"FossilizedHelix"},{"floor":13,"key":"Bottled Tornado"},{"floor":25,"key":"Garlic"},{"floor":26,"key":"White Beast Statue"},{"floor":29,"key":"Lantern"},{"floor":37,"key":"HollowMod:StagPassRelic"},{"floor":41,"key":"Orichalcum"},{"floor":43,"key":"Replay:Ringing Soul"},{"floor":44,"key":"Replay:Accelerometer"}],"event_choices":[{"damage_healed":0,"gold_gain":0,"player_choice":"Got Potions","damage_taken":0,"max_hp_gain":0,"max_hp_loss":0,"event_name":"Lab","floor":20,"gold_loss":0},{"damage_healed":0,"gold_gain":0,"player_choice":"Obtained Relic","damage_taken":0,"relics_obtained":["theSenshi:SpiralHeartMoonRodRelic"],"max_hp_gain":0,"max_hp_loss":0,"event_name":"Addict","floor":24,"gold_loss":85},{"damage_healed":0,"gold_gain":0,"player_choice":"Copied","damage_taken":0,"max_hp_gain":0,"max_hp_loss":0,"event_name":"Duplicator","floor":45,"gold_loss":0,"cards_obtained":["ScarletDream"]}],"is_beta":false,"boss_relics":[{"not_picked":["ReplayTheSpireMod:DimensionalGlitch","Replay:Drink Me"],"picked":"ScarletEmblem"},{"not_picked":["Empty Cage","Replay:Fungal Core"],"picked":"beaked:SacredDeck"}],"items_purged_floors":[46],"is_endless":false,"potions_floor_spawned":[2,10,13,16,18,27,29,31,33,35,38,39,41,44,48],"ascension_level":9}}