{"host":"3hzk4hwwdropes3d","time":1613434510,"event":{"mods":["BaseMod","Downfall","Hermit","Minty Spire (QoL Compilation)","StSLib"],"gold_per_floor":[211,211,23,23,23,52,52,67,91,101,28,28,45,45,45,142,142,154,154,154,168,22,22,38,38,62,81,111,126,126,160,160,259,259,279,279,100,117,135,170,170,197,249,266,283,300,319,319,319,319],"floor_reached":51,"language":"ENG","playtime":2385,"items_purged":[],"score":995,"play_id":"e57e51fe-2efd-4baf-95f7-93bf232a7dd7","local_time":"20210215161510","is_ascension_mode":true,"campfire_choices":[{"data":"Eruption","floor":7,"key":"SMITH"},{"floor":12,"key":"REST"},{"data":"Tantrum","floor":15,"key":"SMITH"},{"floor":23,"key":"REST"},{"data":"EmptyFist","floor":25,"key":"SMITH"},{"floor":30,"key":"REST"},{"floor":32,"key":"REST"},{"data":"Scrawl","floor":41,"key":"SMITH"},{"floor":49,"key":"REST"}],"circlet_count":0,"master_deck":["Strike_P","Strike_P+1","Strike_P+1","Strike_P","Defend_P","Defend_P","Defend_P","Defend_P","Eruption+1","Vigilance","SashWhip","Weave","EmptyFist+1","FlurryOfBlows","CutThroughFate","Tantrum+1","CutThroughFate","DeusExMachina","Perseverance","EmptyBody","Halt+1","FearNoEvil","SandsOfTime","SignatureMove+1","Scrawl+1","Eruption","CrushJoints","EmptyFist+1","TalkToTheHand+1","CrushJoints+1","FlurryOfBlows","Indignation+1"],"relics":["PureWater","bronze:BronzeIdol","Kunai","Bag of Marbles","Philosopher\u0027s Stone","Enchiridion","Toy Ornithopter","Omamori","Calipers","Shuriken","Cursed Key","Lee\u0027s Waffle","Slimebound:PreparedRelic","Blood Vial","Smiling Mask"],"acts_visited":["Exordium","TheCity","TheBeyond"],"potions_floor_usage":[27,29,33,50,50],"damage_taken":[{"damage":0,"enemies":"Cultist","floor":1,"turns":2},{"damage":16,"enemies":"Gremlin Nob","floor":6,"turns":3},{"damage":18,"enemies":"Jaw Worm","floor":8,"turns":2},{"damage":0,"enemies":"Small Slimes","floor":10,"turns":2},{"damage":0,"enemies":"Exordium Thugs","floor":13,"turns":1},{"damage":0,"enemies":"Slime Boss","floor":16,"turns":2},{"damage":29,"enemies":"2 Thieves","floor":18,"turns":3},{"damage":0,"enemies":"3 Byrds","floor":21,"turns":3},{"damage":8,"enemies":"Shelled Parasite and Fungi","floor":24,"turns":4},{"damage":8,"enemies":"Chosen and Byrds","floor":27,"turns":3},{"damage":14,"enemies":"Book of Stabbing","floor":28,"turns":3},{"damage":14,"enemies":"Cultist and Chosen","floor":29,"turns":3},{"damage":37,"enemies":"Gremlin Leader","floor":31,"turns":3},{"damage":0,"enemies":"Champ","floor":33,"turns":6},{"damage":5,"enemies":"3 Darklings","floor":35,"turns":3},{"damage":0,"enemies":"3 Shapes","floor":38,"turns":1},{"damage":0,"enemies":"3 Darklings","floor":39,"turns":1},{"damage":2,"enemies":"Giant Head","floor":40,"turns":6},{"damage":16,"enemies":"Reptomancer","floor":42,"turns":3},{"damage":0,"enemies":"Spire Growth","floor":44,"turns":2},{"damage":16,"enemies":"Jaw Worm Horde","floor":45,"turns":3},{"damage":24,"enemies":"Sphere and 2 Shapes","floor":46,"turns":4},{"damage":0,"enemies":"Spire Growth","floor":47,"turns":4},{"damage":116,"enemies":"Time Eater","floor":50,"turns":5}],"seed_played":"-5083253568468343520","potions_obtained":[{"floor":13,"key":"Regen Potion"},{"floor":24,"key":"AttackPotion"},{"floor":31,"key":"SpeedPotion"},{"floor":33,"key":"FearPotion"},{"floor":35,"key":"CultistPotion"},{"floor":38,"key":"FairyPotion"}],"is_trial":false,"path_per_floor":["M","?","$","$","?","E","R","M","T","M","$","R","M","$","R","B",null,"M","?","?","M","$","R","M","R","T","M","E","M","R","E","R","B",null,"M","?","$","M","M","E","R","E","T","M","M","M","M","?","R","B",null],"character_chosen":"WATCHER","items_purchased":["bronze:BronzeIdol","Weave","Tantrum","Toy Ornithopter","CrushJoints","Lee\u0027s Waffle"],"campfire_rested":5,"item_purchase_floors":[3,3,11,22,37,37],"current_hp_per_floor":[72,72,72,72,58,42,42,24,24,24,24,45,45,45,45,45,72,43,27,27,27,27,48,40,40,40,37,23,23,44,7,28,33,72,67,67,79,79,79,77,77,61,61,63,49,27,29,49,72,3],"gold":319,"neow_bonus":"HUNDRED_GOLD","is_daily":false,"chose_seed":false,"campfire_upgraded":4,"win_rate":0.0,"timestamp":1613434510,"path_taken":["M","?","?","$","?","E","R","M","T","M","$","R","M","$","R","BOSS","M","?","?","?","$","R","M","R","T","M","E","M","R","E","R","BOSS","M","?","$","?","M","E","R","E","T","M","M","M","M","?","R","BOSS"],"items_purchased_type":["Relic","Card","Card","Relic","Card","Relic"],"build_version":"2020-12-22","purchased_purges":0,"victory":true,"max_hp_per_floor":[72,72,72,72,72,72,72,72,72,72,72,72,72,72,72,72,72,72,72,72,72,72,72,72,72,72,72,72,72,72,72,72,72,72,72,72,79,79,79,79,79,79,79,79,79,79,79,79,79,79],"card_choices":[{"not_picked":["CutThroughFate","BowlingBash"],"picked":"SashWhip","floor":1},{"not_picked":["Wish","Pray"],"picked":"EmptyFist","floor":6},{"not_picked":["Consecrate","CarveReality"],"picked":"FlurryOfBlows","floor":8},{"not_picked":["Prostrate","CarveReality"],"picked":"CutThroughFate","floor":10},{"not_picked":["SashWhip","FlyingSleeves"],"picked":"CutThroughFate","floor":13},{"not_picked":["Wish","Omniscience"],"picked":"DeusExMachina","floor":16},{"not_picked":["Crescendo","BowlingBash+1"],"picked":"Perseverance","floor":18},{"not_picked":["PathToVictory","Perseverance"],"picked":"EmptyBody","floor":21},{"not_picked":["Nirvana+1","SignatureMove"],"picked":"Halt+1","floor":24},{"not_picked":["Prostrate+1","MentalFortress","PathToVictory"],"picked":"SKIP","floor":27},{"not_picked":["Fasting2","Perseverance"],"picked":"FearNoEvil","floor":28},{"not_picked":["CrushJoints+1","FlyingSleeves"],"picked":"SandsOfTime","floor":29},{"not_picked":["DeusExMachina","Collect"],"picked":"SignatureMove+1","floor":31},{"not_picked":["Establishment","Vault"],"picked":"Scrawl","floor":33},{"not_picked":["MentalFortress","WaveOfTheHand","SashWhip"],"picked":"SKIP","floor":35},{"not_picked":["Prostrate","CarveReality+1"],"picked":"EmptyFist+1","floor":38},{"not_picked":["MentalFortress","BowlingBash"],"picked":"TalkToTheHand+1","floor":39},{"not_picked":["LikeWater","Scrawl","Halt"],"picked":"SKIP","floor":40},{"not_picked":["Alpha","Pray+1"],"picked":"CrushJoints+1","floor":42},{"not_picked":["SandsOfTime","Vengeance+1","Sanctity+1"],"picked":"SKIP","floor":44},{"not_picked":["SashWhip","InnerPeace","Prostrate"],"picked":"SKIP","floor":45},{"not_picked":["Swivel+1","MentalFortress+1"],"picked":"FlurryOfBlows","floor":46},{"not_picked":["FollowUp+1","Consecrate+1"],"picked":"Indignation+1","floor":47}],"player_experience":416535,"relics_obtained":[{"floor":6,"key":"Kunai"},{"floor":9,"key":"Bag of Marbles"},{"floor":19,"key":"Enchiridion"},{"floor":26,"key":"Omamori"},{"floor":28,"key":"Calipers"},{"floor":31,"key":"Shuriken"},{"floor":40,"key":"Slimebound:PreparedRelic"},{"floor":42,"key":"Blood Vial"},{"floor":43,"key":"Smiling Mask"}],"event_choices":[{"damage_healed":0,"gold_gain":0,"player_choice":"Bought 0 Potions","damage_taken":0,"max_hp_gain":0,"max_hp_loss":0,"event_name":"The Woman in Blue","floor":2,"gold_loss":0},{"damage_healed":0,"gold_gain":0,"player_choice":"Entered Light","damage_taken":14,"max_hp_gain":0,"max_hp_loss":0,"event_name":"Shining Light","floor":5,"gold_loss":0,"cards_upgraded":["Strike_P","Strike_P"]},{"damage_healed":0,"gold_gain":0,"player_choice":"Obtained Book","damage_taken":16,"max_hp_gain":0,"max_hp_loss":0,"event_name":"Cursed Tome","floor":19,"gold_loss":0},{"damage_healed":0,"gold_gain":0,"player_choice":"Ignored","damage_taken":0,"max_hp_gain":0,"max_hp_loss":0,"event_name":"N\u0027loth","floor":20,"gold_loss":0},{"damage_healed":0,"gold_gain":0,"player_choice":"1 cards matched","damage_taken":0,"max_hp_gain":0,"max_hp_loss":0,"event_name":"Match and Keep!","floor":36,"gold_loss":0,"cards_obtained":["Eruption"]},{"damage_healed":20,"gold_gain":0,"player_choice":"Writhe","damage_taken":0,"max_hp_gain":0,"max_hp_loss":0,"event_name":"Winding Halls","floor":48,"gold_loss":0,"cards_obtained":["Writhe"]}],"is_beta":false,"boss_relics":[{"not_picked":["Busted Crown","Runic Pyramid"],"picked":"Philosopher\u0027s Stone"},{"not_picked":["HolyWater","Tiny House"],"picked":"Cursed Key"}],"items_purged_floors":[],"is_endless":false,"potions_floor_spawned":[13,16,24,31,33,35,38,44,46],"ascension_level":3}}