{"host":"0s686iw3hprdrk8c","time":1613518816,"event":{"mods":["BaseMod","Bestiary","Downfall","Marisa????????","Minty Spire (QoL Compilation)","Replay The Spire","StSLib","The Hierophant","The Servant 0.9.4"],"gold_per_floor":[110,121,135,151,164,164,182,182,182,182,182,201,232,232,232,331,331,321,321,336,348,183,183,209,221,221],"floor_reached":25,"language":"ENG","playtime":2369,"items_purged":["Regret"],"score":250,"play_id":"2a49ea8b-e5bf-4e77-ae09-cbad1e8db209","local_time":"20210216184016","is_ascension_mode":false,"campfire_choices":[{"floor":6.0,"key":"RECALL"},{"data":"PathToVictory","floor":8.0,"key":"SMITH"},{"data":"PathToVictory","floor":15.0,"key":"SMITH"},{"floor":23.0,"key":"REST"}],"circlet_count":0,"master_deck":["Strike_P","Strike_P","Strike_P","Strike_P","Defend_P","Defend_P","Defend_P","Defend_P","Eruption","Vigilance","Bandage Up","Replay:Vibes","TalkToTheHand","Replay:ManipulateFuture","PathToVictory+1","Consecrate","CutThroughFate","PathToVictory+1","SandsOfTime","MasterReality","downfall:Aged","Doubt","Overencumbered","Tantrum","WindmillStrike+1","ClearTheMind","Prostrate","Conclude","Halt+1"],"relics":["PureWater","TungstenRod","Pet Ghost","Ginger","Replay:Purple Gloves","Replay:Ancient Bell","Lantern","Darkstone Periapt","Torii","MawBank"],"acts_visited":["Exordium","TheCity"],"potions_floor_usage":[],"damage_taken":[{"damage":8.0,"enemies":"Cultist","floor":1.0,"turns":4.0},{"damage":0.0,"enemies":"Small Slimes","floor":2.0,"turns":3.0},{"damage":0.0,"enemies":"2 Louse","floor":3.0,"turns":2.0},{"damage":7.0,"enemies":"Looter","floor":4.0,"turns":4.0},{"damage":6.0,"enemies":"3 Louse","floor":5.0,"turns":4.0},{"damage":2.0,"enemies":"2 Fungi Beasts","floor":7.0,"turns":4.0},{"damage":9.0,"enemies":"Exordium Thugs","floor":12.0,"turns":4.0},{"damage":11.0,"enemies":"Replay:BlueRogue","floor":13.0,"turns":5.0},{"damage":24.0,"enemies":"Fading Forest","floor":16.0,"turns":11.0},{"damage":20.0,"enemies":"2 Thieves","floor":18.0,"turns":4.0},{"damage":14.0,"enemies":"Spheric Guardian","floor":20.0,"turns":3.0},{"damage":29.0,"enemies":"Snake Plant","floor":21.0,"turns":4.0},{"damage":37.0,"enemies":"Slavers","floor":24.0,"turns":6.0},{"damage":0,"enemies":"Chosen and Byrds","floor":25,"turns":4}],"seed_played":"-701726819058476263","potions_obtained":[{"floor":5.0,"key":"BlessingOfTheForge"},{"floor":12.0,"key":"SkillPotion"},{"floor":13.0,"key":"GamblersBrew"},{"floor":16.0,"key":"Weak Potion"},{"floor":20.0,"key":"SkillPotion"}],"is_trial":false,"path_per_floor":["M","M","M","M","M","R","M","R","T","?","?","M","E","?","R","B",null,"M","?","M","M","$","R","E","M"],"character_chosen":"WATCHER","items_purchased":["Prostrate","Conclude"],"campfire_rested":1,"item_purchase_floors":[22,22],"current_hp_per_floor":[68,72,72,65,63,63,65,65,65,65,65,60,53,48,48,48,90,74,57,47,22,22,50,17,21,21],"gold":221,"neow_bonus":"RANDOM_COLORLESS","is_daily":false,"chose_seed":false,"campfire_upgraded":2,"win_rate":0.0,"timestamp":1613518816,"path_taken":["M","M","?","?","M","R","?","R","T","?","?","M","E","?","R","BOSS","M","?","M","M","$","R","E","M"],"items_purchased_type":["Card","Card"],"build_version":"2020-12-22","purchased_purges":1,"victory":false,"max_hp_per_floor":[72,72,72,72,72,72,72,72,72,72,72,72,72,72,72,72,90,90,95,95,95,95,95,95,95,95],"card_choices":[{"not_picked":["Dramatic Entrance","Replay:Sssssssssstrike"],"picked":"Bandage Up","floor":0.0},{"not_picked":["CutThroughFate","CrushJoints"],"picked":"Replay:Vibes","floor":1.0},{"not_picked":["Replay:Cycle","Crescendo"],"picked":"TalkToTheHand","floor":2.0},{"not_picked":["WheelKick","Protect"],"picked":"Replay:ManipulateFuture","floor":3.0},{"not_picked":["Vengeance","FearNoEvil"],"picked":"PathToVictory","floor":4.0},{"not_picked":["Tantrum","EmptyFist"],"picked":"Consecrate","floor":5.0},{"not_picked":["Worship","BowlingBash"],"picked":"CutThroughFate","floor":7.0},{"not_picked":["Prostrate","Replay:DivineShield"],"picked":"PathToVictory","floor":12.0},{"not_picked":["EmptyBody","DevaForm"],"picked":"SandsOfTime","floor":13.0},{"not_picked":["Replay:AllIn","LessonLearned"],"picked":"MasterReality","floor":16.0},{"not_picked":["Languid","Overencumbered"],"picked":"downfall:Aged","floor":17.0},{"not_picked":["Spreading Infection","Overencumbered"],"picked":"Doubt","floor":17.0},{"not_picked":["Parasite","downfall:Haunted"],"picked":"Overencumbered","floor":17.0},{"not_picked":["Evaluate","Replay:Vibes"],"picked":"Tantrum","floor":18.0},{"not_picked":["Evaluate","ThirdEye"],"picked":"WindmillStrike+1","floor":20.0},{"not_picked":["FollowUp","Replay:BluntJabs+1"],"picked":"ClearTheMind","floor":21.0},{"not_picked":["Pray+1","Fasting2+1"],"picked":"Halt+1","floor":24.0}],"player_experience":251090,"relics_obtained":[{"floor":9.0,"key":"TungstenRod"},{"floor":13.0,"key":"Ginger"},{"floor":24.0,"key":"MawBank"}],"event_choices":[{"damage_healed":0.0,"max_hp_gain":0.0,"max_hp_loss":0.0,"gold_gain":0.0,"event_name":"Big Fish","player_choice":"Box","floor":10.0,"gold_loss":0.0,"damage_taken":0.0,"relics_obtained":["Pet Ghost"],"cards_obtained":["Regret"]},{"damage_healed":0.0,"max_hp_gain":0.0,"max_hp_loss":0.0,"gold_gain":0.0,"event_name":"Scrap Ooze","player_choice":"Success","floor":14.0,"gold_loss":0.0,"damage_taken":7.0,"relics_obtained":["Replay:Purple Gloves"]},{"damage_healed":0.0,"max_hp_gain":5.0,"max_hp_loss":0.0,"gold_gain":0.0,"event_name":"Forgotten Altar","player_choice":"Shed Blood","floor":19.0,"gold_loss":0.0,"damage_taken":23.0}],"is_beta":false,"boss_relics":[{"not_picked":["Velvet Choker","Sozu"],"picked":"Replay:Ancient Bell"},{"not_picked":["Blood Vial","Replay:Rubber Ducky"],"picked":"Lantern"},{"not_picked":["Singing Bowl","Matryoshka"],"picked":"Darkstone Periapt"},{"not_picked":["Replay:PocketPolymizer","Prayer Wheel"],"picked":"Torii"}],"items_purged_floors":[22],"is_endless":false,"potions_floor_spawned":[5,12,13,16,20],"killed_by":"Chosen and Byrds","ascension_level":0}}