{"host":"qwv9nni2x0umspiu","time":1613448754,"event":{"mods":["BaseMod","Downfall","Minty Spire (QoL Compilation)","Replay The Spire","StSLib","The Hierophant","Wandering Minibosses"],"gold_per_floor":[113,62,62,62,62,87,87,116,116,116,131,157,157,172,172,212,212,206,206,77,89,89,89,89,89,110,110,187,210,246,282,318,129,129,220,220,240,251,257,257],"floor_reached":39,"language":"ENG","playtime":1583,"items_purged":["hierophant:Strike_Hierophant","Replay:Hysterical Blindness"],"score":784,"play_id":"ad0829bc-0727-4607-a882-420ac7d64bfe","local_time":"20210215201234","is_ascension_mode":true,"campfire_choices":[{"data":"hierophant:Punish","floor":7.0,"key":"SMITH"},{"data":"hierophant:Alms","floor":10.0,"key":"SMITH"},{"data":"hierophant:Upheaval","floor":15.0,"key":"SMITH"},{"data":"hierophant:Exaltation","floor":25.0,"key":"SMITH"},{"data":"hierophant:SealAway","floor":27.0,"key":"SMITH"},{"data":"hierophant:Community","floor":34,"key":"SMITH"}],"circlet_count":0,"master_deck":["AscendersBane","hierophant:Strike_Hierophant","hierophant:Strike_Hierophant","hierophant:Strike_Hierophant","hierophant:Punish+1","hierophant:Defend_Hierophant","hierophant:Defend_Hierophant","hierophant:Defend_Hierophant","hierophant:Defend_Hierophant","hierophant:ChurchCoffers+1","hierophant:Smite","hierophant:Alms+1","hierophant:Zeal","hierophant:Upheaval+1","hierophant:Exaltation+1","hierophant:SealAway+1","Writhe","hierophant:HammerAndAnvil+1","hierophant:Community+1","CurseOfTheBell","hierophant:Shelter+1"],"relics":["hierophant:PropheticMaskRelic","NeowsBlessing","ReplayTheSpireMod:Shallot","Replay:Bandana","Bottled Lightning","Bird Faced Urn","Cursed Key","Divine Protection","Bottled Flame","Blue Candle","Calling Bell","PreservedInsect","Mummified Hand","Gambling Chip"],"acts_visited":["Exordium","TheCity","TheBeyond"],"potions_floor_usage":[39],"damage_taken":[{"damage":0.0,"enemies":"Cultist","floor":1.0,"turns":1.0},{"damage":0.0,"enemies":"3 Sentries","floor":6.0,"turns":2.0},{"damage":0.0,"enemies":"Gremlin Nob","floor":8.0,"turns":1.0},{"damage":0.0,"enemies":"Small Slimes","floor":11.0,"turns":1.0},{"damage":19.0,"enemies":"Lagavulin","floor":12.0,"turns":4.0},{"damage":0.0,"enemies":"2 Louse","floor":14.0,"turns":1.0},{"damage":17.0,"enemies":"Slime Boss","floor":16.0,"turns":9.0},{"damage":0.0,"enemies":"2 Thieves","floor":18.0,"turns":2.0},{"damage":1.0,"enemies":"3 Byrds","floor":21.0,"turns":4.0},{"damage":0.0,"enemies":"Shelled Parasite and Fungi","floor":26.0,"turns":1.0},{"damage":11.0,"enemies":"Book of Stabbing","floor":29.0,"turns":4.0},{"damage":2.0,"enemies":"Chosen and Byrds","floor":30.0,"turns":4.0},{"damage":2,"enemies":"Cultist and Chosen","floor":31,"turns":3},{"damage":0,"enemies":"3 Cultists","floor":32,"turns":3},{"damage":18,"enemies":"Champ","floor":35,"turns":8},{"damage":0,"enemies":"3 Shapes","floor":37,"turns":1},{"damage":0,"enemies":"3 Darklings","floor":38,"turns":2},{"damage":101,"enemies":"Transient","floor":39,"turns":6}],"seed_played":"-6212599666382910952","potions_obtained":[{"floor":1.0,"key":"EssenceOfSteel"},{"floor":12.0,"key":"SteroidPotion"},{"floor":14.0,"key":"BlessingOfTheForge"},{"floor":18.0,"key":"sneckomod:MuddlingPotion"},{"floor":21.0,"key":"FearPotion"},{"floor":29.0,"key":"Fire Potion"},{"floor":37,"key":"sneckomod:MuddlingPotion"}],"is_trial":false,"path_per_floor":["M","$","?","?","?","E","R","E","T","R","M","E","T","M","R","B",null,"M","?","$","M","PTL","PTL","?","R","M","R","T","E","M","M","M","$","R","B",null,"M","M","M"],"character_chosen":"HIEROPHANT","items_purchased":["hierophant:Smite","hierophant:SealAway","hierophant:Community"],"campfire_rested":0,"item_purchase_floors":[2,20,33],"current_hp_per_floor":[68,68,68,68,68,68,68,68,68,68,68,49,49,49,49,32,64,64,64,64,63,63,63,63,63,63,63,63,52,50,48,48,48,48,32,64,66,68,0,0],"gold":257,"neow_bonus":"THREE_ENEMY_KILL","is_daily":false,"chose_seed":false,"campfire_upgraded":6,"win_rate":0.0,"timestamp":1613448754,"path_taken":["M","$","?","?","?","E","R","E","T","R","M","E","?","?","R","BOSS","M","?","$","M","PTL","PTL","?","R","M","R","T","E","M","M","?","$","R","BOSS","M","M","M"],"items_purchased_type":["Card","Card","Card"],"build_version":"2020-12-22","purchased_purges":2,"victory":false,"max_hp_per_floor":[75,75,75,75,75,75,75,75,75,75,75,75,75,75,75,75,75,75,75,75,75,75,75,75,75,75,75,75,75,75,75,75,75,75,75,75,75,75,75,75],"card_choices":[{"not_picked":["hierophant:PristineSoul","hierophant:Doubloon","hierophant:Purify"],"picked":"SKIP","floor":1.0},{"not_picked":["hierophant:PristineSoul","hierophant:Patience"],"picked":"hierophant:Alms","floor":6.0},{"not_picked":["hierophant:SecretStash","hierophant:Remorse"],"picked":"hierophant:Zeal","floor":8.0},{"not_picked":["hierophant:FlamingChariot","hierophant:SecretStash","hierophant:Encroach"],"picked":"SKIP","floor":11.0},{"not_picked":["hierophant:CoinFling","hierophant:Charity","hierophant:HolyVerse"],"picked":"SKIP","floor":12.0},{"not_picked":["hierophant:MorningPrayer","hierophant:CursedGold"],"picked":"hierophant:Upheaval","floor":14.0},{"not_picked":["hierophant:Charity","hierophant:FlamingChariot","hierophant:DisplayOfPower"],"picked":"SKIP","floor":18.0},{"not_picked":["hierophant:ArchangelShield","hierophant:AuricBeam","hierophant:Mercenaries"],"picked":"SKIP","floor":21.0},{"not_picked":["hierophant:Doubloon","hierophant:Patience","hierophant:ThreeLashes"],"picked":"SKIP","floor":26.0},{"not_picked":["hierophant:Doubloon","hierophant:Patience","hierophant:ThreeLashes"],"picked":"SKIP","floor":26.0},{"not_picked":["hierophant:Cornucopia","hierophant:Zeal","hierophant:AuricBeam"],"picked":"SKIP","floor":29.0},{"not_picked":["hierophant:Sermon","hierophant:FlamingChariot"],"picked":"hierophant:HammerAndAnvil+1","floor":30.0},{"not_picked":["hierophant:PassingBell","hierophant:Doubloon","hierophant:Doomsaying"],"picked":"SKIP","floor":31},{"not_picked":["hierophant:Sermon","hierophant:EyeForCoin","hierophant:FlamingChariot"],"picked":"SKIP","floor":32},{"not_picked":["hierophant:HolyVerse","hierophant:Purify","hierophant:Sermon+1"],"picked":"SKIP","floor":37},{"not_picked":["hierophant:FlamingChariot","hierophant:Smite"],"picked":"hierophant:Shelter+1","floor":38}],"player_experience":1366438,"relics_obtained":[{"floor":6.0,"key":"ReplayTheSpireMod:Shallot"},{"floor":8.0,"key":"Replay:Bandana"},{"floor":9.0,"key":"Bottled Lightning"},{"floor":12.0,"key":"Bird Faced Urn"},{"floor":28.0,"key":"Bottled Flame"},{"floor":29.0,"key":"Blue Candle"},{"floor":36,"key":"PreservedInsect"},{"floor":36,"key":"Mummified Hand"},{"floor":36,"key":"Gambling Chip"}],"event_choices":[{"damage_healed":0.0,"max_hp_gain":0.0,"max_hp_loss":0.0,"gold_gain":0.0,"event_name":"Living Wall","player_choice":"Grow","floor":3.0,"gold_loss":0.0,"damage_taken":0.0,"cards_upgraded":["hierophant:ChurchCoffers"]},{"damage_healed":0.0,"max_hp_gain":0.0,"max_hp_loss":0.0,"gold_gain":0.0,"event_name":"Liars Game","player_choice":"Ignored","floor":5.0,"gold_loss":0.0,"damage_taken":0.0},{"damage_healed":0.0,"max_hp_gain":0.0,"max_hp_loss":0.0,"gold_gain":0.0,"event_name":"The Library","player_choice":"Read","floor":19.0,"gold_loss":0.0,"damage_taken":0.0,"cards_obtained":["hierophant:Exaltation"]},{"damage_healed":0.0,"max_hp_gain":0.0,"max_hp_loss":0.0,"gold_gain":0.0,"event_name":"The Mausoleum","player_choice":"Opened","floor":24.0,"gold_loss":0.0,"damage_taken":0.0,"relics_obtained":["Divine Protection"],"cards_obtained":["Writhe"]}],"is_beta":false,"boss_relics":[{"not_picked":["Replay:Wanted Poster","Ectoplasm"],"picked":"Cursed Key"},{"not_picked":["Painkiller Herb","Replay:Ancient Bell"],"picked":"Calling Bell"}],"items_purged_floors":[20,33],"is_endless":false,"potions_floor_spawned":[1,12,14,18,21,29,37],"killed_by":"Transient","ascension_level":20}}