{"host":"yg1n0qads92lo9wl","time":1613441120,"event":{"mods":["Act Like it!","BaseMod","Minty Spire (QoL Compilation)","StSLib","Together in Spire"],"gold_per_floor":[116,116,116,129,129,129,147,322,397,430,447,473,490,490,490,587,587,599,378,378,388,487,487,487,487,487,498,498,498,498],"floor_reached":29,"language":"ZHS","playtime":1935,"items_purged":["Regret"],"score":258,"play_id":"edee1d43-af31-427b-bc4a-088cc9e9701f","local_time":"20210216100520","is_ascension_mode":false,"campfire_choices":[{"data":"Envenom","floor":6.0,"key":"SMITH"},{"floor":15.0,"key":"REST"},{"floor":23.0,"key":"REST"},{"data":"Envenom","floor":25.0,"key":"SMITH"},{"floor":28.0,"key":"REST"}],"circlet_count":0,"master_deck":["Defend_G","Defend_G","Defend_G","Defend_G","Defend_G","Survivor","Neutralize","Envenom+1","Slice","Bane","Prepared","Doubt","Dagger Spray","Catalyst","Night Terror+1","Outmaneuver+1","Envenom+1","Well Laid Plans","Caltrops","Bite","Bite","Bite","Bite","Bite","Dodge and Roll+1"],"relics":["Ring of the Snake","Potion Belt","White Beast Statue","Gremlin Horn","Snake Skull","Toxic Egg 2","CultistMask","SacredBark","Lantern","Prayer Wheel"],"acts_visited":["Exordium","TheCity"],"potions_floor_usage":[29],"damage_taken":[{"damage":2.0,"enemies":"2 Louse","floor":1.0,"turns":4.0},{"damage":3.0,"enemies":"Small Slimes","floor":4.0,"turns":5.0},{"damage":5.0,"enemies":"Jaw Worm","floor":5.0,"turns":6.0},{"damage":8.0,"enemies":"3 Louse","floor":7.0,"turns":4.0},{"damage":18.0,"enemies":"3 Sentries","floor":10.0,"turns":8.0},{"damage":0.0,"enemies":"Exordium Wildlife","floor":11.0,"turns":3.0},{"damage":20.0,"enemies":"Gremlin Nob","floor":12.0,"turns":3.0},{"damage":0.0,"enemies":"Lots of Slimes","floor":13.0,"turns":1.0},{"damage":37.0,"enemies":"The Guardian","floor":16.0,"turns":9.0},{"damage":35.0,"enemies":"Chosen","floor":18.0,"turns":5.0},{"damage":34.0,"enemies":"2 Thieves","floor":21.0,"turns":5.0},{"damage":24.0,"enemies":"3 Cultists","floor":27.0,"turns":5.0},{"damage":44,"enemies":"Book of Stabbing","floor":29,"turns":6}],"seed_played":"-1539065221476672276","potions_obtained":[{"floor":1.0,"key":"Fire Potion"},{"floor":4.0,"key":"Regen Potion"},{"floor":7.0,"key":"Fire Potion"},{"floor":10.0,"key":"ColorlessPotion"},{"floor":11.0,"key":"Swift Potion"},{"floor":12.0,"key":"CunningPotion"},{"floor":13.0,"key":"FairyPotion"},{"floor":16.0,"key":"Weak Potion"},{"floor":18.0,"key":"SkillPotion"},{"floor":21.0,"key":"BlessingOfTheForge"},{"floor":27.0,"key":"SkillPotion"}],"is_trial":false,"path_per_floor":["M","?","?","M","M","R","M","?","T","E","M","E","M","?","R","B",null,"M","$","?","M","?","R","?","R","T","M","R","E"],"character_chosen":"THE_SILENT","items_purchased":["Lantern"],"campfire_rested":3,"item_purchase_floors":[19],"current_hp_per_floor":[47,40,40,37,32,32,24,24,24,21,21,1,1,1,22,9,70,35,35,35,1,1,22,22,22,22,15,29,0,0],"gold":498,"neow_bonus":"THREE_RARE_CARDS","is_daily":false,"chose_seed":false,"campfire_upgraded":2,"win_rate":0.0,"timestamp":1613441120,"path_taken":["M","?","?","?","M","R","M","?","T","E","?","E","?","?","R","BOSS","M","$","?","M","?","R","?","R","T","M","R","E"],"items_purchased_type":["Relic"],"build_version":"2020-12-22","purchased_purges":1,"victory":false,"max_hp_per_floor":[70,70,70,70,70,70,70,70,70,70,70,70,70,70,70,70,70,70,70,70,70,70,70,49,49,49,49,49,49,49],"card_choices":[{"not_picked":["Night Terror","Bullet Time"],"picked":"Envenom","floor":0.0},{"not_picked":["Concentrate","Deflect"],"picked":"Slice","floor":1.0},{"not_picked":["Dagger Throw","Outmaneuver"],"picked":"Bane","floor":4.0},{"not_picked":["Concentrate","Caltrops","Sucker Punch"],"picked":"SKIP","floor":5.0},{"not_picked":["Flying Knee","Dodge and Roll"],"picked":"Prepared","floor":7.0},{"not_picked":["Escape Plan","Slice"],"picked":"Dagger Spray","floor":10.0},{"not_picked":["Dodge and Roll","Setup"],"picked":"Catalyst","floor":11.0},{"not_picked":["Flying Knee","Bane"],"picked":"Night Terror+1","floor":12.0},{"not_picked":["Bane","Expertise+1"],"picked":"Outmaneuver+1","floor":13.0},{"not_picked":["Tools of the Trade","After Image"],"picked":"Envenom","floor":16.0},{"not_picked":["Acrobatics+1","Concentrate+1"],"picked":"Well Laid Plans","floor":18.0},{"not_picked":["Underhanded Strike","Flying Knee+1"],"picked":"Caltrops","floor":21.0},{"not_picked":["Backstab","Doppelganger+1"],"picked":"Dodge and Roll+1","floor":27.0},{"not_picked":["Expertise+1","Dash","Reflex+1"],"picked":"SKIP","floor":27.0}],"player_experience":237418,"relics_obtained":[{"floor":9.0,"key":"Gremlin Horn"},{"floor":10.0,"key":"Snake Skull"},{"floor":12.0,"key":"Toxic Egg 2"},{"floor":26.0,"key":"Prayer Wheel"}],"event_choices":[{"damage_healed":0.0,"max_hp_gain":0.0,"max_hp_loss":0.0,"gold_gain":0.0,"event_name":"Scrap Ooze","player_choice":"Success","floor":2.0,"gold_loss":0.0,"damage_taken":7.0,"relics_obtained":["Potion Belt"]},{"damage_healed":0.0,"max_hp_gain":0.0,"max_hp_loss":0.0,"gold_gain":0.0,"event_name":"Big Fish","player_choice":"Box","floor":3.0,"gold_loss":0.0,"damage_taken":0.0,"relics_obtained":["White Beast Statue"],"cards_obtained":["Regret"]},{"damage_healed":0.0,"max_hp_gain":0.0,"max_hp_loss":0.0,"gold_gain":175.0,"event_name":"Liars Game","player_choice":"AGREE","floor":8.0,"gold_loss":0.0,"damage_taken":0.0,"cards_obtained":["Doubt"]},{"damage_healed":0.0,"max_hp_gain":0.0,"max_hp_loss":0.0,"gold_gain":0.0,"event_name":"FaceTrader","player_choice":"Trade","floor":14.0,"gold_loss":0.0,"damage_taken":0.0,"relics_obtained":["CultistMask"]},{"damage_healed":0.0,"max_hp_gain":0.0,"max_hp_loss":0.0,"gold_gain":0.0,"event_name":"Cursed Tome","player_choice":"Ignored","floor":20.0,"gold_loss":0.0,"damage_taken":0.0},{"damage_healed":0.0,"max_hp_gain":0.0,"max_hp_loss":0.0,"gold_gain":99.0,"event_name":"Nest","player_choice":"Stole From Cult","floor":22.0,"gold_loss":0.0,"damage_taken":0.0},{"damage_healed":0.0,"max_hp_gain":0.0,"max_hp_loss":21.0,"gold_gain":0.0,"event_name":"Vampires","player_choice":"Became a vampire","floor":24.0,"gold_loss":0.0,"damage_taken":0.0,"cards_obtained":["Bite","Bite","Bite","Bite","Bite"]}],"is_beta":false,"boss_relics":[{"not_picked":["Philosopher\u0027s Stone","Sozu"],"picked":"SacredBark"}],"items_purged_floors":[19],"is_endless":false,"potions_floor_spawned":[1,4,5,7,10,11,12,13,16,18,21,27],"killed_by":"Book of Stabbing","ascension_level":0}}