{"host":"h0xw20cia6ppa69g","time":1613461864,"event":{"mods":["AchievementEnabler","BaseMod","Colored Map","Filter the Spire","Googly Eyes","Minty Spire (QoL Compilation)","Relic Stats","StSLib","The Awakened One except there are too many feathers","everything is the same but u backflip on backflip"],"gold_per_floor":[109,32,32,49,49,81,81,156,182,215,23,50,69,69,69,174,174,190,200,216,227,245,277,290,319,319,345,345,345,345,380,380,481,481,499,517,284,298,298,332,332,363,363,363,396,416,431,431,431,431,431],"floor_reached":50,"language":"ENG","playtime":3056,"items_purged":["Strike_G"],"score":805,"play_id":"3f6b5934-81ed-4b0f-ba87-114cc8051e93","local_time":"20210216015104","is_ascension_mode":true,"campfire_choices":[{"data":"Choke","floor":7.0,"key":"SMITH"},{"data":"Cloak And Dagger","floor":15.0,"key":"SMITH"},{"data":"Well Laid Plans","floor":28.0,"key":"SMITH"},{"data":"Footwork","floor":30.0,"key":"SMITH"},{"data":"Tactician","floor":32,"key":"SMITH"},{"floor":41,"key":"RECALL"},{"data":"Accuracy","floor":49,"key":"SMITH"}],"circlet_count":0,"master_deck":["Strike_G+1","Strike_G+1","Strike_G+1","Defend_G","Defend_G","Defend_G","Defend_G","Defend_G","Survivor","Neutralize","Choke+1","Footwork+1","Acrobatics+1","Cloak And Dagger+1","Underhanded Strike+1","Sucker Punch+1","Dagger Throw+1","Leg Sweep","Prepared","Grand Finale+1","PiercingWail+1","Backflip","Well Laid Plans+1","Tactician","Tactician+1","Acrobatics+1","Phantasmal Killer","Venomology","Bullet Time","Flechettes+1","Dodge and Roll","Accuracy+1","Choke+1","Infinite Blades+1","Dodge and Roll+1","Prepared+1"],"relics":["Ring of the Snake","CaptainsWheel","Molten Egg 2","Bag of Preparation","Anchor","Lee\u0027s Waffle","Odd Mushroom","Ornamental Fan","Philosopher\u0027s Stone","White Beast Statue","Singing Bowl","HornCleat","Nunchaku","Whetstone","Coffee Dripper","Bag of Marbles","Omamori","Mercury Hourglass","Shuriken"],"acts_visited":["Exordium","TheCity","TheBeyond"],"potions_floor_usage":[31,33,35,38,38,40,42,42],"damage_taken":[{"damage":0.0,"enemies":"Cultist","floor":1.0,"turns":4.0},{"damage":0.0,"enemies":"2 Louse","floor":4.0,"turns":3.0},{"damage":4.0,"enemies":"3 Sentries","floor":6.0,"turns":14.0},{"damage":8.0,"enemies":"Gremlin Nob","floor":10.0,"turns":4.0},{"damage":2.0,"enemies":"The Mushroom Lair","floor":12.0,"turns":5.0},{"damage":0.0,"enemies":"Small Slimes","floor":13.0,"turns":2.0},{"damage":23.0,"enemies":"Slime Boss","floor":16.0,"turns":10.0},{"damage":0.0,"enemies":"2 Thieves","floor":18.0,"turns":5.0},{"damage":0.0,"enemies":"3 Byrds","floor":19.0,"turns":4.0},{"damage":0.0,"enemies":"Snake Plant","floor":20.0,"turns":3.0},{"damage":0.0,"enemies":"Snecko","floor":21.0,"turns":3.0},{"damage":3.0,"enemies":"3 Cultists","floor":22.0,"turns":5.0},{"damage":13.0,"enemies":"Slavers","floor":23.0,"turns":7.0},{"damage":6.0,"enemies":"Cultist and Chosen","floor":24.0,"turns":6.0},{"damage":23.0,"enemies":"Gremlin Leader","floor":25.0,"turns":5.0},{"damage":0.0,"enemies":"Slavers","floor":27.0,"turns":6.0},{"damage":0,"enemies":"Gremlin Leader","floor":31,"turns":4},{"damage":0,"enemies":"Champ","floor":33,"turns":12},{"damage":0,"enemies":"Orb Walker","floor":35,"turns":3},{"damage":0,"enemies":"3 Darklings","floor":36,"turns":6},{"damage":7,"enemies":"Maw","floor":38,"turns":8},{"damage":21,"enemies":"Giant Head","floor":40,"turns":9},{"damage":7,"enemies":"Nemesis","floor":42,"turns":5},{"damage":7,"enemies":"Giant Head","floor":45,"turns":7},{"damage":0,"enemies":"Jaw Worm Horde","floor":46,"turns":3},{"damage":0,"enemies":"Writhing Mass","floor":47,"turns":4},{"damage":50,"enemies":"Time Eater","floor":50,"turns":7}],"seed_played":"-1959579489439775782","potions_obtained":[{"floor":1.0,"key":"Energy Potion"},{"floor":10.0,"key":"EssenceOfSteel"},{"floor":13.0,"key":"BlessingOfTheForge"},{"floor":20.0,"key":"ColorlessPotion"},{"floor":23.0,"key":"SteroidPotion"},{"floor":24.0,"key":"CultistPotion"},{"floor":31,"key":"DistilledChaos"},{"floor":35,"key":"CultistPotion"},{"floor":38,"key":"Regen Potion"},{"floor":42,"key":"GhostInAJar"},{"floor":46,"key":"DuplicationPotion"}],"is_trial":false,"path_per_floor":["M","$","?","M","?","E","R","?","T","E","$","?","M","?","R","B",null,"M","M","M","M","M","E","M","E","T","E","R","?","R","E","R","B",null,"M","M","$","M","?","E","R","E","T","?","E","M","M","?","R","B"],"character_chosen":"THE_SILENT","items_purchased":["Footwork","Lee\u0027s Waffle","Dagger Throw+1","Flechettes+1","Dodge and Roll","Accuracy"],"campfire_rested":0,"item_purchase_floors":[2,11,11,37,37,37],"current_hp_per_floor":[63,63,63,63,50,46,46,35,35,27,70,68,68,56,56,33,70,70,70,70,70,67,54,48,25,25,25,25,25,25,25,25,25,70,72,74,74,67,67,46,46,55,55,55,48,50,50,50,50,0,0],"gold":431,"neow_bonus":"ONE_RARE_RELIC","is_daily":false,"chose_seed":false,"campfire_upgraded":6,"win_rate":0.0,"timestamp":1613461864,"path_taken":["M","?","?","?","?","E","R","?","T","E","$","?","M","?","R","BOSS","M","M","M","M","M","E","M","E","T","E","R","?","R","E","R","BOSS","M","?","$","M","?","E","R","E","T","?","E","?","M","?","R","BOSS"],"items_purchased_type":["Card","Relic","Card","Card","Card","Card"],"build_version":"2020-12-22","purchased_purges":1,"victory":false,"max_hp_per_floor":[63,63,63,63,63,63,63,63,63,63,70,70,70,70,70,70,70,70,70,70,70,70,70,70,70,70,70,70,70,70,70,70,70,70,72,74,74,74,74,74,74,76,76,76,76,78,78,78,78,78,78],"relic_stats":{"Lee\u0027s Waffle":43,"Nunchaku":[19],"Singing Bowl":8,"counters":[27,154],"Ornamental Fan":[280],"Shuriken":[9],"Bag of Preparation":[48],"Whetstone":["Strike_G","Strike_G"],"obtain_stats":[{"Lee\u0027s Waffle":11,"Singing Bowl":25,"Bag of Preparation":9,"Omamori":42,"Whetstone":31,"Odd Mushroom":12,"White Beast Statue":23,"Mercury Hourglass":44,"CaptainsWheel":0,"Anchor":10,"Nunchaku":27,"HornCleat":26,"Ornamental Fan":14,"Shuriken":45,"Molten Egg 2":6,"Philosopher\u0027s Stone":17,"Coffee Dripper":34,"Bag of Marbles":40,"Ring of the Snake":0},{"Lee\u0027s Waffle":4,"Singing Bowl":15,"Bag of Preparation":3,"Omamori":23,"Whetstone":17,"Odd Mushroom":5,"White Beast Statue":13,"Mercury Hourglass":23,"CaptainsWheel":0,"Anchor":4,"Nunchaku":16,"HornCleat":15,"Ornamental Fan":6,"Shuriken":24,"Molten Egg 2":3,"Philosopher\u0027s Stone":7,"Coffee Dripper":18,"Bag of Marbles":22,"Ring of the Snake":0},{"Lee\u0027s Waffle":25,"Singing Bowl":80,"Bag of Preparation":21,"Omamori":133,"Whetstone":90,"Odd Mushroom":30,"White Beast Statue":69,"Mercury Hourglass":133,"CaptainsWheel":0,"Anchor":25,"Nunchaku":86,"HornCleat":80,"Ornamental Fan":32,"Shuriken":140,"Molten Egg 2":21,"Philosopher\u0027s Stone":42,"Coffee Dripper":102,"Bag of Marbles":128,"Ring of the Snake":0}],"Ring of the Snake":[54],"Mercury Hourglass":[57]},"card_choices":[{"not_picked":["Footwork","Reflex"],"picked":"Choke","floor":1.0},{"not_picked":["Flying Knee","Deadly Poison"],"picked":"Cloak And Dagger","floor":4.0},{"not_picked":["Flying Knee+1","Poisoned Stab+1"],"picked":"Underhanded Strike+1","floor":6.0},{"not_picked":["Acrobatics","Deadly Poison"],"picked":"Sucker Punch+1","floor":10.0},{"not_picked":["Distraction","Crippling Poison"],"picked":"Leg Sweep","floor":12.0},{"not_picked":["Deflect","Quick Slash+1"],"picked":"Prepared","floor":13.0},{"not_picked":["Envenom","Die Die Die+1"],"picked":"Grand Finale+1","floor":16.0},{"not_picked":["Sucker Punch+1","Blur"],"picked":"Underhanded Strike+1","floor":18.0},{"not_picked":["Crippling Poison+1","Quick Slash+1"],"picked":"PiercingWail+1","floor":19.0},{"not_picked":["Eviscerate+1","Outmaneuver"],"picked":"Backflip","floor":20.0},{"not_picked":["Outmaneuver","Noxious Fumes","Sucker Punch+1"],"picked":"SKIP","floor":21.0},{"not_picked":["Prepared","Crippling Poison+1"],"picked":"Well Laid Plans","floor":22.0},{"not_picked":["Catalyst","Tools of the Trade"],"picked":"Tactician","floor":23.0},{"not_picked":["Flying Knee+1","Bouncing Flask+1"],"picked":"Tactician","floor":24.0},{"not_picked":["Deflect","Prepared"],"picked":"Acrobatics+1","floor":25.0},{"not_picked":["Escape Plan","Flying Knee+1"],"picked":"Phantasmal Killer","floor":27.0},{"not_picked":["PiercingWail","Slice+1"],"picked":"Venomology","floor":31},{"not_picked":["Doppelganger","Night Terror"],"picked":"Bullet Time","floor":33},{"not_picked":["Sucker Punch+1","Noxious Fumes+1","Distraction+1"],"picked":"Singing Bowl","floor":35},{"not_picked":["Flying Knee+1","Bane+1","Sucker Punch+1"],"picked":"Singing Bowl","floor":36},{"not_picked":["Slice+1","Deflect"],"picked":"Choke+1","floor":38},{"not_picked":["Quick Slash+1","Acrobatics"],"picked":"Infinite Blades+1","floor":40},{"not_picked":["Catalyst","Skewer+1","Dagger Throw+1"],"picked":"Singing Bowl","floor":42},{"not_picked":["Leg Sweep","Dagger Spray+1"],"picked":"Dodge and Roll+1","floor":45},{"not_picked":["Sucker Punch+1","Bane+1","Dagger Throw+1"],"picked":"Singing Bowl","floor":46},{"not_picked":["Dodge and Roll+1","Dagger Spray+1"],"picked":"Prepared+1","floor":47}],"player_experience":3874803,"relics_obtained":[{"floor":6.0,"key":"Molten Egg 2"},{"floor":9.0,"key":"Bag of Preparation"},{"floor":10.0,"key":"Anchor"},{"floor":12.0,"key":"Odd Mushroom"},{"floor":23.0,"key":"White Beast Statue"},{"floor":25.0,"key":"Singing Bowl"},{"floor":26.0,"key":"HornCleat"},{"floor":27.0,"key":"Nunchaku"},{"floor":31,"key":"Whetstone"},{"floor":40,"key":"Bag of Marbles"},{"floor":42,"key":"Omamori"},{"floor":45,"key":"Shuriken"}],"event_choices":[{"damage_healed":0.0,"max_hp_gain":0.0,"max_hp_loss":0.0,"gold_gain":0.0,"cards_transformed":["Strike_G"],"event_name":"Transmorgrifier","player_choice":"Transformed","floor":3.0,"gold_loss":0.0,"damage_taken":0.0,"cards_obtained":["Acrobatics"]},{"damage_healed":0.0,"max_hp_gain":0.0,"max_hp_loss":0.0,"gold_gain":0.0,"event_name":"Shining Light","player_choice":"Entered Light","floor":5.0,"gold_loss":0.0,"damage_taken":13.0,"cards_upgraded":["Strike_G","Acrobatics"]},{"damage_healed":0.0,"max_hp_gain":0.0,"max_hp_loss":0.0,"gold_gain":75.0,"event_name":"World of Goop","player_choice":"Gather Gold","floor":8.0,"gold_loss":0.0,"damage_taken":11.0},{"damage_healed":0.0,"max_hp_gain":0.0,"max_hp_loss":0.0,"gold_gain":0.0,"event_name":"Mushrooms","player_choice":"Fought Mushrooms","floor":12.0,"gold_loss":0.0,"damage_taken":0.0},{"damage_healed":0.0,"max_hp_gain":0.0,"max_hp_loss":0.0,"gold_gain":0.0,"event_name":"Scrap Ooze","player_choice":"Success","floor":14.0,"gold_loss":0.0,"damage_taken":12.0,"relics_obtained":["Ornamental Fan"]},{"damage_healed":0.0,"max_hp_gain":0.0,"max_hp_loss":0.0,"gold_gain":0.0,"event_name":"NoteForYourself","player_choice":"Ignored","floor":29.0,"gold_loss":0.0,"damage_taken":0.0},{"damage_healed":0,"gold_gain":0,"player_choice":"Ignored","damage_taken":0,"max_hp_gain":0,"max_hp_loss":0,"event_name":"Tomb of Lord Red Mask","floor":39,"gold_loss":0},{"damage_healed":0,"gold_gain":0,"player_choice":"Gave Potion","damage_taken":0,"relics_obtained":["Mercury Hourglass"],"max_hp_gain":0,"max_hp_loss":0,"event_name":"WeMeetAgain","floor":44,"gold_loss":0},{"cards_removed":["Underhanded Strike"],"damage_healed":0,"gold_gain":0,"player_choice":"Removed Attack","damage_taken":0,"max_hp_gain":0,"max_hp_loss":0,"event_name":"Falling","floor":48,"gold_loss":0}],"is_beta":false,"boss_relics":[{"not_picked":["Pandora\u0027s Box","Calling Bell"],"picked":"Philosopher\u0027s Stone"},{"not_picked":["WristBlade","Ring of the Serpent"],"picked":"Coffee Dripper"}],"items_purged_floors":[37],"is_endless":false,"potions_floor_spawned":[1,10,13,20,23,24,25,27,31,33,35,36,38,40,42,45,46,47],"killed_by":"Time Eater","ascension_level":1}}