{"host":"ne5hixkhdtkevwwo","time":1613494260,"event":{"mods":["BaseMod","Downfall","Minty Spire (QoL Compilation)","Relic Stats","StSLib"],"gold_per_floor":[99,115,127,142,156,175,199,199,224,124,159,168,168,168,191,191,191,191],"floor_reached":16,"language":"ENG","playtime":567,"items_purged":[],"score":192,"play_id":"6b6f4455-963b-41f5-8f2c-d3c35a9122ea","local_time":"20210216175100","is_ascension_mode":true,"campfire_choices":[{"data":"bronze:HardenedForm","floor":1,"key":"SMITH"},{"data":"bronze:DigitalCarnage","floor":8,"key":"SMITH"},{"data":"bronze:FineTuning","floor":10,"key":"SMITH"}],"circlet_count":0,"master_deck":["bronze:Strike","bronze:Strike+1","bronze:Strike","bronze:Strike","bronze:Defend","bronze:Defend","bronze:Defend","bronze:Defend","bronze:Replicate","bronze:Goto","bronze:HardenedForm+1","bronze:DigitalCarnage+1","bronze:CutThrough+1","bronze:FineTuning+1","bronze:Optimize","bronze:BronzeArmor","bronze:FineTuning","bronze:CloningBeam+1","downfall:Malfunctioning","bronze:Repair"],"relics":["bronze:BronzeCore","Regal Pillow","bronze:SilverBullet","downfall:HeartBlessingGreen","CeramicFish","White Beast Statue"],"acts_visited":["Exordium"],"potions_floor_usage":[6,9],"damage_taken":[{"damage":0,"enemies":"2 Louse","floor":2,"turns":3},{"damage":0,"enemies":"Small Slimes","floor":3,"turns":2},{"damage":7,"enemies":"Jaw Worm","floor":4,"turns":2},{"damage":0,"enemies":"2 Fungi Beasts","floor":5,"turns":2},{"damage":8,"enemies":"Blue Slaver","floor":6,"turns":3},{"damage":0,"enemies":"Lagavulin","floor":9,"turns":3},{"damage":26,"enemies":"Gremlin Nob","floor":11,"turns":5},{"damage":11,"enemies":"downfall:LooterAlt","floor":15,"turns":3},{"damage":12,"enemies":"SI_SHIV_ARCHETYPE","floor":16,"turns":7}],"seed_played":"912501429689893817","potions_obtained":[{"floor":3,"key":"hexamod:SoulburnPotion"},{"floor":4,"key":"Swift Potion"},{"floor":15,"key":"Energy Potion"}],"is_trial":false,"path_per_floor":["R","M","M","M","M","M","T","R","E","R","E","?","?","?","M","B"],"character_chosen":"THE_AUTOMATON","items_purchased":[],"campfire_rested":0,"item_purchase_floors":[],"current_hp_per_floor":[63,63,63,56,56,48,48,48,48,48,22,22,15,15,4,0,0,0],"gold":191,"neow_bonus":"ONE_RANDOM_RARE_CARD","is_daily":false,"chose_seed":false,"campfire_upgraded":3,"win_rate":0.0,"timestamp":1613494260,"path_taken":["R","M","M","M","M","M","T","R","E","R","E","?","?","?","M","BOSS"],"items_purchased_type":[],"build_version":"2020-12-22","purchased_purges":0,"victory":false,"max_hp_per_floor":[70,70,70,70,70,70,70,70,70,70,70,70,70,70,70,70,70,70],"relic_stats":{"Regal Pillow":0,"counters":[9,30],"CeramicFish":27,"obtain_stats":[{"Regal Pillow":7,"bronze:BronzeCore":0,"CeramicFish":11,"downfall:HeartBlessingGreen":10,"bronze:SilverBullet":9,"White Beast Statue":13},{"Regal Pillow":5,"bronze:BronzeCore":0,"CeramicFish":7,"downfall:HeartBlessingGreen":6,"bronze:SilverBullet":6,"White Beast Statue":7},{"Regal Pillow":12,"bronze:BronzeCore":0,"CeramicFish":20,"downfall:HeartBlessingGreen":15,"bronze:SilverBullet":15,"White Beast Statue":20}]},"card_choices":[{"not_picked":["bronze:Separator","bronze:Allocate"],"picked":"bronze:DigitalCarnage","floor":2},{"not_picked":["bronze:Turbo","bronze:BuggyMess"],"picked":"bronze:CutThrough","floor":3},{"not_picked":["bronze:BugBarrage","bronze:DelayedGuard"],"picked":"bronze:FineTuning","floor":4},{"not_picked":["bronze:Overheat","bronze:BugBarrage"],"picked":"bronze:Optimize","floor":5},{"not_picked":["bronze:OilSpill","bronze:BugBarrage"],"picked":"bronze:BronzeArmor","floor":6},{"not_picked":["bronze:Philosophize","bronze:Mutator"],"picked":"bronze:FineTuning","floor":9},{"not_picked":["bronze:FineTuning","bronze:WhirlingStrike"],"picked":"bronze:CloningBeam","floor":11},{"not_picked":["bronze:BuggyMess","bronze:BronzeArmor"],"picked":"bronze:Repair","floor":15}],"player_experience":1086073,"relics_obtained":[{"floor":7,"key":"Regal Pillow"},{"floor":9,"key":"bronze:SilverBullet"},{"floor":11,"key":"CeramicFish"}],"event_choices":[{"damage_healed":0,"gold_gain":0,"player_choice":"Success","damage_taken":7,"relics_obtained":["White Beast Statue"],"max_hp_gain":0,"max_hp_loss":0,"event_name":"Scrap Ooze","floor":13,"gold_loss":0}],"is_beta":false,"boss_relics":[],"items_purged_floors":[],"is_endless":false,"potions_floor_spawned":[3,4,15],"killed_by":"SI_SHIV_ARCHETYPE","ascension_level":8}}