{"host":"phniwng9zo19jwdb","time":1613503207,"event":{"mods":["AchievementEnabler","BaseMod","Colored Powertips","Dark Map","Faster Ascension Climbing","GifTheSpireLib","Minty Spire (QoL Compilation)","Permanent Neow","Rare Cards Sparkle","Relic Filter Mod","StSLib","Weighted Paths"],"gold_per_floor":[17,17,27,27,27,27,61,61,86,86,100,120,140,140,140],"floor_reached":14,"language":"ENG","playtime":376,"items_purged":[],"score":153,"play_id":"5b9d48cc-5c94-4767-83a8-588ab4bad9ce","local_time":"20210216202007","is_ascension_mode":true,"campfire_choices":[{"data":"Hologram","floor":6,"key":"SMITH"},{"floor":10,"key":"REST"}],"circlet_count":0,"master_deck":["AscendersBane","Strike_B","Strike_B","Strike_B","Defend_B","Defend_B","Defend_B","Defend_B","Zap","Gash","Hologram+1","Auto Shields","Coolheaded","Creative AI","Hologram"],"relics":["Cracked Core","Gambling Chip","The Courier","Golden Idol","Lantern"],"acts_visited":["Exordium"],"potions_floor_usage":[7],"damage_taken":[{"damage":8.0,"enemies":"Small Slimes","floor":1.0,"turns":3.0},{"damage":1,"enemies":"Cultist","floor":3,"turns":3},{"damage":18,"enemies":"Lagavulin","floor":7,"turns":8},{"damage":5,"enemies":"2 Louse","floor":11,"turns":3},{"damage":0,"enemies":"Red Slaver","floor":12,"turns":4},{"damage":13,"enemies":"Exordium Thugs","floor":13,"turns":7},{"damage":31,"enemies":"Gremlin Nob","floor":14,"turns":4}],"seed_played":"-1070164392511127253","potions_obtained":[{"floor":3,"key":"SkillPotion"},{"floor":11,"key":"Explosive Potion"}],"is_trial":false,"path_per_floor":["M","?","M","T","?","R","E","?","T","R","M","M","M","E"],"character_chosen":"DEFECT","items_purchased":[],"campfire_rested":1,"item_purchase_floors":[],"current_hp_per_floor":[56,56,55,55,38,38,20,20,20,41,36,36,23,0,0],"gold":140,"neow_bonus":"ONE_RARE_RELIC","is_daily":false,"chose_seed":false,"campfire_upgraded":1,"win_rate":0.0,"timestamp":1613503207,"path_taken":["M","?","?","?","?","R","E","?","T","R","M","?","M","E"],"items_purchased_type":[],"build_version":"2020-12-22","purchased_purges":0,"victory":false,"max_hp_per_floor":[71,71,71,71,71,71,71,71,71,71,71,71,71,71,71],"card_choices":[{"not_picked":["Sweeping Beam","Leap"],"picked":"Gash","floor":1.0},{"not_picked":["Redo","Sweeping Beam"],"picked":"Hologram","floor":3},{"not_picked":["Barrage","Compile Driver","Ball Lightning"],"picked":"SKIP","floor":7},{"not_picked":["Go for the Eyes","Heatsinks"],"picked":"Coolheaded","floor":11},{"not_picked":["Steam","Go for the Eyes"],"picked":"Creative AI","floor":12},{"not_picked":["Cold Snap","Leap"],"picked":"Hologram","floor":13}],"player_experience":150596,"relics_obtained":[{"floor":4,"key":"The Courier"},{"floor":7,"key":"Lantern"}],"event_choices":[{"cards_removed":["Dualcast"],"damage_healed":0,"gold_gain":0,"player_choice":"Offered Basic","damage_taken":0,"max_hp_gain":0,"max_hp_loss":0,"event_name":"Bonfire Elementals","floor":2,"gold_loss":0},{"damage_healed":0,"gold_gain":0,"player_choice":"Take Damage","damage_taken":17,"relics_obtained":["Golden Idol"],"max_hp_gain":0,"max_hp_loss":0,"event_name":"Golden Idol","floor":5,"gold_loss":0},{"damage_healed":0,"gold_gain":0,"cards_transformed":["Strike_B"],"player_choice":"Transformed","damage_taken":0,"max_hp_gain":0,"max_hp_loss":0,"event_name":"Transmorgrifier","floor":8,"gold_loss":0,"cards_obtained":["Auto Shields"]}],"is_beta":false,"boss_relics":[],"items_purged_floors":[],"is_endless":false,"potions_floor_spawned":[3,11],"killed_by":"Gremlin Nob","ascension_level":14}}