{"host":"1eshbq9n813iloto","time":1613513289,"event":{"mods":["Astrologer","BaseMod","Better Third Choice","Hermit","Hubris","Infinite Spire","Minty Spire (QoL Compilation)","StSLib","The Cursed","TheBandit"],"gold_per_floor":[115,133,143,153,7,7,7,22,22,22,18,33,33,44,44,140,140,152,16,13,13,27,27,27,38,38,38,50,13,112,112,112,209,259,275,21,41,53,65,65,94,71,98,98,98,111,161,178,178,275,275,267,267,267,267,247,247,247,247,247,93,101,101,102,82,82,138,138,123,147,147,147,147,147,246,263,263,263,263,260,260,222,222,266,266,238,88,79,87,63,63,63,2,2],"floor_reached":93,"language":"ENG","playtime":8838,"items_purged":["Strike_G","Strike_G","Strike_G","Defend_G","Dark Embrace+1"],"score":1510,"play_id":"578dcfb4-a9df-4cab-bae3-ef38f5cbb171","local_time":"20210216170809","is_ascension_mode":false,"campfire_choices":[{"data":"Infinite Blades","floor":6,"key":"SMITH"},{"floor":15,"key":"REST"},{"floor":23,"key":"REST"},{"floor":27,"key":"REST"},{"floor":32,"key":"REST"},{"floor":40,"key":"REST"},{"floor":44,"key":"REST"},{"floor":49,"key":"REST"},{"data":"Well Laid Plans","floor":58,"key":"SMITH"},{"data":"hubris:Sniper","floor":66,"key":"SMITH"},{"data":"Dark Embrace","floor":74,"key":"SMITH"},{"data":"Bullet Time","floor":78,"key":"SMITH"},{"data":"Tools of the Trade","floor":81,"key":"SMITH"},{"data":"Prepared","floor":83,"key":"SMITH"},{"data":"Envenom","floor":91,"key":"SMITH"}],"circlet_count":0,"master_deck":["Defend_G","Defend_G","Defend_G","Defend_G","Survivor","Neutralize","Acrobatics","hubris:Sniper+1","Infinite Blades+1","Acrobatics","Prepared+1","Finisher","Infinite Blades+1","Blade Dance","Infinite Blades+1","Adrenaline+1","Acrobatics","Blade Dance+1","Footwork","Dodge and Roll","PiercingWail+1","Backstab+1","Footwork+1","Well Laid Plans+1","infinitespire:Fortify","Finisher+1","Distraction+1","Bullet Time+1","hubris:Sniper+1","infinitespire:SealOfDarkness+","Calculated Gamble","Tools of the Trade+1","Outmaneuver+1","Envenom+1","infinitespire:FutureSight"],"relics":["Ring of the Serpent","Meat on the Bone","SlaversCollar","Bottled Tornado","infinitespire:WardingShard","Tiny House","MawBank","infinitespire:Lucky Rock","CaptainsWheel","Ginger","Toy Ornithopter","infinitespire:Cubic Diamond","Sundial","hubris:DeckOfHolding","Juzu Bracelet","WristBlade","Bronze Scales","Red Mask","Lantern","Blood Vial","HoveringKite","infinitespire:Lychee Nut","Question Card"],"acts_visited":["Exordium","TheCity","TheBeyond","Exordium","TheCity","TheBeyond"],"potions_floor_usage":[4,16,20,22,24,33,35,38,39,41,50,65,67,76,82,82,93],"damage_taken":[{"damage":1,"enemies":"Cultist","floor":1,"turns":4},{"damage":5,"enemies":"2 Louse","floor":2,"turns":5},{"damage":2,"enemies":"Jaw Worm","floor":3,"turns":5},{"damage":13,"enemies":"2 Fungi Beasts","floor":4,"turns":7},{"damage":3,"enemies":"Blue Slaver","floor":8,"turns":5},{"damage":11,"enemies":"Exordium Thugs","floor":11,"turns":5},{"damage":0,"enemies":"Large Slime","floor":12,"turns":7},{"damage":8,"enemies":"2 Fungi Beasts","floor":14,"turns":4},{"damage":31,"enemies":"The Guardian","floor":16,"turns":13},{"damage":29,"enemies":"Chosen","floor":18,"turns":10},{"damage":20,"enemies":"2 Thieves","floor":20,"turns":5},{"damage":17,"enemies":"Centurion and Healer","floor":22,"turns":6},{"damage":4,"enemies":"Sentry and Sphere","floor":24,"turns":3},{"damage":13,"enemies":"Snecko","floor":25,"turns":5},{"damage":33,"enemies":"3 Cultists","floor":28,"turns":7},{"damage":51,"enemies":"Champ","floor":33,"turns":8},{"damage":46,"enemies":"3 Darklings","floor":35,"turns":6},{"damage":9,"enemies":"3 Shapes","floor":37,"turns":8},{"damage":31,"enemies":"Transient","floor":38,"turns":5},{"damage":9,"enemies":"Sphere and 2 Shapes","floor":39,"turns":9},{"damage":12,"enemies":"Nightmare","floor":41,"turns":8},{"damage":5,"enemies":"3 Darklings","floor":46,"turns":8},{"damage":1,"enemies":"Mind Bloom Boss Battle","floor":47,"turns":5},{"damage":45,"enemies":"4 Shapes","floor":48,"turns":5},{"damage":31,"enemies":"Time Eater","floor":50,"turns":9},{"damage":9,"enemies":"2 Louse","floor":52,"turns":4},{"damage":0,"enemies":"Cultist","floor":56,"turns":4},{"damage":0,"enemies":"Gremlin Nob","floor":57,"turns":4},{"damage":0,"enemies":"Small Slimes","floor":62,"turns":3},{"damage":19,"enemies":"3 Louse","floor":64,"turns":3},{"damage":18,"enemies":"Exordium Thugs","floor":65,"turns":4},{"damage":0,"enemies":"The Guardian","floor":67,"turns":4},{"damage":20,"enemies":"Chosen","floor":69,"turns":4},{"damage":20,"enemies":"Masked Bandits","floor":76,"turns":2},{"damage":0,"enemies":"Spheric Guardian","floor":80,"turns":2},{"damage":37,"enemies":"Nightmare","floor":82,"turns":6},{"damage":40,"enemies":"hubris:MusketHawk","floor":84,"turns":5},{"damage":8,"enemies":"3 Shapes","floor":86,"turns":4},{"damage":24,"enemies":"Orb Walker","floor":88,"turns":4},{"damage":0,"enemies":"Mind Bloom Boss Battle","floor":89,"turns":4},{"damage":26,"enemies":"Jaw Worm Horde","floor":90,"turns":4},{"damage":61,"enemies":"Nightmare","floor":93,"turns":6}],"seed_played":"2528451968053444837","potions_obtained":[{"floor":1,"key":"Regen Potion"},{"floor":3,"key":"Weak Potion"},{"floor":11,"key":"Explosive Potion"},{"floor":18,"key":"Weak Potion"},{"floor":22,"key":"SmokeBomb"},{"floor":28,"key":"ColorlessPotion"},{"floor":34,"key":"DuplicationPotion"},{"floor":35,"key":"Poison Potion"},{"floor":37,"key":"Block Potion"},{"floor":38,"key":"Dexterity Potion"},{"floor":48,"key":"Weak Potion"},{"floor":50,"key":"SkillPotion"},{"floor":52,"key":"Swift Potion"},{"floor":62,"key":"DistilledChaos"},{"floor":65,"key":"BlessingOfTheForge"},{"floor":67,"key":"GamblersBrew"},{"floor":88,"key":"Explosive Potion"}],"is_trial":false,"path_per_floor":["M","M","M","M","$","R","?","M","T","$","M","M","?","M","R","B",null,"M","$","M","?","M","R","M","M","T","R","M","$","?","?","R","B",null,"M","$","M","M","M","R","NM","$","T","R","AVR","M","?","M","R","B",null,"M","AVR","?","?","M","E","R","?","T","$","M","?","M","M","R","B",null,"M","T","?","?","$","R","?","?","T","R","$","M","R","NM","R","B",null,"M","$","M","?","M","R","T","NM"],"character_chosen":"THE_SILENT","items_purchased":["Infinite Blades","Finisher","Infinite Blades","Footwork","Dodge and Roll","Well Laid Plans","Juzu Bracelet"],"campfire_rested":7,"item_purchase_floors":[5,19,29,36,36,42,61],"current_hp_per_floor":[69,64,62,61,61,61,61,58,58,58,47,47,47,39,60,41,70,41,41,33,33,28,49,45,44,44,65,44,44,44,44,65,26,75,41,41,44,25,28,50,38,38,38,60,60,55,54,21,43,24,75,66,66,36,36,48,48,48,53,53,53,53,53,46,45,45,50,80,60,60,60,45,45,45,45,42,42,42,42,54,54,39,39,13,85,77,77,55,57,39,39,39,0,0],"gold":2,"neow_bonus":"REMOVE_CARD","is_daily":false,"chose_seed":false,"campfire_upgraded":8,"win_rate":0.0,"timestamp":1613513289,"path_taken":["M","?","M","M","$","R","?","M","T","?","M","M","?","M","R","BOSS","M","$","M","?","M","R","M","M","T","R","M","?","?","?","R","BOSS","M","$","M","M","M","R","NM","$","T","R","AVR","M","?","M","R","BOSS","M","AVR","?","?","M","E","R","?","T","$","M","?","M","M","R","BOSS","M","?","?","?","$","R","?","?","T","R","$","M","R","NM","R","BOSS","M","$","M","?","M","R","?","NM"],"items_purchased_type":["Card","Card","Card","Card","Card","Card","Relic"],"build_version":"2020-12-13","purchased_purges":5,"victory":false,"max_hp_per_floor":[70,70,70,70,70,70,70,70,70,70,70,70,70,70,70,70,70,70,70,70,70,70,70,70,70,70,70,70,70,70,70,70,70,75,75,75,75,75,75,75,75,75,75,75,75,75,75,75,75,75,75,75,75,75,75,75,75,75,80,80,80,80,80,80,80,80,80,80,80,80,80,85,85,85,85,85,85,85,85,85,85,85,85,85,85,85,85,85,63,63,63,63,63,63],"card_choices":[{"not_picked":["Choke","Outmaneuver","Quick Slash"],"picked":"SKIP","floor":1},{"not_picked":["Deadly Poison","hubris:SlightOfHand","Poisoned Stab"],"picked":"SKIP","floor":2},{"not_picked":["Bane","PiercingWail"],"picked":"Acrobatics","floor":3},{"not_picked":["Deflect","Noxious Fumes"],"picked":"hubris:Sniper","floor":4},{"not_picked":["PiercingWail","Heel Hook","Backstab"],"picked":"SKIP","floor":8},{"not_picked":["Bouncing Flask","Deflect"],"picked":"Acrobatics","floor":11},{"not_picked":["Noxious Fumes","Dagger Spray","Predator"],"picked":"SKIP","floor":12},{"not_picked":["Deadly Poison","Backstab"],"picked":"Prepared","floor":14},{"not_picked":["Bane","Deflect+1","Flying Knee"],"picked":"SKIP","floor":18},{"not_picked":["Masterful Stab","Noxious Fumes"],"picked":"Infinite Blades+1","floor":20},{"not_picked":["hubris:SlightOfHand+1","Backflip"],"picked":"Blade Dance","floor":22},{"not_picked":["Dagger Spray","Prepared","Dodge and Roll"],"picked":"SKIP","floor":25},{"not_picked":["Dagger Throw","Acrobatics","Eviscerate"],"picked":"SKIP","floor":28},{"not_picked":["Glass Knife","Die Die Die"],"picked":"Adrenaline","floor":33},{"not_picked":["Expertise","PiercingWail+1"],"picked":"Acrobatics","floor":34},{"not_picked":["Quick Slash","Dagger Throw"],"picked":"Blade Dance+1","floor":35},{"not_picked":["Prepared+1","Slice","Predator"],"picked":"SKIP","floor":37},{"not_picked":["hubris:Counter+1","Flying Knee"],"picked":"PiercingWail+1","floor":38},{"not_picked":["Deflect","Crippling Poison+1"],"picked":"Backstab+1","floor":39},{"not_picked":["Outmaneuver+1","Infinite Blades+1"],"picked":"Footwork+1","floor":41},{"not_picked":["PiercingWail+1","All Out Attack+1"],"picked":"Finisher+1","floor":46},{"not_picked":["Dagger Spray","Bane"],"picked":"Distraction+1","floor":48},{"not_picked":["Venomology","Die Die Die"],"picked":"Bullet Time","floor":50},{"not_picked":["PiercingWail","Backflip"],"picked":"hubris:Sniper","floor":52},{"not_picked":["Dodge and Roll","Eviscerate"],"picked":"Calculated Gamble","floor":56},{"not_picked":["Reflex","PiercingWail","Poisoned Stab"],"picked":"SKIP","floor":57},{"not_picked":["Finisher","Acrobatics","Calculated Gamble"],"picked":"SKIP","floor":62},{"not_picked":["Finisher","Acrobatics","Calculated Gamble"],"picked":"SKIP","floor":62},{"not_picked":["Expertise","Tactician","Leg Sweep"],"picked":"SKIP","floor":64},{"not_picked":["Calculated Gamble","Reflex","hubris:SlightOfHand"],"picked":"SKIP","floor":65},{"not_picked":["Corpse Explosion","Venomology"],"picked":"Tools of the Trade","floor":67},{"not_picked":["Dagger Throw+1","Bane","Blade Dance"],"picked":"SKIP","floor":69},{"not_picked":["Dagger Throw+1","Bane","Blade Dance"],"picked":"SKIP","floor":69},{"not_picked":["Predator","Slice","Glass Knife"],"picked":"SKIP","floor":80},{"not_picked":["Deadly Poison","Predator+1"],"picked":"Outmaneuver+1","floor":82},{"not_picked":["Malaise","infinitespire:Neurotoxin"],"picked":"Envenom","floor":84},{"not_picked":["Blade Dance","Poisoned Stab+1","Dagger Throw+1"],"picked":"SKIP","floor":86},{"not_picked":["Dagger Spray","Deflect+1","Bouncing Flask+1"],"picked":"SKIP","floor":88},{"not_picked":["infinitespire:TheBestDefense","infinitespire:UltimateForm"],"picked":"infinitespire:FutureSight","floor":89},{"not_picked":["Poisoned Stab+1","Underhanded Strike+1","Eviscerate+1"],"picked":"SKIP","floor":90}],"player_experience":36124,"relics_obtained":[{"floor":9,"key":"Meat on the Bone"},{"floor":26,"key":"Bottled Tornado"},{"floor":41,"key":"MawBank"},{"floor":43,"key":"infinitespire:Lucky Rock"},{"floor":47,"key":"Ginger"},{"floor":57,"key":"Sundial"},{"floor":60,"key":"hubris:DeckOfHolding"},{"floor":70,"key":"Bronze Scales"},{"floor":76,"key":"Red Mask"},{"floor":77,"key":"Lantern"},{"floor":82,"key":"Blood Vial"},{"floor":89,"key":"infinitespire:Lychee Nut"},{"floor":92,"key":"Question Card"}],"event_choices":[{"damage_healed":0,"gold_gain":0,"player_choice":"0 cards matched","damage_taken":0,"max_hp_gain":0,"max_hp_loss":0,"event_name":"Match and Keep!","floor":7,"gold_loss":0,"cards_obtained":[]},{"damage_healed":0,"gold_gain":0,"player_choice":"Grow","damage_taken":0,"max_hp_gain":0,"max_hp_loss":0,"event_name":"Living Wall","floor":13,"gold_loss":0,"cards_upgraded":["hubris:Sniper"]},{"cards_removed":["Strike_G"],"damage_healed":0,"gold_gain":0,"player_choice":"Purged","damage_taken":0,"max_hp_gain":0,"max_hp_loss":0,"event_name":"Purifier","floor":21,"gold_loss":0},{"damage_healed":0,"gold_gain":99,"player_choice":"Steal","damage_taken":0,"max_hp_gain":0,"max_hp_loss":0,"event_name":"betterThird:BetterNest","floor":30,"gold_loss":0},{"damage_healed":0,"gold_gain":0,"player_choice":"Opened","damage_taken":0,"relics_obtained":["infinitespire:WardingShard"],"max_hp_gain":0,"max_hp_loss":0,"event_name":"The Mausoleum","floor":31,"gold_loss":0},{"damage_healed":0,"gold_gain":0,"player_choice":"Fight","damage_taken":0,"max_hp_gain":0,"max_hp_loss":0,"event_name":"MindBloom","floor":47,"gold_loss":0},{"damage_healed":0,"gold_gain":0,"player_choice":"Donut","damage_taken":0,"max_hp_gain":5,"max_hp_loss":0,"event_name":"Big Fish","floor":59,"gold_loss":0},{"damage_healed":0,"gold_gain":0,"player_choice":"0 cards matched","damage_taken":0,"max_hp_gain":0,"max_hp_loss":0,"event_name":"Match and Keep!","floor":63,"gold_loss":0,"cards_obtained":[]},{"damage_healed":0,"gold_gain":0,"player_choice":"Upgraded","damage_taken":0,"max_hp_gain":0,"max_hp_loss":0,"event_name":"Upgrade Shrine","floor":71,"gold_loss":0,"cards_upgraded":["Infinite Blades"]},{"damage_healed":0,"gold_gain":0,"player_choice":"Shed Blood","damage_taken":20,"max_hp_gain":5,"max_hp_loss":0,"event_name":"Forgotten Altar","floor":72,"gold_loss":0},{"damage_healed":0,"gold_gain":99,"player_choice":"Steal","damage_taken":0,"max_hp_gain":0,"max_hp_loss":0,"event_name":"betterThird:BetterNest","floor":75,"gold_loss":0},{"damage_healed":0,"gold_gain":0,"player_choice":"Fought Bandits","damage_taken":0,"max_hp_gain":0,"max_hp_loss":0,"event_name":"Masked Bandits","floor":76,"gold_loss":0},{"damage_healed":0,"gold_gain":0,"player_choice":"Fight","damage_taken":0,"max_hp_gain":0,"max_hp_loss":0,"event_name":"MindBloom","floor":89,"gold_loss":0}],"is_beta":false,"boss_relics":[{"not_picked":["hubris:CrackedHourglass","Fusion Hammer"],"picked":"SlaversCollar"},{"not_picked":["Runic Pyramid","hubris:ScarierMask"],"picked":"Tiny House"},{"not_picked":["hubris:TerracottaHorce","hubris:VirtuousBlindfold"],"picked":"Ring of the Serpent"},{"not_picked":["Philosopher\u0027s Stone","hubris:VirtuousBlindfold"],"picked":"WristBlade"},{"not_picked":["Runic Dome","Runic Pyramid"],"picked":"HoveringKite"}],"items_purged_floors":[5,19,36,45,87],"is_endless":true,"potions_floor_spawned":[1,3,11,18,22,28,35,37,38,48,50,52,62,64,65,67,88],"killed_by":"Nightmare","ascension_level":0}}