{"host":"lxu17chzujqn8whl","time":1613498736,"event":{"mods":["BaseMod","Minty Spire (QoL Compilation)","Relic Stats","StSLib"],"gold_per_floor":[118,118,130,305,305,337,337,352,379,52,69,69,98,110,110,214,214,214],"floor_reached":17,"language":"ENG","playtime":454,"items_purged":["Regret"],"score":165,"play_id":"c051b08a-3066-4e25-bf09-398ead8f216f","local_time":"20210216100536","is_ascension_mode":false,"campfire_choices":[{"data":"Fire Breathing","floor":12,"key":"SMITH"},{"floor":15,"key":"REST"}],"circlet_count":0,"master_deck":["Strike_R","Strike_R","Strike_R","Strike_R","Defend_R+1","Defend_R","Defend_R+1","Defend_R","Bash","Inflame+1","Fire Breathing+1","Heavy Blade","Cleave","Shrug It Off","Offering"],"relics":["Burning Blood","Oddly Smooth Stone","Eternal Feather","Orichalcum","White Beast Statue","Question Card","Empty Cage"],"acts_visited":["Exordium","TheCity"],"potions_floor_usage":[6,11,16],"damage_taken":[{"damage":2,"enemies":"Small Slimes","floor":1,"turns":4},{"damage":4,"enemies":"Jaw Worm","floor":3,"turns":5},{"damage":34,"enemies":"Gremlin Nob","floor":6,"turns":5},{"damage":0,"enemies":"2 Louse","floor":8,"turns":3},{"damage":11,"enemies":"Large Slime","floor":11,"turns":6},{"damage":27,"enemies":"Lagavulin","floor":13,"turns":8},{"damage":15,"enemies":"Exordium Thugs","floor":14,"turns":6},{"damage":45,"enemies":"Hexaghost","floor":16,"turns":11}],"seed_played":"305269229237092180","potions_obtained":[{"floor":1,"key":"LiquidMemories"},{"floor":11,"key":"Fruit Juice"},{"floor":13,"key":"Ancient Potion"},{"floor":14,"key":"Weak Potion"},{"floor":16,"key":"Strength Potion"}],"is_trial":false,"path_per_floor":["M","?","M","?","?","E","?","M","T","$","M","R","E","M","R","B",null],"character_chosen":"IRONCLAD","items_purchased":["White Beast Statue"],"campfire_rested":1,"item_purchase_floors":[10],"current_hp_per_floor":[88,70,72,72,72,44,44,50,50,50,50,59,38,29,65,26,93,93],"gold":214,"neow_bonus":"TEN_PERCENT_HP_BONUS","is_daily":false,"chose_seed":false,"campfire_upgraded":1,"win_rate":0.0,"timestamp":1613498736,"path_taken":["M","?","M","?","?","E","?","?","T","$","M","R","E","M","R","BOSS"],"items_purchased_type":["Relic"],"build_version":"2020-12-22","purchased_purges":1,"victory":false,"max_hp_per_floor":[88,88,88,88,88,88,88,88,88,88,93,93,93,93,93,93,93,93],"relic_stats":{"counters":[8,48],"Eternal Feather":18,"Orichalcum":[66],"Question Card":2,"obtain_stats":[{"Oddly Smooth Stone":5,"Eternal Feather":6,"Orichalcum":9,"Question Card":13,"Empty Cage":17,"Burning Blood":0,"White Beast Statue":10},{"Oddly Smooth Stone":2,"Eternal Feather":3,"Orichalcum":4,"Question Card":6,"Empty Cage":8,"Burning Blood":0,"White Beast Statue":4},{"Oddly Smooth Stone":9,"Eternal Feather":14,"Orichalcum":17,"Question Card":31,"Empty Cage":48,"Burning Blood":0,"White Beast Statue":17}],"Burning Blood":44},"card_choices":[{"not_picked":["Power Through","Rampage"],"picked":"Inflame","floor":1},{"not_picked":["Body Slam","Warcry","Blood for Blood"],"picked":"SKIP","floor":3},{"not_picked":["Clothesline","Havoc"],"picked":"Fire Breathing","floor":6},{"not_picked":["Infernal Blade","Armaments"],"picked":"Heavy Blade","floor":8},{"not_picked":["Impervious","Metallicize"],"picked":"Cleave","floor":11},{"not_picked":["Perfected Strike","Battle Trance","Sentinel"],"picked":"SKIP","floor":13},{"not_picked":["Second Wind","Anger","Clash"],"picked":"Shrug It Off","floor":14},{"not_picked":["Corruption","Double Tap","Feed"],"picked":"Offering","floor":16}],"player_experience":693860,"relics_obtained":[{"floor":6,"key":"Eternal Feather"},{"floor":9,"key":"Orichalcum"},{"floor":13,"key":"Question Card"}],"event_choices":[{"damage_healed":0,"gold_gain":0,"player_choice":"Entered Light","damage_taken":18,"max_hp_gain":0,"max_hp_loss":0,"event_name":"Shining Light","floor":2,"gold_loss":0,"cards_upgraded":["Defend_R","Defend_R"]},{"damage_healed":0,"gold_gain":175,"player_choice":"AGREE","damage_taken":0,"max_hp_gain":0,"max_hp_loss":0,"event_name":"Liars Game","floor":4,"gold_loss":0,"cards_obtained":["Doubt"]},{"damage_healed":0,"gold_gain":0,"player_choice":"Box","damage_taken":0,"relics_obtained":["Oddly Smooth Stone"],"max_hp_gain":0,"max_hp_loss":0,"event_name":"Big Fish","floor":5,"gold_loss":0,"cards_obtained":["Regret"]},{"damage_healed":0,"gold_gain":0,"player_choice":"Forge","damage_taken":0,"max_hp_gain":0,"max_hp_loss":0,"event_name":"Accursed Blacksmith","floor":7,"gold_loss":0,"cards_upgraded":["Inflame"]}],"is_beta":false,"boss_relics":[{"not_picked":["Fusion Hammer","Runic Cube"],"picked":"Empty Cage"}],"items_purged_floors":[10],"is_endless":false,"potions_floor_spawned":[1,11,13,14,16],"ascension_level":0}}