{"host":"2d926qfvvz477zl6","time":1613514955,"event":{"mods":["Aspiration","BaseMod","Challenge The Spire","Conspire","Downfall","GifTheSpireLib","GungeonMod","Halation","Hermit","Hubris","Infinite Spire","Minty Spire (QoL Compilation)","Morshu Shopkeeper","Permanent Neow","Quick Restart","Rare Cards Sparkle","Reliquary","Replay The Spire","Shedinja","Somnambulant","Spicy Shops","StSLib","Stuff the Spire","Td1madao Mod","The Blue Laboratory","The Bug Knight","The Construct","The Cursed","The Disciple","The Forsaken","The Hierophant","The Senshi","TheFirefly","Wandering Minibosses","Wide Potions","everything is the same but u backflip on backflip","slay the spire mod where everything is the same but ironclad has a cowboy hat"],"gold_per_floor":[99,112,9,23,42,4,4,4,39,50,50,150,178,190,210,210,210,210],"floor_reached":16,"language":"ENG","playtime":854,"items_purged":[],"score":154,"play_id":"4203ad8f-d0fe-4556-899b-9e86ad7706c8","local_time":"20210216173555","is_ascension_mode":true,"campfire_choices":[{"floor":1,"key":"RECALL"}],"circlet_count":0,"master_deck":["Slimebound:Strike_Slimebound","Slimebound:Strike_Slimebound","Slimebound:Strike_Slimebound","Slimebound:Tackle","Slimebound:Defend_Slimebound","Slimebound:Defend_Slimebound","Slimebound:Defend_Slimebound","Slimebound:Defend_Slimebound","Slimebound:Split","Slimebound:CorrosiveSpit","Slimebound:SplitLeeching","Slimebound:TagTeam","Slimebound:SplitAcid","Slimebound:SlimeBarrage","Slimebound:LeechingTouch","Slimebound:ItLooksTasty","Slimebound:TagTeam","Slimebound:SlimeBarrage","downfall:Malfunctioning","Slimebound:SamplingLick","Slimebound:SplitAcid","Slimebound:MegaLick","Slimebound:LeechEnergy","Slimebound:ComboTackle","Slimebound:MinionMaster"],"relics":["Slimebound:AbsorbEndCombat","Unceasing Top","infinitespire:PuzzleCube","downfall:CloakOfManyFaces","CultistMask","FaceOfCleric","NlothsMask","GremlinMask","SsserpentHead","StuffTheSpire:SapphireSignet"],"acts_visited":["Exordium"],"potions_floor_usage":[3,6,12,12,14],"damage_taken":[{"damage":6,"enemies":"2 Louse","floor":2,"turns":3},{"damage":4,"enemies":"downfall:FleeingMerchant","floor":3,"turns":4},{"damage":3,"enemies":"Cultist","floor":4,"turns":3},{"damage":15,"enemies":"Small Slimes","floor":5,"turns":2},{"damage":5,"enemies":"downfall:FleeingMerchant","floor":6,"turns":4},{"damage":32,"enemies":"Gremlin Nob","floor":9,"turns":5},{"damage":15,"enemies":"Exordium Thugs","floor":10,"turns":5},{"damage":13,"enemies":"downfall:FaceTrader","floor":12,"turns":8},{"damage":6,"enemies":"HollowMod:MossKnight","floor":13,"turns":8},{"damage":0,"enemies":"Large Slime","floor":14,"turns":3},{"damage":4,"enemies":"downfall:LooterAlt","floor":15,"turns":3},{"damage":41,"enemies":"DF_ARCHETYPE_STREAMLINE","floor":16,"turns":5}],"seed_played":"5339758038803295587","potions_obtained":[{"floor":2,"key":"Swift Potion"},{"floor":5,"key":"Energy Potion"},{"floor":9,"key":"Slimebound:SlimedPotion"},{"floor":10,"key":"blueLaboratory:SavagePotion"},{"floor":13,"key":"ColorlessPotion"},{"floor":15,"key":"blueLaboratory:PhilterOfMotion"}],"is_trial":false,"path_per_floor":["R","M","$","M","M","$","T","?","E","M","?","?","E","M","M","B"],"character_chosen":"SLIMEBOUND","items_purchased":["Unceasing Top","Slimebound:ItLooksTasty"],"campfire_rested":0,"item_purchase_floors":[3,6],"current_hp_per_floor":[59,57,59,60,45,46,46,46,14,3,18,13,16,27,30,0,0,0],"gold":210,"neow_bonus":"TWENTY_PERCENT_HP_BONUS","is_daily":false,"chose_seed":false,"campfire_upgraded":0,"win_rate":0.0,"timestamp":1613514955,"path_taken":["R","M","$","M","M","$","T","?","E","?","?","?","E","M","M","BOSS"],"items_purchased_type":["Relic","Card"],"build_version":"2020-12-22","purchased_purges":0,"victory":false,"max_hp_per_floor":[77,77,77,77,77,77,77,77,77,77,77,77,78,79,80,80,80,80],"card_choices":[{"not_picked":["Slimebound:SlimeSpikes","Slimebound:LeechingTouch"],"picked":"Slimebound:SplitLeeching","floor":2},{"not_picked":["Slimebound:DuplicatedForm","Slimebound:FinishingTackle"],"picked":"Slimebound:TagTeam","floor":3},{"not_picked":["Slimebound:LeadByExample","Slimebound:RollThrough"],"picked":"Slimebound:SplitAcid","floor":4},{"not_picked":["Slimebound:RallyTheTroops","Slimebound:LivingWall"],"picked":"Slimebound:SlimeBarrage","floor":5},{"not_picked":["Slimebound:ViciousTackle","Slimebound:DuplicatedForm"],"picked":"Slimebound:LeechingTouch","floor":6},{"not_picked":["Slimebound:FlameTackle","Slimebound:GoopTackle"],"picked":"Slimebound:SamplingLick","floor":9},{"not_picked":["Slimebound:LeechingTouch","Slimebound:SplitLeeching"],"picked":"Slimebound:SplitAcid","floor":10},{"not_picked":["Slimebound:ForwardTackle","Slimebound:ItLooksTasty"],"picked":"Slimebound:MegaLick","floor":12},{"not_picked":["Slimebound:Prepare","Slimebound:SplitAcid"],"picked":"Slimebound:LeechEnergy","floor":13},{"not_picked":["Slimebound:HauntingLick","Slimebound:ItLooksTasty"],"picked":"Slimebound:ComboTackle","floor":14},{"not_picked":["Slimebound:SplitAcid","Slimebound:SamplingLick"],"picked":"Slimebound:MinionMaster","floor":15}],"player_experience":461490,"relics_obtained":[{"floor":9,"key":"infinitespire:PuzzleCube"},{"floor":12,"key":"downfall:CloakOfManyFaces"},{"floor":13,"key":"StuffTheSpire:SapphireSignet"}],"event_choices":[],"is_beta":false,"boss_relics":[],"items_purged_floors":[],"is_endless":false,"potions_floor_spawned":[2,5,9,10,13,15],"killed_by":"DF_ARCHETYPE_STREAMLINE","ascension_level":3}}