{"host":"z8galgznf6llawpn","time":1613438728,"event":{"mods":["AchievementEnabler","Act Like it!","Aspiration","BaseMod","Colored Map","Conspire","Energized Spire","Friendly Minions","Menagerie","Minty Spire (QoL Compilation)","Permanent Neow","Relic Sorter","Replay The Spire","StSLib","The Blue Laboratory","The Servant 0.9.4","Unceasing Turn Reminder"],"gold_per_floor":[117,135,153,153,170,197,197,227,227,227,257,273,290,290,290,394,394,406,406,417,514,514,540,540,555,579,579],"floor_reached":26,"language":"ENG","playtime":1252,"items_purged":[],"score":259,"play_id":"aaceb114-3a35-42fd-8fc7-d36cdd6bc072","local_time":"20210215202528","is_ascension_mode":true,"campfire_choices":[{"floor":7,"key":"REST"},{"data":"Gouge","floor":15,"key":"SMITH"},{"data":"TimeWarp","floor":24,"key":"SMITH"}],"circlet_count":0,"master_deck":["Strike_S","Strike_S","Strike_S","Defend_S","Defend_S","KidneyShot","Exchange","Gouge+1","Ricochet","Revamp","Menagerie:LoxodonWarhammer","BestPractice+1","TheWorld+1","InstantArmor","Misdirection","Sunlight+1","Rearm+1","Misdirection+1","Manipulate+1","Menagerie:BloodySpellbook","BottledTime","BottledTime","SurpressingFire+1","TimeWarp+1"],"relics":["Uniform","Replay:Baseball","Frozen Egg 2","Replay:Bottled Flurry","conspire:DecoderRing","Eternal Feather","Astrolabe","Regal Pillow","Iron Hammer","ReplayFunnel"],"acts_visited":["Menagerie:Menagerie","TheCity"],"potions_floor_usage":[6],"damage_taken":[{"damage":5,"enemies":"Menagerie:MonstrousExperiment","floor":1,"turns":6},{"damage":1,"enemies":"Menagerie:2_RABBITS","floor":2,"turns":4},{"damage":2,"enemies":"Menagerie:WhisperingWraith","floor":3,"turns":4},{"damage":4,"enemies":"Menagerie:DREAD_MOTH_AND_GRAFTED_WORMS","floor":5,"turns":2},{"damage":25,"enemies":"Menagerie:VoidReaper","floor":6,"turns":7},{"damage":27,"enemies":"Menagerie:MaskedSummoner","floor":8,"turns":8},{"damage":14,"enemies":"Menagerie:Hydra","floor":11,"turns":5},{"damage":6,"enemies":"Menagerie:STYGIAN_BOAR_AND_WHISPERING_WRAITH","floor":12,"turns":4},{"damage":0,"enemies":"Menagerie:MENAGERIE_WILDLIFE","floor":13,"turns":2},{"damage":13,"enemies":"Menagerie:AVATARS","floor":16,"turns":8},{"damage":0,"enemies":"Shell Parasite","floor":18,"turns":4},{"damage":4,"enemies":"Chosen","floor":20,"turns":4},{"damage":18,"enemies":"Replay:Snechameleon","floor":23,"turns":6},{"damage":0,"enemies":"3 Cultists","floor":25,"turns":3}],"seed_played":"-3872996254620923255","potions_obtained":[{"floor":1,"key":"LifebloodPotion"},{"floor":3,"key":"blueLaboratory:EnragingPotion"},{"floor":5,"key":"ColorlessPotion"},{"floor":8,"key":"PowerPotion"}],"is_trial":false,"path_per_floor":["M","M","M","?","M","E","R","E","T","?","E","M","M","?","R","B",null,"M","?","M","?","?","E","R","M","T"],"character_chosen":"THE_SERVANT","items_purchased":[],"campfire_rested":1,"item_purchase_floors":[],"current_hp_per_floor":[60,59,57,57,53,35,54,31,31,31,21,19,23,23,32,23,65,65,65,65,39,39,25,37,44,44,44],"gold":579,"neow_bonus":"RANDOM_COMMON_RELIC","is_daily":false,"chose_seed":false,"campfire_upgraded":2,"win_rate":0.0,"timestamp":1613438728,"path_taken":["M","M","M","?","M","E","R","E","T","?","E","M","M","?","R","BOSS","M","?","M","?","?","E","R","M","T"],"items_purchased_type":[],"build_version":"2020-12-22","purchased_purges":0,"victory":false,"max_hp_per_floor":[65,65,65,65,65,65,65,65,65,65,65,65,65,65,65,65,65,65,65,65,65,65,65,65,65,65,65],"card_choices":[{"not_picked":["InstantArmor","Misdirection"],"picked":"Gouge","floor":1},{"not_picked":["Sabotage","Manipulate"],"picked":"Ricochet","floor":2},{"not_picked":["ShatteredReality","Collapse"],"picked":"Revamp","floor":3},{"not_picked":["Menagerie:LightningBolt","Menagerie:Languish"],"picked":"Menagerie:LoxodonWarhammer","floor":4},{"not_picked":["Starlight","DualDimension","Advance"],"picked":"SKIP","floor":5},{"not_picked":["Luminosity+1","ShatteredReality"],"picked":"BestPractice+1","floor":6},{"not_picked":["GearUp","TimeWarp"],"picked":"TheWorld","floor":8},{"not_picked":["Rewind","Read"],"picked":"InstantArmor","floor":11},{"not_picked":["Deadline","Starlight"],"picked":"Misdirection","floor":12},{"not_picked":["TimeWarp","Manipulate","FastForward"],"picked":"SKIP","floor":13},{"not_picked":["SoulSculpture","Duplication"],"picked":"Sunlight","floor":16},{"not_picked":["FastForward","Ricochet","DoubleEdge"],"picked":"SKIP","floor":18},{"not_picked":["Snipe","Potential+1"],"picked":"BottledTime","floor":20},{"not_picked":["Unruled","DoubleEdge"],"picked":"BottledTime","floor":21},{"not_picked":["Starlight","Deny"],"picked":"SurpressingFire+1","floor":21},{"not_picked":["ReturningBlade","Unruled+1"],"picked":"TimeWarp","floor":21},{"not_picked":["Misdirection","Snipe","Revamp"],"picked":"SKIP","floor":23},{"not_picked":["Comet+1","Moondial","RealityMarble+1"],"picked":"SKIP","floor":25}],"player_experience":426561,"relics_obtained":[{"floor":6,"key":"Frozen Egg 2"},{"floor":8,"key":"Replay:Bottled Flurry"},{"floor":9,"key":"conspire:DecoderRing"},{"floor":11,"key":"Eternal Feather"},{"floor":23,"key":"Iron Hammer"},{"floor":26,"key":"ReplayFunnel"}],"event_choices":[{"damage_healed":0,"gold_gain":0,"player_choice":"Peek","damage_taken":0,"max_hp_gain":0,"max_hp_loss":0,"event_name":"Menagerie:OvergrownLibrary","floor":4,"gold_loss":0},{"damage_healed":0,"gold_gain":0,"player_choice":"Forge","damage_taken":0,"max_hp_gain":0,"max_hp_loss":0,"event_name":"Accursed Blacksmith","floor":10,"gold_loss":0,"cards_upgraded":["TheWorld"]},{"damage_healed":0,"gold_gain":0,"player_choice":"Leave","damage_taken":0,"max_hp_gain":0,"max_hp_loss":0,"event_name":"conspire:Investor","floor":14,"gold_loss":0},{"damage_healed":0,"gold_gain":0,"player_choice":"Upgraded","damage_taken":0,"max_hp_gain":0,"max_hp_loss":0,"event_name":"Upgrade Shrine","floor":22,"gold_loss":0,"cards_upgraded":["Sunlight"]}],"is_beta":false,"boss_relics":[{"not_picked":["Replay:Drink Me","Runic Pyramid"],"picked":"Astrolabe"}],"items_purged_floors":[],"is_endless":false,"potions_floor_spawned":[1,3,5,8,11,20,25],"ascension_level":1}}