{"host":"w1l5t0a1l2lkq6my","time":1613458249,"event":{"mods":["Bartender","BaseMod","Magitek Elite","Minty Spire (QoL Compilation)","StSLib"],"gold_per_floor":[109,109,120,53,71,100,100,116,116,116,136,136,136,155,155,155,155],"floor_reached":16,"language":"ENG","playtime":586,"items_purged":[],"score":102,"play_id":"53006313-3c58-4f30-aad2-41f0ebbfcbe0","local_time":"20210215235049","is_ascension_mode":false,"campfire_choices":[{"floor":7,"key":"REST"},{"data":"Esuna","floor":12,"key":"SMITH"},{"floor":15,"key":"REST"}],"circlet_count":0,"master_deck":["Strike_L","Strike_L","Strike_L","Strike_L","Defend_L","Defend_L","Defend_L","Defend_L+1","Defend_L","Fire2","Cure","Quake","Pain","Rasp+1","Icebrand","Slow","Man_Eater","Esuna+","Water"],"relics":["Pendant","NeowsBlessing","WarpedTongs","Nunchaku","Guard_Bracelet","Golden Idol"],"acts_visited":["Exordium"],"potions_floor_usage":[16,16,16],"damage_taken":[{"damage":0,"enemies":"2 Louse","floor":1,"turns":1},{"damage":1,"enemies":"Cultist","floor":3,"turns":1},{"damage":0,"enemies":"Jaw Worm","floor":5,"turns":1},{"damage":49,"enemies":"Gremlin Nob","floor":6,"turns":7},{"damage":10,"enemies":"3 Louse","floor":8,"turns":3},{"damage":6,"enemies":"Large Slime","floor":11,"turns":5},{"damage":18,"enemies":"Exordium Thugs","floor":14,"turns":6},{"damage":45,"enemies":"The Guardian","floor":16,"turns":8}],"seed_played":"-6198086761619209918","potions_obtained":[{"floor":6,"key":"Explosive Potion"},{"floor":8,"key":"Dexterity Potion"},{"floor":11,"key":"AttackPotion"}],"is_trial":false,"path_per_floor":["M","?","M","$","M","E","R","M","T","?","M","R","?","M","R","B"],"character_chosen":"MAGITEKELITE","items_purchased":["Rasp"],"campfire_rested":2,"item_purchase_floors":[4],"current_hp_per_floor":[63,63,62,62,62,22,40,30,30,17,20,20,20,11,28,0,0],"gold":155,"neow_bonus":"THREE_ENEMY_KILL","is_daily":false,"chose_seed":false,"campfire_upgraded":1,"win_rate":0.0,"timestamp":1613458249,"path_taken":["M","?","M","?","M","E","R","?","T","?","M","R","?","M","R","BOSS"],"items_purchased_type":["Card"],"build_version":"2020-12-22","purchased_purges":0,"victory":false,"max_hp_per_floor":[63,63,63,63,63,63,63,63,63,63,63,63,58,58,58,58,58],"card_choices":[{"not_picked":["Mythril_Knife","Heavy_Shield"],"picked":"Quake","floor":1},{"not_picked":["Transfusion","Force_Armor","Wall"],"picked":"SKIP","floor":3},{"not_picked":["Cursed_Shield","Heavy_Shield"],"picked":"Icebrand","floor":5},{"not_picked":["Magnus_Hat","Gaia_Gear"],"picked":"Slow","floor":6},{"not_picked":["Flare","Gaia_Gear"],"picked":"Man_Eater","floor":8},{"not_picked":["Quake","Flametongue"],"picked":"Esuna","floor":11},{"not_picked":["Flametongue","Transpose2"],"picked":"Water","floor":14}],"player_experience":100778,"relics_obtained":[{"floor":6,"key":"Nunchaku"},{"floor":9,"key":"Guard_Bracelet"}],"event_choices":[{"damage_healed":0,"gold_gain":0,"player_choice":"Rummage","damage_taken":0,"relics_obtained":["WarpedTongs"],"max_hp_gain":0,"max_hp_loss":0,"event_name":"Accursed Blacksmith","floor":2,"gold_loss":0,"cards_obtained":["Pain"]},{"damage_healed":0,"gold_gain":0,"player_choice":"Entered Light","damage_taken":13,"max_hp_gain":0,"max_hp_loss":0,"event_name":"Shining Light","floor":10,"gold_loss":0,"cards_upgraded":["Defend_L","Rasp"]},{"damage_healed":0,"gold_gain":0,"player_choice":"Lose Max HP","damage_taken":0,"relics_obtained":["Golden Idol"],"max_hp_gain":0,"max_hp_loss":5,"event_name":"Golden Idol","floor":13,"gold_loss":0}],"is_beta":false,"boss_relics":[],"items_purged_floors":[],"is_endless":false,"potions_floor_spawned":[6,8,11],"killed_by":"The Guardian","ascension_level":0}}