{"host":"wghdsg8ym2wc7ov9","time":1613469491,"event":{"mods":["A Penny For Your Troubles","AchievementEnabler","Astrologer","BaseMod","Beaked The Cultist","Better Altar","Better Note","Bossed Relics","ChefMod","Colored Map","Evolution","Fox Events","Hermit","Highlight Path","Jorbs\u0027s Wanderer Trilogy","KinomotoSakuraMod(????)","Minty Spire (QoL Compilation)","Random Character Button","Relic Stats","SIMod","Shapeshifter Mod","Shop Mod","StSLib","The Blackbeard","The Bladedancer","The Construct","The Cursed","The Death Knight","The Gatherer","The Hierophant","The Marked","The Mystic","The Necromancer","The Runesmith","The Senshi","The Servant 0.9.4","Weighted Paths"],"gold_per_floor":[115,115,132,144,144,170,182,207,281,294,294,0,10,41,41,158,158,158,158,177,36,72,101,101,136,161,176,176,206,227,240,240,342,342,357,371,384,384,3,3,38,48,71,96,111,159,188,288,288,291,291,291,22,47,47],"floor_reached":56,"language":"ENG","playtime":12092,"items_purged":[],"score":1419,"play_id":"6c07f052-70c0-4750-af5c-a7d5f57f7d6e","local_time":"20210216015811","is_ascension_mode":false,"campfire_choices":[{"floor":11.0,"key":"REST"},{"data":"StSShapeShifter:StormGryphonForm","floor":15.0,"key":"SMITH"},{"data":"StSShapeShifter:Sap_Burst","floor":24.0,"key":"SMITH"},{"data":"StSShapeShifter:SpiritOfTheEarth","floor":28.0,"key":"SMITH"},{"data":"StSShapeShifter:Garden","floor":32.0,"key":"SMITH"},{"data":"StSShapeShifter:DragonForm","floor":40.0,"key":"SMITH"},{"floor":49.0,"key":"RECALL"},{"data":"StSShapeShifter:IntimidatingAura","floor":52,"key":"SMITH"}],"circlet_count":0,"master_deck":["StSShapeShifter:ShapeShifter_Strike","StSShapeShifter:ShapeShifter_Strike","StSShapeShifter:ShapeShifter_Strike","StSShapeShifter:ShapeShifter_Strike","StSShapeShifter:ShapeShifter_Defend","StSShapeShifter:ShapeShifter_Defend","StSShapeShifter:ShapeShifter_Defend","StSShapeShifter:ShapeShifter_Defend","StSShapeShifter:ShapeShifter_Defend","StSShapeShifter:FlamingoForm","StSShapeShifter:Guard","StSShapeShifter:EntForm","StSShapeShifter:VileMushroom+1","StSShapeShifter:StormGryphonForm+1","StSShapeShifter:BarkSkin+1","StSShapeShifter:PoisonIvy","StSShapeShifter:Wildfire2","StSShapeShifter:Maul","StSShapeShifter:FoxForm","StSShapeShifter:SpiritOfTheEarth+1","StSShapeShifter:BurstOfLifeEscapeDeath","StSShapeShifter:OpportuneSwoop","StSShapeShifter:GoldenBerries","StSShapeShifter:Sap_Burst+1","StSShapeShifter:RhinoCalfForm+1","StSShapeShifter:BurstingSpore","StSShapeShifter:Ensconce","StSShapeShifter:BaskInBloom","StSShapeShifter:MultiSpiritedStrike","StSShapeShifter:FesteringBite","StSShapeShifter:BurstingSpore","StSShapeShifter:AdaptiveStrikes","StSShapeShifter:FesteringBite","StSShapeShifter:Garden+1","StSShapeShifter:DragonForm+1","StSShapeShifter:BladeOfGrass+1","StSShapeShifter:ReplenishingNectar+1","StSShapeShifter:Garden+1","StSShapeShifter:Synchronicity","StSShapeShifter:BurstingSpore","StSShapeShifter:FallingLeaves+1","StSShapeShifter:VileMushroom+1","StSShapeShifter:IntimidatingAura+1","StSShapeShifter:VineHandcuffs","StSShapeShifter:Roar+1","StSShapeShifter:EmbraceTheCycle","Magnetism","StSShapeShifter:BloomingSlash"],"relics":["StSShapeShifter:AnimalHeart","StSShapeShifter:TheShapeShiftersMagnolia","EVO:Axolotl","StSShapeShifter:MysticalFossil","Thread and Needle","HornCleat","Runesmith:AutoHammer","Philosopher\u0027s Stone","War Paint","Mango","Juzu Bracelet","Tiny Chest","SlaversCollar","Strange Spoon","Bronze Scales","Pocketwatch","Akabeko","Peace Pipe","MealTicket","construct:RocketBooster"],"acts_visited":["Exordium","TheCity","TheBeyond","TheEnding"],"potions_floor_usage":[50,50,54,55],"damage_taken":[{"damage":6.0,"enemies":"Jaw Worm","floor":1.0,"turns":3.0},{"damage":8.0,"enemies":"2 Louse","floor":3.0,"turns":3.0},{"damage":30.0,"enemies":"Cultist","floor":4.0,"turns":12.0},{"damage":9.0,"enemies":"Lagavulin","floor":6.0,"turns":5.0},{"damage":0.0,"enemies":"Gremlin Gang","floor":7.0,"turns":3.0},{"damage":14.0,"enemies":"3 Sentries","floor":8.0,"turns":12.0},{"damage":0.0,"enemies":"3 Louse","floor":10.0,"turns":3.0},{"damage":8.0,"enemies":"Blue Slaver","floor":13.0,"turns":2.0},{"damage":3.0,"enemies":"Gremlin Nob","floor":14.0,"turns":3.0},{"damage":0.0,"enemies":"The Guardian","floor":16.0,"turns":9.0},{"damage":0.0,"enemies":"3 Byrds","floor":18.0,"turns":3.0},{"damage":4.0,"enemies":"Chosen","floor":20.0,"turns":4.0},{"damage":13.0,"enemies":"3 Cultists","floor":22.0,"turns":6.0},{"damage":31.0,"enemies":"Book of Stabbing","floor":23.0,"turns":7.0},{"damage":12.0,"enemies":"Gremlin Leader","floor":25.0,"turns":9.0},{"damage":10.0,"enemies":"Shelled Parasite and Fungi","floor":27.0,"turns":5.0},{"damage":7.0,"enemies":"Slavers","floor":29.0,"turns":3.0},{"damage":4.0,"enemies":"Chosen and Byrds","floor":30.0,"turns":6.0},{"damage":2.0,"enemies":"Snecko","floor":31.0,"turns":5.0},{"damage":10.0,"enemies":"Champ","floor":33.0,"turns":11.0},{"damage":2.0,"enemies":"Orb Walker","floor":35.0,"turns":4.0},{"damage":0.0,"enemies":"3 Shapes","floor":36.0,"turns":3.0},{"damage":17.0,"enemies":"Transient","floor":37.0,"turns":5.0},{"damage":62.0,"enemies":"Nemesis","floor":41.0,"turns":7.0},{"damage":21.0,"enemies":"Sphere and 2 Shapes","floor":42.0,"turns":5.0},{"damage":12.0,"enemies":"Reptomancer","floor":44.0,"turns":8.0},{"damage":12.0,"enemies":"Maw","floor":45.0,"turns":8.0},{"damage":0.0,"enemies":"2 Orb Walkers","floor":46.0,"turns":3.0},{"damage":8.0,"enemies":"Nemesis","floor":47.0,"turns":5.0},{"damage":26,"enemies":"Time Eater","floor":50,"turns":14},{"damage":76,"enemies":"Shield and Spear","floor":54,"turns":6},{"damage":19,"enemies":"The Heart","floor":55,"turns":11}],"seed_played":"-3071354109849586722","potions_obtained":[{"floor":3.0,"key":"SmokeBomb"},{"floor":6.0,"key":"FearPotion"},{"floor":7.0,"key":"GamblersBrew"},{"floor":10.0,"key":"DistilledChaos"},{"floor":23.0,"key":"BlessingOfTheForge"},{"floor":27.0,"key":"Fruit Juice"},{"floor":29.0,"key":"ColorlessPotion"},{"floor":33.0,"key":"EssenceOfSteel"},{"floor":35.0,"key":"SpeedPotion"},{"floor":45.0,"key":"Weak Potion"},{"floor":46.0,"key":"Swift Potion"},{"floor":54,"key":"FearPotion"}],"is_trial":false,"path_per_floor":["M","?","M","M","?","E","M","E","T","M","R","$","M","E","R","B",null,"M","?","M","$","M","E","R","E","T","M","R","E","M","M","R","B",null,"M","M","M","?","$","R","E","M","T","E","M","?","E","?","R","B",null,"R","$","E","B",null],"character_chosen":"SHAPESHIFTER","items_purchased":["StSShapeShifter:FoxForm","StSShapeShifter:SpiritOfTheEarth","StSShapeShifter:BurstOfLifeEscapeDeath","StSShapeShifter:OpportuneSwoop","StSShapeShifter:Ensconce","Fruit Juice","Strange Spoon","Bronze Scales","StSShapeShifter:Synchronicity","StSShapeShifter:EmbraceTheCycle","Magnetism","AttackPotion"],"campfire_rested":1,"item_purchase_floors":[12,12,12,12,21,21,39,39,39,53,53,53],"current_hp_per_floor":[79,79,71,51,43,34,34,30,30,30,55,55,47,44,44,52,85,85,85,84,89,82,70,70,78,78,79,79,77,86,91,91,87,109,107,109,93,93,93,93,37,27,27,28,43,43,35,35,35,30,109,109,109,56,58],"gold":47,"neow_bonus":"TEN_PERCENT_HP_BONUS","is_daily":false,"chose_seed":false,"campfire_upgraded":6,"win_rate":0.0,"timestamp":1613469491,"path_taken":["M","?","M","M","?","E","M","E","T","M","R","?","M","E","R","BOSS","M","?","M","?","M","E","R","E","T","M","R","E","M","M","R","BOSS","M","M","M","?","$","R","E","M","T","E","M","?","E","?","R","BOSS","R","$","E","BOSS"],"items_purchased_type":["Card","Card","Card","Card","Card","Potion","Relic","Relic","Card","Card","Card","Potion"],"build_version":"2020-12-22","purchased_purges":0,"victory":true,"max_hp_per_floor":[85,85,85,85,85,85,85,85,85,85,85,85,85,85,85,85,85,85,85,85,90,90,90,90,104,104,109,109,109,109,109,109,109,109,109,109,109,109,109,109,109,109,109,109,109,109,109,109,109,109,109,109,109,109,109],"relic_stats":{"Peace Pipe":0,"Strange Spoon":[27],"counters":[32,193],"Bronze Scales":[292],"Tiny Chest":0,"MealTicket":0,"Juzu Bracelet":1,"War Paint":["StSShapeShifter:BarkSkin","StSShapeShifter:VileMushroom"],"obtain_stats":[{"StSShapeShifter:TheShapeShiftersMagnolia":0,"StSShapeShifter:AnimalHeart":0,"construct:RocketBooster":54,"Thread and Needle":8,"Mango":25,"Juzu Bracelet":26,"EVO:Axolotl":0,"War Paint":23,"Akabeko":44,"Peace Pipe":46,"SlaversCollar":34,"Strange Spoon":39,"HornCleat":9,"Bronze Scales":39,"Philosopher\u0027s Stone":17,"Tiny Chest":29,"MealTicket":47,"StSShapeShifter:MysticalFossil":6,"Runesmith:AutoHammer":14,"Pocketwatch":41},{"StSShapeShifter:TheShapeShiftersMagnolia":0,"StSShapeShifter:AnimalHeart":0,"construct:RocketBooster":31,"Thread and Needle":6,"Mango":15,"Juzu Bracelet":15,"EVO:Axolotl":0,"War Paint":14,"Akabeko":26,"Peace Pipe":28,"SlaversCollar":20,"Strange Spoon":23,"HornCleat":6,"Bronze Scales":23,"Philosopher\u0027s Stone":10,"Tiny Chest":17,"MealTicket":29,"StSShapeShifter:MysticalFossil":4,"Runesmith:AutoHammer":9,"Pocketwatch":24},{"StSShapeShifter:TheShapeShiftersMagnolia":0,"StSShapeShifter:AnimalHeart":0,"construct:RocketBooster":182,"Thread and Needle":38,"Mango":84,"Juzu Bracelet":84,"EVO:Axolotl":0,"War Paint":75,"Akabeko":146,"Peace Pipe":157,"SlaversCollar":114,"Strange Spoon":126,"HornCleat":38,"Bronze Scales":126,"Philosopher\u0027s Stone":55,"Tiny Chest":92,"MealTicket":162,"StSShapeShifter:MysticalFossil":23,"Runesmith:AutoHammer":46,"Pocketwatch":133}],"Pocketwatch":[42]},"card_choices":[{"not_picked":["StSShapeShifter:PoisonIvy","StSShapeShifter:FesteringBite"],"picked":"StSShapeShifter:FlamingoForm","floor":1.0},{"not_picked":["StSShapeShifter:RockSlide","StSShapeShifter:AdaptiveStrikes"],"picked":"StSShapeShifter:EntForm","floor":3.0},{"not_picked":["StSShapeShifter:RatForm","StSShapeShifter:BloomingSlash"],"picked":"StSShapeShifter:VileMushroom","floor":4.0},{"not_picked":["StSShapeShifter:RatForm","StSShapeShifter:OakBlade"],"picked":"StSShapeShifter:BarkSkin","floor":6.0},{"not_picked":["StSShapeShifter:Consume","StSShapeShifter:OakBlade"],"picked":"StSShapeShifter:PoisonIvy","floor":7.0},{"not_picked":["StSShapeShifter:RatForm","StSShapeShifter:Rest"],"picked":"StSShapeShifter:Wildfire2","floor":8.0},{"not_picked":["StSShapeShifter:BurstingSpore","StSShapeShifter:RatForm"],"picked":"StSShapeShifter:Maul","floor":10.0},{"not_picked":["StSShapeShifter:FlowerShield","StSShapeShifter:AdaptiveStrikes"],"picked":"StSShapeShifter:GoldenBerries","floor":13.0},{"not_picked":["StSShapeShifter:Summer","StSShapeShifter:Rest"],"picked":"StSShapeShifter:Sap_Burst","floor":14.0},{"not_picked":["StSShapeShifter:RestoreBalance","StSShapeShifter:PowerShifter"],"picked":"StSShapeShifter:RhinoCalfForm","floor":16.0},{"not_picked":["StSShapeShifter:ShiftingStrike+1","StSShapeShifter:ThornToss+1"],"picked":"StSShapeShifter:BurstingSpore","floor":20.0},{"not_picked":["StSShapeShifter:MonkeyForm+1","StSShapeShifter:OakBlade"],"picked":"StSShapeShifter:BaskInBloom","floor":22.0},{"not_picked":["StSShapeShifter:ThornToss","StSShapeShifter:OakBlade"],"picked":"StSShapeShifter:MultiSpiritedStrike","floor":23.0},{"not_picked":["StSShapeShifter:SunflowerShuriken","StSShapeShifter:Guard"],"picked":"StSShapeShifter:FesteringBite","floor":25.0},{"not_picked":["StSShapeShifter:Autumn","StSShapeShifter:OakBlade"],"picked":"StSShapeShifter:BurstingSpore","floor":27.0},{"not_picked":["StSShapeShifter:MonkeyForm+1","StSShapeShifter:Guard"],"picked":"StSShapeShifter:AdaptiveStrikes","floor":29.0},{"not_picked":["StSShapeShifter:Guard","StSShapeShifter:MonkeyForm+1"],"picked":"StSShapeShifter:FesteringBite","floor":30.0},{"not_picked":["StSShapeShifter:Rest","StSShapeShifter:OakBlade"],"picked":"StSShapeShifter:Garden","floor":31.0},{"not_picked":["StSShapeShifter:MooseForm","StSShapeShifter:FullMoon"],"picked":"StSShapeShifter:DragonForm","floor":33.0},{"not_picked":["StSShapeShifter:SquirrelForm","StSShapeShifter:DeepWound+1"],"picked":"StSShapeShifter:BladeOfGrass+1","floor":35.0},{"not_picked":["StSShapeShifter:MonkeyForm+1","StSShapeShifter:Sapling+1"],"picked":"StSShapeShifter:ReplenishingNectar+1","floor":36.0},{"not_picked":["StSShapeShifter:BladeOfGrass","StSShapeShifter:Rest"],"picked":"StSShapeShifter:Garden+1","floor":37.0},{"not_picked":["StSShapeShifter:SquirrelForm+1","StSShapeShifter:PantherForm+1"],"picked":"StSShapeShifter:BurstingSpore","floor":41.0},{"not_picked":["StSShapeShifter:Guard","StSShapeShifter:RatForm+1"],"picked":"StSShapeShifter:FallingLeaves+1","floor":42.0},{"not_picked":["StSShapeShifter:DeerForm","StSShapeShifter:FesteringBite"],"picked":"StSShapeShifter:VileMushroom+1","floor":44.0},{"not_picked":["StSShapeShifter:EntForm","StSShapeShifter:EagleForm"],"picked":"StSShapeShifter:IntimidatingAura","floor":45.0},{"not_picked":["StSShapeShifter:OwlForm+1","StSShapeShifter:SpiritOfTheEarth+1"],"picked":"StSShapeShifter:VineHandcuffs","floor":46.0},{"not_picked":["StSShapeShifter:SkullBash","StSShapeShifter:ThrashAbout"],"picked":"StSShapeShifter:Roar+1","floor":47.0},{"not_picked":["StSShapeShifter:DiverseSpirit+1","StSShapeShifter:Ensconce"],"picked":"StSShapeShifter:BloomingSlash","floor":54}],"player_experience":985865,"relics_obtained":[{"floor":6.0,"key":"StSShapeShifter:MysticalFossil"},{"floor":8.0,"key":"Thread and Needle"},{"floor":9.0,"key":"HornCleat"},{"floor":14.0,"key":"Runesmith:AutoHammer"},{"floor":23.0,"key":"War Paint"},{"floor":25.0,"key":"Mango"},{"floor":26.0,"key":"Juzu Bracelet"},{"floor":29.0,"key":"Tiny Chest"},{"floor":41.0,"key":"Pocketwatch"},{"floor":44.0,"key":"Akabeko"},{"floor":46.0,"key":"Peace Pipe"},{"floor":47.0,"key":"MealTicket"},{"floor":54,"key":"construct:RocketBooster"}],"event_choices":[{"damage_healed":0.0,"max_hp_gain":0.0,"max_hp_loss":0.0,"gold_gain":0.0,"cards_transformed":["StSShapeShifter:ShapeShifter_Strike"],"event_name":"Living Wall","player_choice":"Change","floor":2.0,"gold_loss":0.0,"damage_taken":0.0,"cards_obtained":["StSShapeShifter:Guard"]},{"damage_healed":0.0,"max_hp_gain":0.0,"max_hp_loss":0.0,"gold_gain":0.0,"event_name":"Upgrade Shrine","player_choice":"Upgraded","floor":19.0,"gold_loss":0.0,"damage_taken":0.0,"cards_upgraded":["StSShapeShifter:RhinoCalfForm"]},{"damage_healed":0.0,"max_hp_gain":0.0,"max_hp_loss":0.0,"gold_gain":0.0,"event_name":"Mysterious Sphere","player_choice":"Fight","floor":46.0,"gold_loss":0.0,"damage_taken":0.0},{"damage_healed":0.0,"max_hp_gain":0.0,"max_hp_loss":0.0,"gold_gain":100.0,"event_name":"Golden Shrine","player_choice":"Pray","floor":48.0,"gold_loss":0.0,"damage_taken":0.0}],"is_beta":false,"boss_relics":[{"not_picked":["Coffee Dripper","StSShapeShifter:LemurHeaddress"],"picked":"Philosopher\u0027s Stone"},{"not_picked":["Velvet Choker","construct:ClawGrip"],"picked":"SlaversCollar"}],"items_purged_floors":[],"is_endless":false,"potions_floor_spawned":[3,6,7,10,13,14,18,23,27,29,31,33,35,36,42,45,46,54],"ascension_level":0}}