{"host":"nlbr7nnijupf3yfg","time":1613507165,"event":{"mods":["AchievementEnabler","BaseMod","BetterRewards","Card Forge","Colored Powertips","DeckTracker","Downfall","Hubris","Infinite Spire","Minty Spire (QoL Compilation)","Quick Restart","Relic Stats","Replay The Spire","Shop Mod","StSLib","SuperFastMode"],"gold_per_floor":[114,114,129,129,129,129,144,159,159,174,24,39,39,54,54,154,154,169,169,184,184,199,199,199,199,224,254,254,254,269,284,284,384,384,384,159,189,289],"floor_reached":39,"language":"ENG","playtime":302,"items_purged":["Shame"],"score":914,"play_id":"9edf7491-db7f-4dfd-870c-9e3cc09736f9","local_time":"20210216152605","daily_mods":["downfall:Improvised","Green Cards","Night Terrors"],"is_ascension_mode":false,"campfire_choices":[{"data":"hubris:InfiniteBlow+21","floor":6,"key":"SMITH"},{"data":"hubris:InfiniteBlow+22","floor":15,"key":"SMITH"},{"data":"hubris:InfiniteBlow+23","floor":25,"key":"SMITH"},{"data":"hubris:InfiniteBlow+24","floor":28,"key":"SMITH"},{"floor":32,"key":"DIG"},{"data":"hubris:InfiniteBlow+25","floor":35,"key":"SMITH"}],"circlet_count":0,"master_deck":["hubris:InfiniteBlow+23","infinitespire:FutureSight+1","hubris:InfiniteBlow+26","hubris:Fate+1","infinitespire:SealOfDarkness+","hubris:InfiniteBlow+23"],"relics":["hexamod:SpiritBrand","Hammer of Thor","Seething Fire","Anvil of the Gods","hubris:Icosahedron","Boot","Toy Ornithopter","ClockworkSouvenir","SlaversCollar","Akabeko","Art of War","Tiny Chest","Snack Pack","hubris:CrystalStatue","hubris:ScarierMask","DollysMirror","Garlic"],"acts_visited":["Exordium","TheCity","TheEnding"],"potions_floor_usage":[],"damage_taken":[{"damage":0,"enemies":"Small Slimes","floor":1,"turns":1},{"damage":0,"enemies":"Jaw Worm","floor":3,"turns":1},{"damage":0,"enemies":"Cultist","floor":7,"turns":1},{"damage":0,"enemies":"3 Louse","floor":8,"turns":1},{"damage":0,"enemies":"2 Fungi Beasts","floor":10,"turns":1},{"damage":0,"enemies":"Exordium Wildlife","floor":12,"turns":1},{"damage":4,"enemies":"Gremlin Gang","floor":14,"turns":2},{"damage":0,"enemies":"Fading Forest","floor":16,"turns":1},{"damage":0,"enemies":"Shell Parasite","floor":18,"turns":1},{"damage":0,"enemies":"Spheric Guardian","floor":20,"turns":1},{"damage":0,"enemies":"Snake Plant","floor":22,"turns":1},{"damage":0,"enemies":"Nightmare","floor":27,"turns":1},{"damage":0,"enemies":"Shelled Parasite and Fungi","floor":30,"turns":1},{"damage":0,"enemies":"Cultist and Chosen","floor":31,"turns":1},{"damage":0,"enemies":"Champ","floor":33,"turns":1},{"damage":0,"enemies":"Shield and Spear","floor":37,"turns":1},{"damage":1,"enemies":"The Heart","floor":38,"turns":1}],"seed_played":"2711566965655028651","potions_obtained":[{"floor":1,"key":"BlessingOfTheForge"},{"floor":3,"key":"Guardian:BlockOnCardUsePotion"},{"floor":10,"key":"SpeedPotion"}],"is_trial":false,"path_per_floor":["M","?","M","T","$","R","M","M","T","M","$","M","?","M","R","B",null,"M","?","M","?","M","$","?","R","T","NM","R","T","M","M","R","B",null,"R","$","E","B",null],"character_chosen":"THE_SPIRIT","items_purchased":["ClockworkSouvenir","DollysMirror"],"campfire_rested":0,"item_purchase_floors":[11,36],"current_hp_per_floor":[70,70,70,70,70,70,70,70,70,70,70,70,70,66,66,66,70,70,70,70,70,70,70,73,73,73,73,73,73,73,73,73,73,73,73,73,73,72],"gold":289,"neow_bonus":"","is_daily":true,"chose_seed":false,"campfire_upgraded":5,"win_rate":0.0,"timestamp":1613507165,"path_taken":["M","?","M","?","$","R","M","M","T","M","$","M","?","?","R","BOSS","M","?","M","?","M","?","?","R","T","NM","R","?","M","M","R","BOSS","R","$","E","BOSS"],"items_purchased_type":["Relic","Relic"],"build_version":"2020-12-22","purchased_purges":1,"victory":true,"max_hp_per_floor":[70,70,70,70,70,70,70,70,70,70,70,70,70,70,70,70,70,70,70,70,70,70,70,73,73,73,73,73,73,73,73,73,73,73,73,73,73,73],"relic_stats":{"counters":[17,18],"Tiny Chest":0,"Art of War":[0],"Boot":[0],"obtain_stats":[{"hubris:CrystalStatue":32,"Hammer of Thor":0,"Seething Fire":0,"Boot":4,"Akabeko":21,"ClockworkSouvenir":11,"SlaversCollar":17,"hubris:Icosahedron":2,"Anvil of the Gods":0,"DollysMirror":36,"hubris:ScarierMask":34,"Tiny Chest":27,"Art of War":26,"Snack Pack":29,"Garlic":37,"hexamod:SpiritBrand":0,"Toy Ornithopter":9},{"hubris:CrystalStatue":14,"Hammer of Thor":0,"Seething Fire":0,"Boot":2,"Akabeko":10,"ClockworkSouvenir":5,"SlaversCollar":8,"hubris:Icosahedron":1,"Anvil of the Gods":0,"DollysMirror":15,"hubris:ScarierMask":15,"Tiny Chest":12,"Art of War":11,"Snack Pack":12,"Garlic":16,"hexamod:SpiritBrand":0,"Toy Ornithopter":4},{"hubris:CrystalStatue":15,"Hammer of Thor":0,"Seething Fire":0,"Boot":2,"Akabeko":11,"ClockworkSouvenir":5,"SlaversCollar":9,"hubris:Icosahedron":1,"Anvil of the Gods":0,"DollysMirror":16,"hubris:ScarierMask":16,"Tiny Chest":13,"Art of War":12,"Snack Pack":13,"Garlic":17,"hexamod:SpiritBrand":0,"Toy Ornithopter":4}],"Toy Ornithopter":0},"card_choices":[{"not_picked":["hexamod:Again","Poisoned Stab","hexamod:InspiringFlames"],"picked":"SKIP","floor":1},{"not_picked":["Dagger Spray","hexamod:SuperheatedStrike","hexamod:HeatMetal"],"picked":"SKIP","floor":3},{"not_picked":["Well Laid Plans","Underhanded Strike","Bane"],"picked":"SKIP","floor":7},{"not_picked":["Endless Agony","hexamod:ShieldOfDarkness","Fluid Movement"],"picked":"SKIP","floor":8},{"not_picked":["ReplayTheSpireMod:From All Sides","hexamod:ThirdSeal","hexamod:HeatMetal"],"picked":"SKIP","floor":10},{"not_picked":["hexamod:ShieldOfDarkness","Prepared","hexamod:Hexaguard"],"picked":"SKIP","floor":12},{"not_picked":["hexamod:SwordOfDarkness","hexamod:SkipABeat","Blade Dance"],"picked":"SKIP","floor":14},{"not_picked":["hexamod:SuperheatedStrike","hexamod:EmpoweredFlame+1","Quick Slash"],"picked":"SKIP","floor":18},{"not_picked":["Dagger Throw","Outmaneuver","Noxious Fumes"],"picked":"SKIP","floor":20},{"not_picked":["Sneak Up","Deflect","ReplayTheSpireMod:Scrap Shanks+1"],"picked":"SKIP","floor":22},{"not_picked":["hexamod:FirstSeal","hexamod:NightmareStrike+1","Deadly Poison+1"],"picked":"SKIP","floor":27},{"not_picked":["Riddle With Holes+1","hexamod:NightmareGuise","hexamod:FlamesFromBeyond+1"],"picked":"SKIP","floor":30},{"not_picked":["hexamod:ThirdSeal","A Thousand Cuts","Noxious Fumes"],"picked":"SKIP","floor":31},{"not_picked":["Noxious Fumes","Dagger Throw+1","ReplayTheSpireMod:Exploit Weakness"],"picked":"SKIP","floor":37}],"player_experience":92785,"relics_obtained":[{"floor":4,"key":"Boot"},{"floor":9,"key":"Toy Ornithopter"},{"floor":26,"key":"Art of War"},{"floor":27,"key":"Tiny Chest"},{"floor":29,"key":"Snack Pack"},{"floor":32,"key":"hubris:CrystalStatue"},{"floor":37,"key":"Garlic"}],"event_choices":[{"damage_healed":0,"gold_gain":0,"cards_transformed":["hubris:Fate"],"player_choice":"Transformed","damage_taken":0,"max_hp_gain":0,"max_hp_loss":0,"event_name":"Transmorgrifier","floor":13,"gold_loss":0,"cards_obtained":["ReplayTheSpireMod:Black Plague"]},{"damage_healed":0,"gold_gain":0,"player_choice":"Stole Relic","damage_taken":0,"relics_obtained":["Akabeko"],"max_hp_gain":0,"max_hp_loss":0,"event_name":"Addict","floor":21,"gold_loss":0,"cards_obtained":["Shame"]}],"is_beta":false,"boss_relics":[{"not_picked":["hubris:HollowSoul","Ring of Chaos"],"picked":"SlaversCollar"},{"not_picked":["Coffee Dripper","Honey Jar"],"picked":"hubris:ScarierMask"}],"items_purged_floors":[36],"is_endless":true,"potions_floor_spawned":[1,3,10,12,14,22,30,31,33,37],"ascension_level":0}}