{"host":"enu5gq013fznxjyt","time":1613455087,"event":{"mods":["BaseMod","Better Note","Block Reminder","Colored Powertips","Minty Spire (QoL Compilation)","Quick Restart","Relic Stats","StSLib"],"gold_per_floor":[109,120,139,154,154,180,180,105,105,123,88,263,276,293,293,293,293],"floor_reached":16,"language":"ENG","playtime":427,"items_purged":["Defend_B"],"score":104,"play_id":"6565a7c9-41c1-4a55-afef-ae6501bc3d51","local_time":"20210215215807","is_ascension_mode":false,"campfire_choices":[{"floor":7,"key":"RECALL"},{"floor":15,"key":"REST"}],"circlet_count":0,"master_deck":["Strike_B","Strike_B","Strike_B","Defend_B","Defend_B","Defend_B","Zap","Dualcast","Barrage","Beam Cell","Electrodynamics","Lockon","Lockon","Redo","Doubt","Sweeping Beam","Double Energy"],"relics":["Cracked Core","Bronze Scales"],"acts_visited":["Exordium"],"potions_floor_usage":[6,16],"damage_taken":[{"damage":3,"enemies":"Jaw Worm","floor":1,"turns":4},{"damage":1,"enemies":"Cultist","floor":2,"turns":4},{"damage":4,"enemies":"Small Slimes","floor":3,"turns":3},{"damage":10,"enemies":"2 Fungi Beasts","floor":4,"turns":3},{"damage":25,"enemies":"Lagavulin","floor":6,"turns":4},{"damage":17,"enemies":"Exordium Wildlife","floor":10,"turns":2},{"damage":22,"enemies":"Exordium Thugs","floor":13,"turns":3},{"damage":11,"enemies":"Large Slime","floor":14,"turns":3},{"damage":39,"enemies":"The Guardian","floor":16,"turns":6}],"seed_played":"7935134126485236978","potions_obtained":[{"floor":2,"key":"EssenceOfDarkness"},{"floor":3,"key":"Regen Potion"},{"floor":6,"key":"Fire Potion"},{"floor":13,"key":"FearPotion"}],"is_trial":false,"path_per_floor":["M","M","M","M","?","E","R","$","T","M","?","?","M","M","R","B"],"character_chosen":"DEFECT","items_purchased":[],"campfire_rested":1,"item_purchase_floors":[],"current_hp_per_floor":[79,78,74,64,64,44,44,44,44,27,47,47,25,14,38,0,0],"gold":293,"neow_bonus":"TEN_PERCENT_HP_BONUS","is_daily":false,"chose_seed":false,"campfire_upgraded":0,"win_rate":0.0,"timestamp":1613455087,"path_taken":["M","M","M","M","?","E","R","?","T","M","?","?","M","M","R","BOSS"],"items_purchased_type":[],"build_version":"2020-12-22","purchased_purges":1,"victory":false,"max_hp_per_floor":[82,82,82,82,82,82,82,82,82,82,82,82,82,82,82,82,82],"relic_stats":{"counters":[9,32],"Bronze Scales":[27],"obtain_stats":[{"Bronze Scales":6,"Cracked Core":0},{"Bronze Scales":5,"Cracked Core":0},{"Bronze Scales":18,"Cracked Core":0}]},"card_choices":[{"not_picked":["Hologram","Heatsinks"],"picked":"Barrage","floor":1},{"not_picked":["Hologram","Cold Snap"],"picked":"Beam Cell","floor":2},{"not_picked":["Auto Shields","Undo"],"picked":"Electrodynamics","floor":3},{"not_picked":["Rebound","Conserve Battery"],"picked":"Lockon","floor":4},{"not_picked":["Darkness","Chill"],"picked":"Lockon","floor":6},{"not_picked":["Barrage","Darkness"],"picked":"Redo","floor":10},{"not_picked":["Reprogram","Reinforced Body"],"picked":"Sweeping Beam","floor":13},{"not_picked":["Lockon","Doom and Gloom"],"picked":"Double Energy","floor":14}],"player_experience":251022,"relics_obtained":[{"floor":6,"key":"Bronze Scales"}],"event_choices":[{"cards_removed":["Strike_B"],"damage_healed":0,"gold_gain":0,"player_choice":"Purged","damage_taken":0,"max_hp_gain":0,"max_hp_loss":0,"event_name":"Purifier","floor":5,"gold_loss":0},{"damage_healed":20,"gold_gain":0,"player_choice":"Healed","damage_taken":0,"max_hp_gain":0,"max_hp_loss":0,"event_name":"The Cleric","floor":11,"gold_loss":35},{"damage_healed":0,"gold_gain":175,"player_choice":"AGREE","damage_taken":0,"max_hp_gain":0,"max_hp_loss":0,"event_name":"Liars Game","floor":12,"gold_loss":0,"cards_obtained":["Doubt"]}],"is_beta":false,"boss_relics":[],"items_purged_floors":[8],"is_endless":false,"potions_floor_spawned":[2,3,6,13],"killed_by":"The Guardian","ascension_level":0}}