{"host":"krw8blyxua7at9ak","time":1613503335,"event":{"mods":["BaseMod","Highlight Path","Minty Spire (QoL Compilation)","ojb\u0027s Info Mod"],"gold_per_floor":[109,129,129,142,142,173,173,203,203,203,213,228,14,49,61,151,163,188,200,224,236,267,279,279],"floor_reached":23,"language":"ENG","playtime":842,"items_purged":["Pain"],"score":422,"play_id":"bca19af8-1d8e-4958-a8ce-387ef41fc260","local_time":"20210216202215","is_ascension_mode":true,"campfire_choices":[{"data":"Underhanded Strike","floor":7.0,"key":"SMITH"},{"floor":10.0,"key":"REST"},{"floor":15.0,"key":"REST"}],"circlet_count":0,"master_deck":["AscendersBane","Strike_G","Strike_G","Strike_G","Strike_G","Defend_G","Defend_G","Defend_G","Defend_G","Defend_G","Survivor","Neutralize","Underhanded Strike+1","Dagger Throw","Dagger Throw","Calculated Gamble","Blade Dance","Dagger Throw","Endless Agony","Cloak And Dagger","Wraith Form v2","Blade Dance","Necronomicurse","Ghostly","Ghostly","Ghostly"],"relics":["Ring of the Snake","NeowsBlessing","WarpedTongs","Smiling Mask","Blue Candle","Dream Catcher","TwistedFunnel","MawBank","Coffee Dripper","Necronomicon"],"acts_visited":["Exordium","TheCity"],"potions_floor_usage":[16,16,23],"damage_taken":[{"damage":0.0,"enemies":"Cultist","floor":1.0,"turns":1.0},{"damage":0.0,"enemies":"Small Slimes","floor":2.0,"turns":1.0},{"damage":0.0,"enemies":"2 Louse","floor":4.0,"turns":1.0},{"damage":34.0,"enemies":"3 Sentries","floor":6.0,"turns":12.0},{"damage":51.0,"enemies":"Gremlin Nob","floor":8.0,"turns":5.0},{"damage":2.0,"enemies":"Looter","floor":11.0,"turns":3.0},{"damage":5.0,"enemies":"Lots of Slimes","floor":12.0,"turns":4.0},{"damage":12.0,"enemies":"Lagavulin","floor":14.0,"turns":5.0},{"damage":18,"enemies":"Slime Boss","floor":16,"turns":8},{"damage":12,"enemies":"Shell Parasite","floor":18,"turns":5},{"damage":1,"enemies":"Spheric Guardian","floor":20,"turns":3},{"damage":3,"enemies":"Snecko","floor":22,"turns":6},{"damage":23,"enemies":"Book of Stabbing","floor":23,"turns":3}],"seed_played":"8224248748344473054","potions_obtained":[{"floor":1.0,"key":"LiquidBronze"},{"floor":6.0,"key":"FairyPotion"},{"floor":11.0,"key":"Explosive Potion"},{"floor":14.0,"key":"Swift Potion"},{"floor":16,"key":"Ancient Potion"},{"floor":18,"key":"AttackPotion"},{"floor":20,"key":"Fire Potion"}],"is_trial":false,"path_per_floor":["M","M","?","M","?","E","R","E","T","R","M","M","$","E","R","B",null,"M","?","M","?","M","E"],"character_chosen":"THE_SILENT","items_purchased":["TwistedFunnel"],"campfire_rested":2,"item_purchase_floors":[13],"current_hp_per_floor":[59,59,59,59,59,25,25,18,18,37,35,30,30,18,37,19,54,42,21,20,20,17,0,0],"gold":279,"neow_bonus":"THREE_ENEMY_KILL","is_daily":false,"chose_seed":false,"campfire_upgraded":1,"win_rate":0.0,"timestamp":1613503335,"path_taken":["M","M","?","?","?","E","R","E","T","R","M","M","$","E","R","BOSS","M","?","M","?","M","E"],"items_purchased_type":["Relic"],"build_version":"2020-12-22","purchased_purges":1,"victory":false,"max_hp_per_floor":[66,66,66,66,66,66,66,66,66,66,66,66,66,66,66,66,66,66,66,66,33,33,33,33],"card_choices":[{"not_picked":["Riddle With Holes","Caltrops"],"picked":"Underhanded Strike","floor":1.0},{"not_picked":["Poisoned Stab","Prepared"],"picked":"Dagger Throw","floor":2.0},{"not_picked":["Dodge and Roll","Distraction"],"picked":"Dagger Throw","floor":4.0},{"not_picked":["Skewer","Dodge and Roll","Bane"],"picked":"SKIP","floor":6.0},{"not_picked":["A Thousand Cuts","Cloak And Dagger"],"picked":"Calculated Gamble","floor":8.0},{"not_picked":["Sucker Punch","Acrobatics"],"picked":"Blade Dance","floor":10.0},{"not_picked":["Flying Knee","Flechettes"],"picked":"Dagger Throw","floor":11.0},{"not_picked":["Deadly Poison","Heel Hook"],"picked":"Endless Agony","floor":12.0},{"not_picked":["Dagger Throw","Caltrops"],"picked":"Cloak And Dagger","floor":14.0},{"not_picked":["Unload","Grand Finale"],"picked":"Wraith Form v2","floor":16},{"not_picked":["Heel Hook","Escape Plan"],"picked":"Blade Dance","floor":18},{"not_picked":["Bouncing Flask","Concentrate","PiercingWail"],"picked":"SKIP","floor":20},{"not_picked":["Riddle With Holes","Underhanded Strike","Expertise"],"picked":"SKIP","floor":22}],"player_experience":416609,"relics_obtained":[{"floor":6.0,"key":"Smiling Mask"},{"floor":8.0,"key":"Blue Candle"},{"floor":9.0,"key":"Dream Catcher"},{"floor":14.0,"key":"MawBank"},{"floor":19,"key":"Necronomicon"}],"event_choices":[{"cards_removed":["Strike_G"],"damage_healed":0.0,"max_hp_gain":0.0,"max_hp_loss":0.0,"gold_gain":0.0,"event_name":"Purifier","player_choice":"Purged","floor":3.0,"gold_loss":0.0,"damage_taken":0.0},{"damage_healed":0.0,"max_hp_gain":0.0,"max_hp_loss":0.0,"gold_gain":0.0,"event_name":"Accursed Blacksmith","player_choice":"Rummage","floor":5.0,"gold_loss":0.0,"damage_taken":0.0,"relics_obtained":["WarpedTongs"],"cards_obtained":["Pain"]},{"damage_healed":0,"gold_gain":0,"player_choice":"Obtained Book","damage_taken":21,"max_hp_gain":0,"max_hp_loss":0,"event_name":"Cursed Tome","floor":19,"gold_loss":0},{"damage_healed":0,"gold_gain":0,"player_choice":"Became a Ghost","damage_taken":0,"max_hp_gain":0,"max_hp_loss":33,"event_name":"Ghosts","floor":21,"gold_loss":0,"cards_obtained":["Ghostly","Ghostly","Ghostly"]}],"is_beta":false,"boss_relics":[{"not_picked":["Ring of the Serpent","SlaversCollar"],"picked":"Coffee Dripper"}],"items_purged_floors":[13],"is_endless":false,"potions_floor_spawned":[1,6,11,14,16,18,20],"killed_by":"Book of Stabbing","ascension_level":20}}