{"host":"clf2hd4adhiiw0zf","time":1613466278,"event":{"mods":["AchievementEnabler","BaseMod","Beaked The Cultist","Bestiary","Dark Map","Downfall","Gremlin Mod","Hermit","Jorbs\u0027s Wanderer Trilogy","Marisa????????","Minty Spire (QoL Compilation)","Shop Mod","StSLib","The Cursed","Wide Potions"],"gold_per_floor":[99,129,129,129,129,129,175,190,203,230,250,50,81,131,144,221,221,221,240,240,240,254,264,341,367,104,134,38,54,84,100,114,188,188,88,102,112,112,112,112,112,140,150,167,183,211,211,240,260,260,260,295,13,13,13,13],"floor_reached":57,"language":"ENG","playtime":2743,"items_purged":[],"score":2549,"play_id":"7bc84a44-ebcb-49dc-a560-7478ad46593c","local_time":"20210216020437","is_ascension_mode":true,"campfire_choices":[{"floor":1.0,"key":"RECALL"},{"data":"champ:ShieldWall","floor":12.0,"key":"SMITH"},{"data":"champ:PerfectedStrike","floor":18.0,"key":"SMITH"},{"data":"champ:PerfectedStrike","floor":35.0,"key":"SMITH"},{"data":"champ:Devastate","floor":40.0,"key":"SMITH"},{"data":"champ:TripleStrike","floor":47.0,"key":"SMITH"},{"floor":54.0,"key":"REST"}],"circlet_count":0,"master_deck":["AscendersBane","champ:Strike+1","champ:Strike","champ:Strike","champ:Defend","champ:Defend+1","champ:Defend+1","champ:Defend","champ:Execute","champ:Taunt","champ:StanceDance","champ:Shatter","champ:ShieldWall+1","champ:Haymaker","champ:BladeFlurry+1","champ:FanOfKnives","champ:Backstep","champ:PerfectedStrike+1","champ:HoldFirm","champ:EnGarde","champ:FlashCut+1","champ:PreciseThrust","champ:TornadoPunch","champ:GladiatorStyle+1","champ:Devastate+1","champ:PerfectedStrike+1","champ:GladiatorStyle+1","champ:GladiatorStyle+1","champ:LastStand+1","stsjorbsmod:Procrastination","champ:TripleStrike+1","champ:Duel+1","Parasite","champ:GladiatorStyle+1"],"relics":["champ:ChampionCrown","downfall:HeartsMalice","HornCleat","MealTicket","Incense Burner","downfall:HeartBlessingRed","downfall:HeartBlessingGreen","Pen Nib","Snecko Eye","Bag of Preparation","Bag of Marbles","Ornamental Fan","Frozen Egg 2","Matryoshka","Cursed Key","downfall:HeartBlessingBlue","War Paint","Bottled Tornado","Gambling Chip","hexamod:BolsterEngine","Whetstone","Bottled Flame","Kunai"],"acts_visited":["Exordium","TheCity","TheBeyond","TheEnding"],"potions_floor_usage":[],"damage_taken":[{"damage":0.0,"enemies":"Small Slimes","floor":4.0,"turns":1.0},{"damage":0.0,"enemies":"Cultist","floor":5.0,"turns":1.0},{"damage":0.0,"enemies":"downfall:FleeingMerchant","floor":6.0,"turns":1.0},{"damage":24.0,"enemies":"Jaw Worm","floor":8.0,"turns":5.0},{"damage":8.0,"enemies":"2 Fungi Beasts","floor":9.0,"turns":4.0},{"damage":1.0,"enemies":"Lagavulin","floor":10.0,"turns":3.0},{"damage":10.0,"enemies":"3 Louse","floor":11.0,"turns":3.0},{"damage":29.0,"enemies":"3 Sentries","floor":13.0,"turns":6.0},{"damage":0.0,"enemies":"Exordium Wildlife","floor":15.0,"turns":3.0},{"damage":44.0,"enemies":"WA_ARCHETYPE_RETAIN","floor":16.0,"turns":7.0},{"damage":6.0,"enemies":"3 Byrds","floor":19.0,"turns":5.0},{"damage":0.0,"enemies":"Spheric Guardian","floor":22.0,"turns":1.0},{"damage":0.0,"enemies":"Snake Plant","floor":23.0,"turns":3.0},{"damage":20.0,"enemies":"Gremlin Leader","floor":25.0,"turns":5.0},{"damage":15.0,"enemies":"downfall:FleeingMerchant","floor":26.0,"turns":4.0},{"damage":25.0,"enemies":"Book of Stabbing","floor":27.0,"turns":6.0},{"damage":0.0,"enemies":"downfall:FleeingMerchant","floor":28.0,"turns":4.0},{"damage":0.0,"enemies":"Shelled Parasite and Fungi","floor":29.0,"turns":2.0},{"damage":13.0,"enemies":"Slavers","floor":30.0,"turns":3.0},{"damage":28.0,"enemies":"Sentry and Sphere","floor":31.0,"turns":4.0},{"damage":13.0,"enemies":"Centurion and Healer","floor":32.0,"turns":3.0},{"damage":42.0,"enemies":"IC_MUSHROOM_ARCHETYPE","floor":33.0,"turns":6.0},{"damage":1.0,"enemies":"3 Shapes","floor":36.0,"turns":2.0},{"damage":19.0,"enemies":"3 Darklings","floor":37.0,"turns":4.0},{"damage":1.0,"enemies":"Nemesis","floor":42.0,"turns":5.0},{"damage":10.0,"enemies":"Sphere and 2 Shapes","floor":43.0,"turns":2.0},{"damage":5.0,"enemies":"Writhing Mass","floor":44.0,"turns":3.0},{"damage":15.0,"enemies":"3 Darklings","floor":45.0,"turns":1.0},{"damage":23.0,"enemies":"Giant Head","floor":46.0,"turns":5.0},{"damage":25.0,"enemies":"Reptomancer","floor":48.0,"turns":4.0},{"damage":84.0,"enemies":"Transient","floor":49.0,"turns":6.0},{"damage":15.0,"enemies":"SI_POISON_ARCHETYPE","floor":50.0,"turns":17.0},{"damage":50.0,"enemies":"downfall:CharBossMerchant","floor":52.0,"turns":7.0},{"damage":55.0,"enemies":"downfall:NeowBoss","floor":55.0,"turns":16.0},{"damage":65,"enemies":"downfall:NeowBossFinal","floor":56,"turns":11}],"seed_played":"-961324777083509912","potions_obtained":[{"floor":8.0,"key":"AttackPotion"},{"floor":11.0,"key":"Energy Potion"},{"floor":16.0,"key":"FearPotion"},{"floor":22.0,"key":"AttackPotion"},{"floor":29.0,"key":"Dexterity Potion"},{"floor":31.0,"key":"CultistPotion"},{"floor":33.0,"key":"Guardian:BlockOnCardUsePotion"},{"floor":36.0,"key":"Weak Potion"},{"floor":49.0,"key":"GamblersBrew"}],"is_trial":false,"path_per_floor":["R","?","?","M","M","$","T","M","M","E","M","R","E","?","M","B",null,"R","M","?","?","M","M","T","E","$","E","$","M","E","M","M","B",null,"R","M","M","?","?","R","T","E","M","M","M","E","R","E","M","B",null,"E","$","R","B","B",null],"character_chosen":"THE_CHAMP","items_purchased":["Bag of Marbles","champ:GladiatorStyle","Frozen Egg 2","champ:GladiatorStyle+1","ColorlessPotion","Kunai"],"campfire_rested":1,"item_purchase_floors":[26,26,28,28,28,53],"current_hp_per_floor":[73,73,73,73,73,73,73,69,61,60,60,60,41,41,41,7,63,63,57,57,57,57,57,57,57,72,57,72,72,69,51,48,16,65,75,74,65,65,65,65,65,74,74,74,74,71,71,61,12,12,71,31,46,73,53,18],"gold":13,"neow_bonus":"THREE_ENEMY_KILL","is_daily":false,"chose_seed":false,"campfire_upgraded":5,"win_rate":0.0,"timestamp":1613466277,"path_taken":["R","?","?","?","?","$","T","M","M","E","M","R","E","?","M","BOSS","R","M","?","?","M","M","T","E","?","E","$","M","E","M","M","BOSS","R","M","M","?","?","R","T","E","?","M","M","E","R","E","M","BOSS","E","$","R","BOSS","BOSS"],"items_purchased_type":["Relic","Card","Relic","Card","Potion","Relic"],"build_version":"2020-12-22","purchased_purges":0,"victory":true,"max_hp_per_floor":[81,81,81,81,81,81,81,81,81,81,81,81,81,81,81,81,81,81,81,81,81,81,81,81,81,81,81,81,81,81,81,81,81,81,91,91,91,91,91,91,91,91,91,91,91,91,91,91,91,91,91,91,91,91,91,91],"card_choices":[{"not_picked":["champ:Haymaker","champ:ViciousMockery"],"picked":"champ:StanceDance","floor":4.0},{"not_picked":["champ:Haymaker","champ:Encircle"],"picked":"champ:Shatter","floor":5.0},{"not_picked":["champ:ViciousMockery","champ:FlashCut"],"picked":"champ:ShieldWall","floor":6.0},{"not_picked":["champ:RecklessLeap","champ:SwordSigil"],"picked":"champ:Haymaker","floor":8.0},{"not_picked":["champ:RageSigil","champ:HeartStrike"],"picked":"champ:BladeFlurry","floor":9.0},{"not_picked":["champ:BladeFlurry","champ:Haymaker"],"picked":"champ:FanOfKnives","floor":10.0},{"not_picked":["champ:BerserkersShout","champ:IronFortress"],"picked":"champ:Backstep","floor":11.0},{"not_picked":["champ:Endure","champ:ShieldSigil"],"picked":"champ:PerfectedStrike","floor":13.0},{"not_picked":["champ:DefensiveShout","champ:CrownThrow","champ:GutPunch"],"picked":"SKIP","floor":15.0},{"not_picked":["champ:EnchantCrown","champ:DancingMaster"],"picked":"champ:HoldFirm","floor":16.0},{"not_picked":["champ:StanceDance","champ:CalledShot"],"picked":"champ:EnGarde","floor":19.0},{"not_picked":["champ:CrownThrow","champ:FancyFootwork+1"],"picked":"champ:FlashCut+1","floor":22.0},{"not_picked":["champ:ArenaPreparation","champ:EnGarde"],"picked":"champ:PreciseThrust","floor":23.0},{"not_picked":["champ:FocusedDefense","champ:HeavySlash"],"picked":"champ:TornadoPunch","floor":25.0},{"not_picked":["champ:HeartStrike","champ:DefensiveShout","champ:Haymaker"],"picked":"SKIP","floor":26.0},{"not_picked":["champ:RapidStrikes","champ:EnGarde"],"picked":"champ:Devastate","floor":27.0},{"not_picked":["champ:AdrenalArmor+1","champ:RecklessLeap+1"],"picked":"champ:PerfectedStrike","floor":28.0},{"not_picked":["champ:BladeFlurry","champ:TornadoPunch","champ:ViciousMockery"],"picked":"SKIP","floor":29.0},{"not_picked":["champ:Shatter+1","champ:SteelEdge","champ:ShieldSigil"],"picked":"SKIP","floor":30.0},{"not_picked":["champ:AdrenalArmor+1","champ:FanOfKnives","champ:GutPunch"],"picked":"SKIP","floor":31.0},{"not_picked":["champ:DeathBlow","champ:IronFortress+1"],"picked":"champ:GladiatorStyle+1","floor":32.0},{"not_picked":["champ:DancingMaster+1","champ:SwordThrow"],"picked":"champ:LastStand+1","floor":33.0},{"not_picked":["champ:Shatter","champ:BringItOn","champ:SkillfulDodge"],"picked":"SKIP","floor":36.0},{"not_picked":["champ:BerserkersShout+1","champ:PreciseThrust","champ:AdrenalArmor+1"],"picked":"SKIP","floor":37.0},{"not_picked":["champ:RapidStrikes","champ:ViciousMockery+1"],"picked":"champ:TripleStrike","floor":42.0},{"not_picked":["champ:PreciseThrust","champ:TornadoPunch"],"picked":"champ:Duel+1","floor":43.0},{"not_picked":["champ:SwordSigil","champ:BladeFlurry","champ:BerserkersShout"],"picked":"SKIP","floor":44.0},{"not_picked":["champ:StanceDance+1","champ:Shatter+1"],"picked":"champ:GladiatorStyle+1","floor":45.0},{"not_picked":["champ:Parry+1","champ:RageSigil","champ:DefensiveStyle+1"],"picked":"SKIP","floor":46.0},{"not_picked":["champ:RapidStrikes","champ:UltimateStance","champ:ViciousMockery"],"picked":"SKIP","floor":48.0},{"not_picked":["champ:RageSigil","champ:SetATrap","champ:RisingSlash+1"],"picked":"SKIP","floor":49.0},{"not_picked":["champ:AdrenalArmor","champ:EnGarde","champ:PreciseThrust"],"picked":"SKIP","floor":52.0}],"player_experience":335459,"relics_obtained":[{"floor":7.0,"key":"MealTicket"},{"floor":10.0,"key":"Incense Burner"},{"floor":13.0,"key":"Pen Nib"},{"floor":25.0,"key":"Bag of Preparation"},{"floor":27.0,"key":"Ornamental Fan"},{"floor":30.0,"key":"Matryoshka"},{"floor":41.0,"key":"War Paint"},{"floor":41.0,"key":"Bottled Tornado"},{"floor":42.0,"key":"Gambling Chip"},{"floor":46.0,"key":"hexamod:BolsterEngine"},{"floor":48.0,"key":"Whetstone"},{"floor":52.0,"key":"Bottled Flame"}],"event_choices":[{"cards_removed":["champ:Strike"],"damage_healed":0.0,"max_hp_gain":0.0,"max_hp_loss":0.0,"gold_gain":0.0,"event_name":"Bonfire Elementals","player_choice":"Offered Basic","floor":3.0,"gold_loss":0.0,"damage_taken":0.0},{"damage_healed":0.0,"max_hp_gain":0.0,"max_hp_loss":0.0,"gold_gain":0.0,"event_name":"Ghosts","player_choice":"Ignored","floor":20.0,"gold_loss":0.0,"damage_taken":0.0},{"damage_healed":0.0,"max_hp_gain":0.0,"max_hp_loss":0.0,"gold_gain":0.0,"event_name":"Accursed Blacksmith","player_choice":"Forge","floor":39.0,"gold_loss":0.0,"damage_taken":0.0,"cards_upgraded":["champ:GladiatorStyle"]}],"is_beta":false,"boss_relics":[{"not_picked":["Sozu","bronze:MakeshiftBattery"],"picked":"Snecko Eye"},{"not_picked":["Calling Bell","Coffee Dripper"],"picked":"Cursed Key"}],"items_purged_floors":[],"is_endless":false,"potions_floor_spawned":[8,11,13,15,16,22,23,29,31,33,36,45,46,48,49],"ascension_level":20}}