{"host":"o5jvvi5yapo90aia","time":1613502186,"event":{"mods":["BaseMod","CapriCore","Minty Spire (QoL Compilation)","MostiFishMod","Prisma Mod","Spicy Shops","StSLib","TestMod","The Immortal","Yakumo Yukari mod","【人物mod】游戏王New YuGiOh mod","【功能Mod】Neow奖励"],"gold_per_floor":[113,113,128,143,155,190,190,217,241,251,278,299,299,299,299,370,370,388,388,313,363,382,382,422,422,422,440,440,471,496,512,512,591,591,608,623,366,291,314,353,353,386,386,416,416,438,465,502,502,512,522,522,522,20,62,77],"floor_reached":57,"language":"ZHS","playtime":3085,"items_purged":["Defend_P"],"score":3935,"play_id":"db61670c-3c13-4f04-a118-ab41f9eb8973","local_time":"20210217030306","is_ascension_mode":true,"campfire_choices":[{"data":"Defend_P","floor":7.0,"key":"PURGE"},{"data":"Defend_P","floor":13.0,"key":"PURGE"},{"data":"Strike_P","floor":15.0,"key":"PURGE"},{"data":"Strike_P","floor":23.0,"key":"PURGE"},{"data":"Strike_P+1","floor":28.0,"key":"PURGE"},{"floor":32.0,"key":"RECALL"},{"data":"Defend_P+1","floor":41,"key":"PURGE"},{"data":"Worship+1","floor":45,"key":"PURGE"},{"data":"LessonLearned+1","floor":49,"key":"PURGE"},{"data":"Vigilance+1","floor":53,"key":"PURGE"}],"circlet_count":0,"master_deck":["AscendersBane","Tantrum+1","InnerPeace+1","Wallop+1","Adaptation+1","MentalFortress+1","FearNoEvil+1","Discovery+1","MostiFishMod:Speedup+1"],"relics":["DaveBox","testmod-TestBox","Runic Pyramid","FeatherPendant","testmod-Faith","SynthV:TestCard","Matryoshka","Lantern","Damaru","Strawberry","Odd Mushroom","testmod-PortableAltar","Bag of Marbles","War Paint","Darkstone Periapt","Singing Bowl","ChiXiaoBlade","testmod-TurbochargingSystem","testmod-AssaultLearning","Sundial","MealTicket","testmod-Hope","testmod-BalancedPeriapt","testmod-Nyarlathotep","testmod-RandomTest"],"acts_visited":["Exordium","TheCity","TheBeyond","TheEnding"],"potions_floor_usage":[56,56],"damage_taken":[{"damage":0.0,"enemies":"Cultist","floor":1.0,"turns":4.0},{"damage":1.0,"enemies":"2 Louse","floor":3.0,"turns":3.0},{"damage":0.0,"enemies":"Small Slimes","floor":4.0,"turns":3.0},{"damage":0.0,"enemies":"Blue Slaver","floor":5.0,"turns":3.0},{"damage":0.0,"enemies":"Lagavulin","floor":6.0,"turns":3.0},{"damage":10.0,"enemies":"3 Sentries","floor":8.0,"turns":3.0},{"damage":3.0,"enemies":"Large Slime","floor":10.0,"turns":2.0},{"damage":0.0,"enemies":"Gremlin Nob","floor":11.0,"turns":1.0},{"damage":3.0,"enemies":"The Mushroom Lair","floor":12.0,"turns":2.0},{"damage":0.0,"enemies":"The Guardian","floor":16.0,"turns":4.0},{"damage":2.0,"enemies":"Spheric Guardian","floor":18.0,"turns":2.0},{"damage":11.0,"enemies":"Shell Parasite","floor":22.0,"turns":2.0},{"damage":2.0,"enemies":"Gremlin Leader","floor":24.0,"turns":3.0},{"damage":0.0,"enemies":"Centurion and Healer","floor":27.0,"turns":1.0},{"damage":0.0,"enemies":"Book of Stabbing","floor":29.0,"turns":1.0},{"damage":0.0,"enemies":"Chosen and Byrds","floor":30.0,"turns":1.0},{"damage":0.0,"enemies":"Shelled Parasite and Fungi","floor":31.0,"turns":1.0},{"damage":0.0,"enemies":"Champ","floor":33.0,"turns":2.0},{"damage":0.0,"enemies":"3 Shapes","floor":35.0,"turns":1.0},{"damage":0.0,"enemies":"Orb Walker","floor":36.0,"turns":1.0},{"damage":0,"enemies":"Maw","floor":39,"turns":2},{"damage":0,"enemies":"Giant Head","floor":40,"turns":1},{"damage":0,"enemies":"Reptomancer","floor":42,"turns":2},{"damage":0,"enemies":"Nemesis","floor":44,"turns":1},{"damage":0,"enemies":"Writhing Mass","floor":46,"turns":1},{"damage":0,"enemies":"Sphere and 2 Shapes","floor":47,"turns":1},{"damage":0,"enemies":"Giant Head","floor":48,"turns":1},{"damage":0,"enemies":"Donu and Deca","floor":50,"turns":1},{"damage":0,"enemies":"Time Eater","floor":51,"turns":2},{"damage":0,"enemies":"Shield and Spear","floor":55,"turns":1},{"damage":0,"enemies":"The Heart","floor":56,"turns":5}],"seed_played":"1072385920994322065","potions_obtained":[{"floor":4.0,"key":"SkillPotion"},{"floor":6.0,"key":"ColorlessPotion"},{"floor":10.0,"key":"SteroidPotion"},{"floor":36.0,"key":"LiquidMemories"}],"is_trial":false,"path_per_floor":["M","?","M","M","M","E","R","E","T","M","E","?","R","?","R","B",null,"M","?","$","?","M","R","E","?","T","M","R","E","M","M","R","B",null,"M","M","$","?","M","E","R","E","T","E","R","M","M","E","R","B","B",null,"R","$","E","B",null],"character_chosen":"WATCHER","items_purchased":["Bag of Marbles","FearNoEvil","Discovery","testmod-BalancedPeriapt","testmod-TestPotion","testmod-Nyarlathotep"],"campfire_rested":0,"item_purchase_floors":[20,37,37,54,54,54],"current_hp_per_floor":[62,62,62,63,64,65,65,56,56,54,62,60,60,60,60,62,72,72,72,72,64,55,55,53,53,53,55,55,59,63,67,67,69,68,69,68,67,66,67,68,67,66,65,66,65,66,67,68,67,66,65,64,63,62,62,62],"gold":77,"neow_bonus":"BOSS_RELIC","is_daily":false,"chose_seed":false,"campfire_upgraded":0,"win_rate":0.0,"timestamp":1613502186,"path_taken":["M","?","M","?","M","E","R","E","T","M","E","?","R","?","R","BOSS","M","?","$","?","?","R","E","?","T","M","R","E","M","M","R","BOSS","M","M","$","?","M","E","R","E","T","E","R","M","M","E","R","BOSS","BOSS","R","$","E","BOSS"],"items_purchased_type":["Relic","Card","Card","Relic","Potion","Relic"],"build_version":"2020-12-22","purchased_purges":1,"victory":true,"max_hp_per_floor":[68,68,68,68,68,68,68,68,68,68,75,75,75,75,75,75,75,74,73,72,71,70,69,68,67,66,67,66,67,68,69,68,69,68,69,68,67,66,67,68,67,66,65,66,65,66,67,68,67,66,65,64,63,62,62,62],"card_choices":[{"not_picked":["Evaluate","ReachHeaven","FollowUp"],"picked":"SKIP","floor":1.0},{"not_picked":["Study","FlurryOfBlows","ThirdEye","EmptyBody","FollowUp"],"picked":"SKIP","floor":3.0},{"not_picked":["Crescendo","BattleHymn","JustLucky","TalkToTheHand"],"picked":"Tantrum","floor":4.0},{"not_picked":["EmptyBody","BowlingBash","Protect","WaveOfTheHand","Halt"],"picked":"SKIP","floor":5.0},{"not_picked":["MostiFishMod:OutWit","SashWhip","Prostrate","ClearTheMind","WreathOfFlame"],"picked":"SKIP","floor":6.0},{"not_picked":["WindmillStrike","CrushJoints","Study","BowlingBash","EmptyMind"],"picked":"SKIP","floor":8.0},{"not_picked":["CrushJoints","PathToVictory","Halt","ThirdEye","Conclude"],"picked":"SKIP","floor":10.0},{"not_picked":["MasterReality","Pray","Crescendo","Conclude"],"picked":"Worship","floor":11.0},{"not_picked":["CutThroughFate","PathToVictory","EmptyBody","BowlingBash"],"picked":"InnerPeace","floor":14.0},{"not_picked":["Crescendo","PathToVictory","Fasting2","Consecrate"],"picked":"Wallop","floor":14.0},{"not_picked":["Devotion","MostiFishMod:Dust","Vault","Establishment"],"picked":"LessonLearned","floor":16.0},{"not_picked":["SignatureMove","Halt","Consecrate+1","JustLucky","EmptyFist+1"],"picked":"SKIP","floor":18.0},{"not_picked":["Tantrum","Worship","EmptyBody","Pray","CrushJoints"],"picked":"SKIP","floor":22.0},{"not_picked":["Consecrate","SashWhip","FlurryOfBlows","Halt","MostiFishMod:Clarity"],"picked":"SKIP","floor":24.0},{"not_picked":["WindmillStrike","Halt+1","EmptyBody","Study","CutThroughFate"],"picked":"Singing Bowl","floor":27.0},{"not_picked":["Meditate","MostiFishMod:Minus","Evaluate","Judgement","ThirdEye"],"picked":"Singing Bowl","floor":29.0},{"not_picked":["CutThroughFate","EmptyFist+1","BowlingBash","EmptyBody","FlyingSleeves"],"picked":"Singing Bowl","floor":30.0},{"not_picked":["Halt+1","MostiFishMod:FlowState","FlurryOfBlows+1","JustLucky","EmptyBody"],"picked":"Singing Bowl","floor":31.0},{"not_picked":["MostiFishMod:OutWit","LessonLearned","MostiFishMod:Pointsdynamics","Devotion","MostiFishMod:StarHerder"],"picked":"Singing Bowl","floor":33.0},{"not_picked":["MostiFishMod:PathToVictory","CrushJoints+1","FlyingSleeves","Vengeance","Protect"],"picked":"Singing Bowl","floor":35.0},{"not_picked":["Vengeance","Tantrum","MostiFishMod:LegendTransform","SashWhip"],"picked":"MentalFortress","floor":36.0},{"not_picked":["JustLucky+1","Perseverance","Halt","FollowUp+1","EmptyMind"],"picked":"Singing Bowl","floor":39},{"not_picked":["FollowUp+1","Sanctity","BowlingBash","DeceiveReality","MostiFishMod:PathToVictory"],"picked":"Singing Bowl","floor":40},{"not_picked":["MostiFishMod:ScryFuture","Halt+1","WreathOfFlame","MentalFortress+1"],"picked":"MostiFishMod:Speedup+1","floor":42},{"not_picked":["MostiFishMod:StarLaLaLa","BowlingBash+1","EmptyFist","JustLucky+1","MostiFishMod:Nomercy"],"picked":"Singing Bowl","floor":44},{"not_picked":["FlurryOfBlows","MostiFishMod:PathToVictory","Perseverance+1","Consecrate","BattleHymn"],"picked":"Singing Bowl","floor":46},{"not_picked":["Halt+1","PathToVictory","Protect","FollowUp","ClearTheMind"],"picked":"Singing Bowl","floor":47},{"not_picked":["SandsOfTime","MostiFishMod:FlowState+1","MostiFishMod:Speedup+1","MostiFishMod:Adaptation","ThirdEye"],"picked":"Singing Bowl","floor":48},{"not_picked":["Crescendo","ThirdEye","Vengeance","BowlingBash+1","FollowUp"],"picked":"Singing Bowl","floor":55}],"player_experience":1566254,"relics_obtained":[{"floor":1.0,"key":"SynthV:TestCard"},{"floor":6.0,"key":"Matryoshka"},{"floor":8.0,"key":"Lantern"},{"floor":9.0,"key":"Damaru"},{"floor":11.0,"key":"Strawberry"},{"floor":12.0,"key":"Odd Mushroom"},{"floor":24.0,"key":"War Paint"},{"floor":26.0,"key":"Darkstone Periapt"},{"floor":26.0,"key":"Singing Bowl"},{"floor":40,"key":"testmod-TurbochargingSystem"},{"floor":42,"key":"testmod-AssaultLearning"},{"floor":43,"key":"Sundial"},{"floor":44,"key":"MealTicket"},{"floor":48,"key":"testmod-Hope"},{"floor":55,"key":"testmod-RandomTest"}],"event_choices":[{"damage_healed":0.0,"max_hp_gain":0.0,"max_hp_loss":0.0,"gold_gain":0.0,"event_name":"Upgrade Shrine","player_choice":"Upgraded","floor":2.0,"gold_loss":0.0,"damage_taken":0.0,"cards_upgraded":["Eruption"]},{"damage_healed":0.0,"max_hp_gain":0.0,"max_hp_loss":0.0,"gold_gain":0.0,"event_name":"Mushrooms","player_choice":"Fought Mushrooms","floor":12.0,"gold_loss":0.0,"damage_taken":0.0},{"damage_healed":0.0,"max_hp_gain":0.0,"max_hp_loss":0.0,"gold_gain":0.0,"event_name":"给自己的盒子","player_choice":"Swap Relic","floor":14.0,"relics_lost":["Orrery"],"gold_loss":0.0,"damage_taken":0.0,"relics_obtained":["Orrery"]},{"damage_healed":0.0,"max_hp_gain":0.0,"max_hp_loss":0.0,"gold_gain":0.0,"event_name":"The Library","player_choice":"Read","floor":19.0,"gold_loss":0.0,"damage_taken":0.0,"cards_obtained":["Adaptation"]},{"damage_healed":0.0,"max_hp_gain":0.0,"max_hp_loss":0.0,"gold_gain":50.0,"event_name":"FaceTrader","player_choice":"Touch","floor":21.0,"gold_loss":0.0,"damage_taken":7.0},{"cards_removed":["Strike_P"],"damage_healed":0.0,"max_hp_gain":0.0,"max_hp_loss":0.0,"gold_gain":0.0,"event_name":"Back to Basics","player_choice":"Elegance","floor":25.0,"gold_loss":0.0,"damage_taken":0.0},{"cards_removed":["Eruption"],"damage_healed":0,"gold_gain":0,"player_choice":"Single Remove","damage_taken":0,"max_hp_gain":0,"max_hp_loss":0,"event_name":"Designer","floor":38,"gold_loss":75}],"is_beta":false,"boss_relics":[{"not_picked":["testmod-Fanaticism","TimeKeys"],"picked":"testmod-PortableAltar"},{"not_picked":["Snecko Eye","MoonlightInvasionPlan"],"picked":"ChiXiaoBlade"}],"items_purged_floors":[20],"is_endless":false,"potions_floor_spawned":[4,6,8,10,16,18,30,33,36,39,44,46],"ascension_level":20}}