{"host":"aapp7ew3jk5k1bvd","time":1613481950,"event":{"mods":["AchievementEnabler","BaseMod","Colored Map","Custom Start","Keyboard Shortcuts","Minty Spire (QoL Compilation)","Permanent Neow","Quick Restart","StSLib","SuperFastMode"],"gold_per_floor":[115,134,59,134,81,81,101,101,101,101,119,129,148,175,175,175,175],"floor_reached":16,"language":"KOR","playtime":321,"items_purged":["Strike_G"],"score":107,"play_id":"2493e9d6-1c73-4a64-b57e-265ed389e108","local_time":"20210216222550","is_ascension_mode":true,"campfire_choices":[{"floor":6,"key":"REST"},{"data":"Cloak And Dagger","floor":8,"key":"SMITH"},{"data":"Glass Knife","floor":10,"key":"SMITH"},{"floor":15,"key":"REST"}],"circlet_count":0,"master_deck":["Strike_G","Strike_G","Strike_G","Strike_G","Defend_G","Defend_G","Defend_G","Defend_G","Defend_G","Survivor","Neutralize","Glass Knife+1","PiercingWail","Cloak And Dagger+1","Leg Sweep","Blade Dance","Footwork","Noxious Fumes"],"relics":["Ring of the Snake","Letter Opener","Singing Bowl"],"acts_visited":["Exordium"],"potions_floor_usage":[],"damage_taken":[{"damage":0,"enemies":"Jaw Worm","floor":1,"turns":3},{"damage":0,"enemies":"2 Louse","floor":2,"turns":3},{"damage":0,"enemies":"Cultist","floor":7,"turns":3},{"damage":0,"enemies":"Looter","floor":11,"turns":3},{"damage":0,"enemies":"Large Slime","floor":12,"turns":6},{"damage":0,"enemies":"3 Louse","floor":13,"turns":4},{"damage":16,"enemies":"Gremlin Nob","floor":14,"turns":4},{"damage":3,"enemies":"Slime Boss","floor":16,"turns":6}],"seed_played":"7132995595506351333","potions_obtained":[{"floor":2,"key":"Ancient Potion"},{"floor":7,"key":"SmokeBomb"},{"floor":11,"key":"PowerPotion"},{"floor":14,"key":"Swift Potion"}],"is_trial":false,"path_per_floor":["M","M","$","?","$","R","M","R","T","R","M","M","M","E","R","B"],"character_chosen":"THE_SILENT","items_purchased":["Cloak And Dagger"],"campfire_rested":2,"item_purchase_floors":[5],"current_hp_per_floor":[49,49,49,38,38,59,59,59,59,59,59,59,59,43,64,61,61],"gold":175,"neow_bonus":"THREE_RARE_CARDS","is_daily":false,"chose_seed":false,"campfire_upgraded":2,"win_rate":0.0,"timestamp":1613481950,"path_taken":["M","M","$","?","$","R","M","R","T","R","M","M","M","E","R","BOSS"],"items_purchased_type":["Card"],"build_version":"2020-12-22","purchased_purges":1,"victory":false,"max_hp_per_floor":[70,70,70,70,70,70,70,70,70,70,70,70,70,70,70,70,70],"card_choices":[{"not_picked":["Bullet Time","Phantasmal Killer"],"picked":"Glass Knife","floor":0},{"not_picked":["PiercingWail","Dagger Throw","Deadly Poison"],"picked":"SKIP","floor":1},{"not_picked":["Dagger Throw","Deadly Poison"],"picked":"PiercingWail","floor":1},{"not_picked":["Deadly Poison","Bane","Sucker Punch"],"picked":"SKIP","floor":2},{"not_picked":["Flying Knee","Quick Slash","Outmaneuver"],"picked":"SKIP","floor":7},{"not_picked":["Expertise","Catalyst"],"picked":"Leg Sweep","floor":11},{"not_picked":["Dagger Spray","Infinite Blades"],"picked":"Blade Dance","floor":12},{"not_picked":["Quick Slash","Leg Sweep"],"picked":"Footwork","floor":13},{"not_picked":["Caltrops","Expertise"],"picked":"Noxious Fumes","floor":14}],"player_experience":1007182,"relics_obtained":[{"floor":9,"key":"Letter Opener"},{"floor":14,"key":"Singing Bowl"}],"event_choices":[{"damage_healed":0,"gold_gain":75,"player_choice":"Gather Gold","damage_taken":11,"max_hp_gain":0,"max_hp_loss":0,"event_name":"World of Goop","floor":4,"gold_loss":0}],"is_beta":false,"boss_relics":[],"items_purged_floors":[3],"is_endless":false,"potions_floor_spawned":[2,7,11,14],"killed_by":"Slime Boss","ascension_level":1}}