{"host":"suw5tyb7z6zbnnfs","time":1613442685,"event":{"mods":["AchievementEnabler","BaseMod","Colored Map","Minty Spire (QoL Compilation)"],"gold_per_floor":[116,132,307,317,16,48,48,80,80,80,105,105,120,133,133,238,238,254,254,254,299,43,69,69,79,79,79,98,116,215,240,240,345,345,358,208,208,219,269,294,294,325,348,348,367,384,384,416,416,416],"floor_reached":51,"language":"ENG","playtime":6699,"items_purged":["Doubt","Strike_P","Strike_P"],"score":1248,"play_id":"342ef115-9bb8-4aaa-a6a9-e72959f3d610","local_time":"20210215213125","is_ascension_mode":true,"campfire_choices":[{"floor":10.0,"key":"REST"},{"floor":15.0,"key":"REST"},{"data":"Eruption","floor":24.0,"key":"SMITH"},{"data":"Vault","floor":27.0,"key":"SMITH"},{"data":"SashWhip","floor":32.0,"key":"SMITH"},{"floor":41.0,"key":"REST"},{"floor":49,"key":"REST"}],"circlet_count":0,"master_deck":["Strike_P","Strike_P","Defend_P","Defend_P","Defend_P","Defend_P","Eruption+1","Vigilance","Evaluate","CutThroughFate","MentalFortress","BattleHymn","EmptyMind","EmptyFist","SashWhip+1","MentalFortress","Vault+1","ThirdEye+1","Necronomicurse","Blasphemy","Wireheading","FlurryOfBlows+1","TalkToTheHand","Devotion+1","Devotion+1","ReachHeaven","CrushJoints","ClearTheMind+1","Wallop+1","Vault+1","Brilliance+1","FlurryOfBlows+1","DeceiveReality+1"],"relics":["HolyWater","Tiny Chest","Vajra","InkBottle","Blue Candle","Mercury Hourglass","Odd Mushroom","Thread and Needle","Gremlin Horn","Necronomicon","Toy Ornithopter","Incense Burner","Du-Vu Doll","Frozen Egg 2","Black Star","Molten Egg 2","Ice Cream","Bag of Preparation","Bag of Marbles","Shuriken","PreservedInsect","Toxic Egg 2","Sundial","The Courier"],"acts_visited":["TheCity","TheBeyond"],"potions_floor_usage":[50],"damage_taken":[{"damage":2.0,"enemies":"2 Louse","floor":1.0,"turns":3.0},{"damage":11.0,"enemies":"Small Slimes","floor":2.0,"turns":3.0},{"damage":8.0,"enemies":"Jaw Worm","floor":4.0,"turns":6.0},{"damage":35.0,"enemies":"3 Sentries","floor":6.0,"turns":12.0},{"damage":7.0,"enemies":"Lagavulin","floor":8.0,"turns":5.0},{"damage":4.0,"enemies":"The Mushroom Lair","floor":11.0,"turns":4.0},{"damage":0.0,"enemies":"Looter","floor":13.0,"turns":1.0},{"damage":6.0,"enemies":"Exordium Wildlife","floor":14.0,"turns":3.0},{"damage":29.0,"enemies":"The Guardian","floor":16.0,"turns":8.0},{"damage":3.0,"enemies":"Chosen","floor":18.0,"turns":5.0},{"damage":0.0,"enemies":"Gremlin Leader","floor":23.0,"turns":5.0},{"damage":0.0,"enemies":"Spheric Guardian","floor":25.0,"turns":5.0},{"damage":0.0,"enemies":"Cultist and Chosen","floor":28.0,"turns":4.0},{"damage":10.0,"enemies":"Snake Plant","floor":29.0,"turns":3.0},{"damage":0.0,"enemies":"Book of Stabbing","floor":31.0,"turns":5.0},{"damage":3.0,"enemies":"Automaton","floor":33.0,"turns":8.0},{"damage":22.0,"enemies":"3 Darklings","floor":35.0,"turns":5.0},{"damage":0.0,"enemies":"Orb Walker","floor":38.0,"turns":2.0},{"damage":9.0,"enemies":"2 Orb Walkers","floor":39.0,"turns":4.0},{"damage":22.0,"enemies":"Reptomancer","floor":40.0,"turns":5.0},{"damage":0.0,"enemies":"Giant Head","floor":42.0,"turns":3.0},{"damage":0,"enemies":"Spire Growth","floor":45,"turns":1},{"damage":0,"enemies":"3 Darklings","floor":46,"turns":3},{"damage":0,"enemies":"Nemesis","floor":48,"turns":3},{"damage":12,"enemies":"Donu and Deca","floor":50,"turns":5}],"seed_played":"-7964206550695029979","potions_obtained":[{"floor":6.0,"key":"BottledMiracle"},{"floor":13.0,"key":"BottledMiracle"},{"floor":14.0,"key":"FearPotion"},{"floor":18.0,"key":"BlessingOfTheForge"},{"floor":25.0,"key":"Dexterity Potion"},{"floor":29.0,"key":"Explosive Potion"},{"floor":35.0,"key":"EssenceOfSteel"},{"floor":39.0,"key":"Swift Potion"},{"floor":46,"key":"StancePotion"}],"is_trial":false,"path_per_floor":["M","M","?","M","$","E","?","E","T","R","?","T","M","M","R","B",null,"M","?","?","T","$","E","R","M","T","R","M","M","?","E","R","B",null,"M","$","T","M","?","E","R","E","T","?","M","M","T","E","R","B",null],"character_chosen":"WATCHER","items_purchased":["Vajra","MentalFortress","Blasphemy","CrushJoints"],"campfire_rested":4,"item_purchase_floors":[5,5,22,36],"current_hp_per_floor":[63,52,52,44,44,9,9,2,2,23,19,19,19,13,34,5,55,52,52,36,36,36,41,41,41,41,41,41,31,31,36,36,33,62,45,45,45,45,41,24,45,45,45,45,45,45,45,45,66,59],"gold":416,"neow_bonus":"RANDOM_COMMON_RELIC","is_daily":false,"chose_seed":false,"campfire_upgraded":3,"win_rate":0.0,"timestamp":1613442685,"path_taken":["M","M","?","M","$","E","?","E","T","R","?","?","?","M","R","BOSS","M","?","?","?","?","E","R","M","T","R","?","M","?","E","R","BOSS","M","$","?","M","?","E","R","E","T","?","M","?","?","E","R","BOSS"],"items_purchased_type":["Relic","Card","Card","Card"],"build_version":"2020-12-22","purchased_purges":3,"victory":true,"max_hp_per_floor":[72,72,72,72,72,72,72,72,72,72,72,72,72,72,72,72,72,72,72,72,72,72,72,72,72,72,72,72,72,72,72,72,72,72,72,72,72,72,72,72,72,72,72,72,72,72,72,72,72,72],"card_choices":[{"not_picked":["Halt","PathToVictory","BowlingBash"],"picked":"SKIP","floor":1.0},{"not_picked":["EmptyBody","Weave"],"picked":"Evaluate","floor":2.0},{"not_picked":["FollowUp","InnerPeace"],"picked":"CutThroughFate","floor":4.0},{"not_picked":["DeusExMachina","FlyingSleeves"],"picked":"BattleHymn","floor":6.0},{"not_picked":["Fasting2","Sanctity"],"picked":"EmptyMind","floor":8.0},{"not_picked":["ClearTheMind","BowlingBash"],"picked":"EmptyFist","floor":11.0},{"not_picked":["FlurryOfBlows","Halt"],"picked":"SashWhip","floor":13.0},{"not_picked":["ClearTheMind","CrushJoints"],"picked":"MentalFortress","floor":14.0},{"not_picked":["Devotion","Judgement"],"picked":"Vault","floor":16.0},{"not_picked":["CutThroughFate","Nirvana+1"],"picked":"ThirdEye+1","floor":18.0},{"not_picked":["ThirdEye+1","EmptyBody","Fasting2+1"],"picked":"SKIP","floor":23.0},{"not_picked":["FearNoEvil","WreathOfFlame+1"],"picked":"Wireheading","floor":25.0},{"not_picked":["Fasting2","SignatureMove"],"picked":"FlurryOfBlows+1","floor":28.0},{"not_picked":["FollowUp+1","Prostrate"],"picked":"TalkToTheHand","floor":29.0},{"not_picked":["ThirdEye","EmptyFist"],"picked":"Devotion+1","floor":31.0},{"not_picked":["Blasphemy","DeusExMachina"],"picked":"Devotion+1","floor":33.0},{"not_picked":["CutThroughFate+1","FlurryOfBlows"],"picked":"ReachHeaven","floor":35.0},{"not_picked":["Protect","SashWhip+1","CrushJoints+1"],"picked":"SKIP","floor":38.0},{"not_picked":["Prostrate","ReachHeaven+1"],"picked":"ClearTheMind+1","floor":39.0},{"not_picked":["EmptyFist+1","TalkToTheHand+1"],"picked":"Wallop+1","floor":40.0},{"not_picked":["ReachHeaven+1","Prostrate","BowlingBash+1"],"picked":"SKIP","floor":42.0},{"not_picked":["InnerPeace","ThirdEye"],"picked":"Brilliance+1","floor":45},{"not_picked":["BattleHymn+1","EmptyFist+1"],"picked":"FlurryOfBlows+1","floor":46},{"not_picked":["FollowUp+1","Wireheading+1"],"picked":"DeceiveReality+1","floor":48}],"player_experience":919487,"relics_obtained":[{"floor":6.0,"key":"InkBottle"},{"floor":8.0,"key":"Blue Candle"},{"floor":9.0,"key":"Mercury Hourglass"},{"floor":11.0,"key":"Odd Mushroom"},{"floor":12.0,"key":"Thread and Needle"},{"floor":20.0,"key":"Necronomicon"},{"floor":21.0,"key":"Toy Ornithopter"},{"floor":23.0,"key":"Incense Burner"},{"floor":26.0,"key":"Du-Vu Doll"},{"floor":31.0,"key":"Frozen Egg 2"},{"floor":37.0,"key":"Molten Egg 2"},{"floor":39.0,"key":"Ice Cream"},{"floor":40.0,"key":"Bag of Preparation"},{"floor":40.0,"key":"Bag of Marbles"},{"floor":42.0,"key":"Shuriken"},{"floor":42.0,"key":"PreservedInsect"},{"floor":47,"key":"Toxic Egg 2"},{"floor":48,"key":"Sundial"},{"floor":48,"key":"The Courier"}],"event_choices":[{"damage_healed":0.0,"max_hp_gain":0.0,"max_hp_loss":0.0,"gold_gain":175.0,"event_name":"Liars Game","player_choice":"AGREE","floor":3.0,"gold_loss":0.0,"damage_taken":0.0,"cards_obtained":["Doubt"]},{"damage_healed":0.0,"max_hp_gain":0.0,"max_hp_loss":0.0,"gold_gain":0.0,"event_name":"Shining Light","player_choice":"Ignored","floor":7.0,"gold_loss":0.0,"damage_taken":0.0},{"damage_healed":0.0,"max_hp_gain":0.0,"max_hp_loss":0.0,"gold_gain":0.0,"event_name":"Mushrooms","player_choice":"Fought Mushrooms","floor":11.0,"gold_loss":0.0,"damage_taken":0.0},{"damage_healed":0.0,"max_hp_gain":0.0,"max_hp_loss":0.0,"gold_gain":0.0,"event_name":"The Mausoleum","player_choice":"Opened","floor":19.0,"gold_loss":0.0,"damage_taken":0.0,"relics_obtained":["Gremlin Horn"]},{"damage_healed":0.0,"max_hp_gain":0.0,"max_hp_loss":0.0,"gold_gain":0.0,"event_name":"Cursed Tome","player_choice":"Obtained Book","floor":20.0,"gold_loss":0.0,"damage_taken":16.0},{"damage_healed":0.0,"max_hp_gain":0.0,"max_hp_loss":0.0,"gold_gain":99.0,"event_name":"Nest","player_choice":"Stole From Cult","floor":30.0,"gold_loss":0.0,"damage_taken":0.0},{"damage_healed":0.0,"max_hp_gain":0.0,"max_hp_loss":0.0,"gold_gain":0.0,"event_name":"Mysterious Sphere","player_choice":"Fight","floor":39.0,"gold_loss":0.0,"damage_taken":0.0},{"damage_healed":0.0,"max_hp_gain":0.0,"max_hp_loss":0.0,"gold_gain":0.0,"event_name":"Duplicator","player_choice":"Copied","floor":44.0,"gold_loss":0.0,"damage_taken":0.0,"cards_obtained":["Vault"]}],"is_beta":false,"boss_relics":[{"not_picked":["Ectoplasm","Astrolabe"],"picked":"HolyWater"},{"not_picked":["Velvet Choker","Runic Pyramid"],"picked":"Black Star"}],"items_purged_floors":[5,22,36],"is_endless":false,"potions_floor_spawned":[6,13,14,18,25,29,35,39,46],"ascension_level":8}}