{"host":"za1qviwhp34x909e","time":1613459051,"event":{"mods":["Act Like it!","BaseMod","Colored Map","Colored Powertips","Downfall","Highlight Path","Hubris","Koishi","Marisa????????","Minty Spire (QoL Compilation)","Quick Restart","Reimu??????","Replay The Spire","StSLib","The Servant 0.9.4"],"gold_per_floor":[110,123,123,134,27,27,61,61,61,61,95,95,20,36,36,36,36],"floor_reached":16,"language":"ENG","playtime":756,"items_purged":["Regret"],"score":108,"play_id":"04c857fb-2bdf-40eb-bacc-c57290008883","local_time":"20210216010411","is_ascension_mode":false,"campfire_choices":[{"data":"Koishi:CatchAndRose","floor":6,"key":"SMITH"},{"data":"Koishi:SubterraneanRose","floor":12,"key":"SMITH"},{"data":"Koishi:Whimsy","floor":15,"key":"SMITH"}],"circlet_count":0,"master_deck":["Koishi:BasicStrike","Koishi:BasicStrike","Koishi:BasicStrike","Koishi:BasicDefend","Koishi:BasicDefend","Koishi:BasicDefend","Koishi:BasicDefend","Koishi:Provoke","Koishi:HauntingSlash","Koishi:Ego","Koishi:SubterraneanRose+1","Koishi:CatchAndRose+1","Koishi:SpiritedAway","Koishi:MindNumbingTerror","Koishi:FidgetySnatcher+1","Koishi:Jaunt","Koishi:Whimsy+1","Koishi:DreadfulBlow","Koishi:StingingMind"],"relics":["Koishi:ImaginaryFriend","Koishi:BloodstainedWhiteRose","Toy Ornithopter","Shuriken","hubris:Teleporter"],"acts_visited":["Exordium"],"potions_floor_usage":[7,11,14],"damage_taken":[{"damage":4,"enemies":"2 Louse","floor":1,"turns":2},{"damage":0,"enemies":"Small Slimes","floor":2,"turns":5},{"damage":0,"enemies":"Jaw Worm","floor":4,"turns":5},{"damage":5,"enemies":"Lagavulin","floor":7,"turns":7},{"damage":25,"enemies":"3 Sentries","floor":11,"turns":6},{"damage":0,"enemies":"Blue Slaver","floor":14,"turns":3},{"damage":48,"enemies":"The Guardian","floor":16,"turns":9}],"seed_played":"-8170294558975227607","potions_obtained":[{"floor":1,"key":"BlessingOfTheForge"},{"floor":2,"key":"SkillPotion"},{"floor":7,"key":"Explosive Potion"},{"floor":14,"key":"ZuzhouPotion:ReiMu"}],"is_trial":false,"path_per_floor":["M","M","?","M","$","R","E","?","T","?","E","R","$","M","R","B"],"character_chosen":"KOISHI","items_purchased":["Koishi:FidgetySnatcher+1","Koishi:Jaunt"],"campfire_rested":0,"item_purchase_floors":[5,5],"current_hp_per_floor":[56,57,57,58,58,58,55,55,55,55,36,36,36,46,46,0,0],"gold":36,"neow_bonus":"ONE_RANDOM_RARE_CARD","is_daily":false,"chose_seed":false,"campfire_upgraded":3,"win_rate":0.0,"timestamp":1613459051,"path_taken":["M","M","?","M","$","R","E","?","T","?","E","R","$","?","R","BOSS"],"items_purchased_type":["Card","Card"],"build_version":"2020-12-22","purchased_purges":1,"victory":false,"max_hp_per_floor":[60,60,60,60,60,60,60,60,60,60,60,60,60,60,60,60,60],"card_choices":[{"not_picked":["Koishi:MassHysteria","Koishi:YoukaiPolygraph"],"picked":"Koishi:SubterraneanRose","floor":1},{"not_picked":["Koishi:StingingMind","Koishi:FidgetySnatcher"],"picked":"Koishi:CatchAndRose","floor":2},{"not_picked":["Koishi:BloodcurdlingScream","Koishi:MassHysteria"],"picked":"Koishi:MindNumbingTerror","floor":4},{"not_picked":["Koishi:MindNumbingTerror","Koishi:ParalyzingFear"],"picked":"Koishi:Whimsy","floor":7},{"not_picked":["Koishi:VengefulSpirit","Koishi:EmbryosDream"],"picked":"Koishi:DreadfulBlow","floor":11},{"not_picked":["Koishi:MassHysteria","Koishi:Jaunt"],"picked":"Koishi:StingingMind","floor":14}],"player_experience":742598,"relics_obtained":[{"floor":7,"key":"Koishi:BloodstainedWhiteRose"},{"floor":9,"key":"Shuriken"},{"floor":11,"key":"hubris:Teleporter"}],"event_choices":[{"damage_healed":0,"gold_gain":0,"cards_transformed":["Koishi:BasicStrike"],"player_choice":"Change","damage_taken":0,"max_hp_gain":0,"max_hp_loss":0,"event_name":"Living Wall","floor":3,"gold_loss":0,"cards_obtained":["Koishi:SpiritedAway"]},{"damage_healed":0,"gold_gain":0,"player_choice":"Box","damage_taken":0,"relics_obtained":["Toy Ornithopter"],"max_hp_gain":0,"max_hp_loss":0,"event_name":"Big Fish","floor":8,"gold_loss":0,"cards_obtained":["Regret"]}],"is_beta":false,"boss_relics":[],"items_purged_floors":[13],"is_endless":false,"potions_floor_spawned":[1,2,7,14],"killed_by":"The Guardian","ascension_level":0}}