{"host":"i0avyit1s6jb1siw","time":1613504028,"event":{"mods":["BaseMod","DeckTracker","Dota2Spire","Highlight Path","Minty Spire (QoL Compilation)","Quick Restart","StSLib","SuperFastMode"],"gold_per_floor":[111,36,54,71,71,71,103,103,123,123,135,6,20,37,64,80,80,151,151,166,216,216,298,318,318,333,333,333],"floor_reached":27,"language":"ENG","playtime":635,"items_purged":["Strike_R"],"score":454,"play_id":"35524587-9f61-4775-b0c3-090daad0294f","local_time":"20210216203348","is_ascension_mode":true,"campfire_choices":[{"data":"Bash","floor":6.0,"key":"SMITH"},{"data":"Fire Breathing","floor":8.0,"key":"SMITH"},{"data":"Burning Pact","floor":17.0,"key":"SMITH"},{"data":"Spot Weakness","floor":25.0,"key":"SMITH"}],"circlet_count":0,"master_deck":["AscendersBane","Strike_R","Strike_R","Strike_R","Defend_R","Defend_R","Defend_R","Defend_R","Bash+1","Wild Strike","Spot Weakness+1","Sword Boomerang","Fire Breathing+1","Pummel","Carnage","Burning Pact+1","Reaper","Flame Barrier+1","Sword Boomerang","Evolve"],"relics":["Burning Blood","Dota2Spire:DrumOfEndurance","WingedGreaves","Dota2Spire:AssaultCuirass","Ice Cream","Sozu"],"acts_visited":["Exordium","TheCity"],"potions_floor_usage":[],"damage_taken":[{"damage":6.0,"enemies":"Jaw Worm","floor":1.0,"turns":4.0},{"damage":6.0,"enemies":"2 Louse","floor":3.0,"turns":3.0},{"damage":2.0,"enemies":"Small Slimes","floor":4.0,"turns":4.0},{"damage":20.0,"enemies":"3 Sentries","floor":7.0,"turns":8.0},{"damage":14.0,"enemies":"3 Louse","floor":9.0,"turns":3.0},{"damage":13.0,"enemies":"Blue Slaver","floor":11.0,"turns":4.0},{"damage":3.0,"enemies":"Looter","floor":13.0,"turns":2.0},{"damage":20.0,"enemies":"Exordium Wildlife","floor":14.0,"turns":4.0},{"damage":28.0,"enemies":"Gremlin Nob","floor":15.0,"turns":4.0},{"damage":6.0,"enemies":"3 Louse","floor":16.0,"turns":4.0},{"damage":17.0,"enemies":"The Guardian","floor":18.0,"turns":10.0},{"damage":25.0,"enemies":"2 Thieves","floor":20.0,"turns":3.0},{"damage":5.0,"enemies":"Shell Parasite","floor":24.0,"turns":3.0},{"damage":32.0,"enemies":"Snake Plant","floor":26.0,"turns":3.0},{"damage":57,"enemies":"Cultist and Chosen","floor":27,"turns":3}],"seed_played":"-4181091287550051305","potions_obtained":[{"floor":4.0,"key":"EssenceOfSteel"},{"floor":7.0,"key":"Block Potion"},{"floor":13.0,"key":"SpeedPotion"},{"floor":14.0,"key":"PowerPotion"}],"is_trial":false,"path_per_floor":["M","?","M","M","?","R","E","R","M","T","M","$","M","M","E","M","R","B",null,"M","?","?","T","M","R","M","M"],"character_chosen":"IRONCLAD","items_purchased":["BloodPotion"],"campfire_rested":0,"item_purchase_floors":[12],"current_hp_per_floor":[68,68,68,72,77,77,63,63,55,55,48,48,67,53,31,31,31,20,65,46,46,46,46,47,47,27,0,0],"gold":333,"neow_bonus":"RANDOM_COMMON_RELIC","is_daily":false,"chose_seed":false,"campfire_upgraded":4,"win_rate":0.0,"timestamp":1613504028,"path_taken":["M","?","M","M","?","R","E","R","M","T","M","$","M","M","E","M","R","BOSS","M","?","?","?","M","R","M","M"],"items_purchased_type":["Potion"],"build_version":"2020-12-22","purchased_purges":1,"victory":false,"max_hp_per_floor":[75,75,75,75,80,80,80,80,80,80,80,80,80,80,80,80,80,80,80,80,80,80,80,80,80,80,80,80],"card_choices":[{"not_picked":["Anger","Entrench"],"picked":"Wild Strike","floor":1.0},{"not_picked":["Clash","Warcry"],"picked":"Spot Weakness","floor":3.0},{"not_picked":["Warcry","Anger"],"picked":"Sword Boomerang","floor":4.0},{"not_picked":["Spot Weakness","Cleave"],"picked":"Fire Breathing","floor":7.0},{"not_picked":["Barricade","Rampage","Sword Boomerang"],"picked":"SKIP","floor":9.0},{"not_picked":["Clothesline","Twin Strike","Sever Soul"],"picked":"SKIP","floor":11.0},{"not_picked":["Pommel Strike","Dark Embrace"],"picked":"Pummel","floor":13.0},{"not_picked":["Spot Weakness","Ghostly Armor"],"picked":"Carnage","floor":14.0},{"not_picked":["Body Slam","Clash","Cleave"],"picked":"SKIP","floor":15.0},{"not_picked":["Dual Wield","Armaments"],"picked":"Burning Pact","floor":16.0},{"not_picked":["Immolate","Double Tap"],"picked":"Reaper","floor":18.0},{"not_picked":["Clash","Cleave"],"picked":"Flame Barrier+1","floor":20.0},{"not_picked":["Blood for Blood","Armaments"],"picked":"Sword Boomerang","floor":24.0},{"not_picked":["True Grit","Intimidate"],"picked":"Evolve","floor":26.0}],"player_experience":2442461,"relics_obtained":[{"floor":7.0,"key":"WingedGreaves"},{"floor":10.0,"key":"Dota2Spire:AssaultCuirass"},{"floor":15.0,"key":"Ice Cream"}],"event_choices":[{"cards_removed":["Strike_R"],"damage_healed":0.0,"max_hp_gain":0.0,"max_hp_loss":0.0,"gold_gain":0.0,"event_name":"The Cleric","player_choice":"Card Removal","floor":2.0,"gold_loss":75.0,"damage_taken":0.0},{"damage_healed":0.0,"max_hp_gain":5.0,"max_hp_loss":0.0,"gold_gain":0.0,"event_name":"Big Fish","player_choice":"Donut","floor":5.0,"gold_loss":0.0,"damage_taken":0.0},{"damage_healed":0.0,"max_hp_gain":0.0,"max_hp_loss":0.0,"gold_gain":50.0,"event_name":"Nest","player_choice":"Stole From Cult","floor":21.0,"gold_loss":0.0,"damage_taken":0.0},{"damage_healed":0.0,"max_hp_gain":0.0,"max_hp_loss":0.0,"gold_gain":0.0,"event_name":"Vampires","player_choice":"Ignored","floor":22.0,"gold_loss":0.0,"damage_taken":0.0}],"is_beta":false,"boss_relics":[{"not_picked":["Black Blood","Empty Cage"],"picked":"Sozu"}],"items_purged_floors":[12],"is_endless":false,"potions_floor_spawned":[4,7,13,14,16,20,24],"killed_by":"Cultist and Chosen","ascension_level":20}}