{"host":"0cnf9zf1gia27zti","time":1613442007,"event":{"mods":["BaseMod","Better Third Choice","BetterRewards","Card Forge","ChefMod","Colored Map","Colored Powertips","Conspire","Downfall","Googly Eyes","Infinite Spire","Minty Spire (QoL Compilation)","Practice Mode","Quick Restart","Replay The Spire","Shade Mod","Spicy Shops","StSLib","The Marked"],"gold_per_floor":[118,73,93,110,60,90,90,3,30,30,61,61,75,101,101,173,223,236,251,104,304,322,322,334,334,382,411,411,31,43,57,57,133,133,155,155,178,4,29,29,29,29,53,87,87,87,87,87,121,145,145,145,145],"floor_reached":54,"language":"ENG","playtime":3346,"items_purged":[],"score":3292,"play_id":"0a72d7c5-9571-4ba0-bca7-beb9939fc886","local_time":"20210216022007","is_ascension_mode":true,"campfire_choices":[{"data":"Defragment","floor":7.0,"key":"SMITH"},{"data":"ReplayTheSpireMod:Calculation Training","floor":15.0,"key":"SMITH"},{"data":"Echo Form","floor":23,"key":"SMITH"},{"data":"Thinking Ahead","floor":25,"key":"SMITH"},{"data":"Defragment","floor":28,"key":"SMITH"},{"data":"Loop","floor":32,"key":"SMITH"},{"data":"Self Repair","floor":40,"key":"SMITH"},{"floor":51,"key":"REST"}],"circlet_count":0,"master_deck":["AscendersBane","Zap+1","Dualcast+1","Defragment+1","Barrage+1","Conserve Battery","Machine Learning","Ball Lightning+1","Conserve Battery+1","Fission+1","Ball Lightning+1","Thinking Ahead+1","Machine Learning","Glacier+1","Self Repair+1","Reinforced Body+1","Defragment+1","Panic Button+1","ReplayTheSpireMod:Calculation Training+1","Amplify+1","Glacier+1","Panic Button+1","Crystallizer+1","Defragment+1","Mayhem+1","Echo Form+1","ReplayTheSpireMod:Calculation Training+1","Conserve Battery+1","Cold Snap+1","Capacitor+1","Loop+1","Meteor Strike+1","Barrage+1","Double Energy+1","Barrage+1","Reboot","Time Bomb+1","Panic Button+1","Madness+1","Madness+1","Meteor Strike+1","Impatience","ReplayTheSpireMod:Brewmster","Finesse+1","Force Field+1","White Noise+1","ReplayTheSpireMod:Calculation Training+1"],"relics":["Cracked Core","Hammer of Thor","Seething Fire","Anvil of the Gods","Eternal Feather","Medical Kit","Molten Egg 2","Runic Capacitor","Replay:Baseball","infinitespire:Satchel","Membership Card","Symbiotic Virus","Question Card","Chemical X","Regal Pillow","DollysMirror","Replay:Wax Seal","Dream Catcher","infinitespire:EmpoweringShard","PreservedInsect","Replay:Rubber Ducky","Emotion Chip","Odd Mushroom","Tiny House","Prayer Wheel","infinitespire:Freezer","Gremlin Food","Blue Doll","MealTicket","Tiny Chest","infinitespire:EvilPickle","Thread and Needle","Mango","Blood Vial","Garlic","infinitespire:Bottled Soul","Whetstone"],"acts_visited":["Exordium","TheCity","TheBeyond"],"potions_floor_usage":[33,39,49,49,50,52,52,53,53,53,53,53,53,53,53],"damage_taken":[{"damage":8.0,"enemies":"2 Louse","floor":1.0,"turns":3.0},{"damage":0.0,"enemies":"Cultist","floor":3.0,"turns":2.0},{"damage":0.0,"enemies":"Small Slimes","floor":4.0,"turns":2.0},{"damage":0.0,"enemies":"Lagavulin","floor":6.0,"turns":5.0},{"damage":0.0,"enemies":"3 Sentries","floor":11.0,"turns":3.0},{"damage":0.0,"enemies":"2 Fungi Beasts","floor":13.0,"turns":2.0},{"damage":0.0,"enemies":"The Mushroom Lair","floor":14.0,"turns":2.0},{"damage":21.0,"enemies":"Hexaghost","floor":16.0,"turns":6.0},{"damage":0,"enemies":"conspire:FuzzyDice","floor":18,"turns":4},{"damage":7,"enemies":"2 Thieves","floor":19,"turns":4},{"damage":0,"enemies":"3 Cultists","floor":22,"turns":6},{"damage":3,"enemies":"Centurion and Healer","floor":24,"turns":5},{"damage":0,"enemies":"Replay:Snechameleon","floor":27,"turns":3},{"damage":0,"enemies":"Cultist and Chosen","floor":30,"turns":4},{"damage":15,"enemies":"Shelled Parasite and Fungi","floor":31,"turns":3},{"damage":20,"enemies":"Pondfish","floor":33,"turns":8},{"damage":11,"enemies":"3 Shapes","floor":35,"turns":4},{"damage":0,"enemies":"3 Darklings","floor":37,"turns":3},{"damage":5,"enemies":"Mind Bloom Boss Battle","floor":39,"turns":6},{"damage":0,"enemies":"Giant Head","floor":44,"turns":5},{"damage":45,"enemies":"Reptomancer","floor":49,"turns":5},{"damage":0,"enemies":"Spire Growth","floor":50,"turns":5},{"damage":4,"enemies":"infinitespire:MassOfShapes","floor":52,"turns":13},{"damage":31,"enemies":"Time Eater","floor":53,"turns":13}],"seed_played":"8960690593363742863","potions_obtained":[{"floor":1.0,"key":"Adrenaline Potion"},{"floor":11.0,"key":"Swift Potion"},{"floor":17,"key":"CultistPotion"},{"floor":18,"key":"BlessingOfTheForge"},{"floor":35,"key":"CultistPotion"},{"floor":39,"key":"SpeedPotion"},{"floor":44,"key":"DuplicationPotion"},{"floor":50,"key":"AttackPotion"}],"is_trial":false,"path_per_floor":["M","$","M","M","$","E","R","$","T","?","E","?","M","?","R","B",null,"M","M","$","?","M","R","M","R","T","E","R","$","M","M","R","B",null,"M","$","M","$","?","R","?","$","T","E","T","?","PTL","PTL","E","M","R","B","B",null],"character_chosen":"DEFECT","items_purchased":["Eternal Feather","Medical Kit","Defragment","Molten Egg 2","Barrage+1","Conserve Battery","Runic Capacitor","Machine Learning","Replay:Baseball","infinitespire:Satchel","Membership Card","Symbiotic Virus","Ball Lightning+1","Conserve Battery","Question Card","Fission","FIFO Queue","Ball Lightning+1","Chemical X","Regal Pillow","Thinking Ahead","DollysMirror","Replay:Wax Seal","Glacier","Dream Catcher","Self Repair","Reinforced Body","Defragment","Panic Button","PreservedInsect","Defragment","Mayhem","Loop","Blue Doll","MealTicket","Tiny Chest","Meteor Strike+1","Thread and Needle"],"campfire_rested":1,"item_purchase_floors":[0,0,0,0,0,0,0,0,0,0,0,0,0,0,0,0,0,0,0,0,0,0,0,0,0,0,2,5,5,8,20,20,29,29,29,29,29,38],"current_hp_per_floor":[63,63,63,70,70,71,71,71,71,71,71,71,71,71,71,57,73,76,76,76,76,76,76,76,76,76,76,76,76,76,61,76,70,75,76,76,76,76,90,90,74,89,89,90,90,80,80,80,37,49,90,90,69],"gold":145,"neow_bonus":"","is_daily":false,"chose_seed":false,"campfire_upgraded":7,"win_rate":0.0,"timestamp":1613442007,"path_taken":["M","$","M","M","$","E","R","$","T","?","E","?","M","?","R","BOSS","M","M","$","?","M","R","M","R","T","E","R","$","M","M","R","BOSS","M","$","M","?","?","R","?","$","T","E","?","?","PTL","PTL","E","M","R","BOSS","BOSS"],"items_purchased_type":["Relic","Relic","Card","Relic","Card","Card","Relic","Card","Relic","Relic","Relic","Relic","Card","Card","Relic","Card","Card","Card","Relic","Relic","Card","Relic","Relic","Card","Relic","Card","Card","Card","Card","Relic","Card","Card","Card","Relic","Relic","Relic","Card","Relic"],"build_version":"2020-12-22","purchased_purges":0,"victory":true,"max_hp_per_floor":[71,71,71,71,71,71,71,71,71,71,71,71,71,71,71,71,76,76,76,76,76,76,76,76,76,76,76,76,76,76,76,76,76,76,76,76,76,76,90,90,90,90,90,90,90,90,90,90,90,90,90,90,90],"card_choices":[{"not_picked":["Rebound+1","Chaos","Coolheaded","Stack"],"picked":"SKIP","floor":1.0},{"not_picked":["Ball Lightning+1","Blizzard+1","Rebound+1","Beam Cell+1"],"picked":"SKIP","floor":3.0},{"not_picked":["Reprogram","Steam","Hello World","Melter+1"],"picked":"SKIP","floor":4.0},{"not_picked":["Panic Button","Hologram","Recycle","Go for the Eyes+1"],"picked":"SKIP","floor":6.0},{"not_picked":["Hello World","conspire:SharedLibrary","Undo"],"picked":"ReplayTheSpireMod:Calculation Training","floor":11.0},{"not_picked":["Go for the Eyes+1","Turbo","Hologram","Sunder+1"],"picked":"SKIP","floor":13.0},{"not_picked":["Steam","Reinforced Body","Beam Cell+1"],"picked":"Amplify","floor":14.0},{"not_picked":["Machine Learning","Meteor Strike+1","Mirror Shield"],"picked":"ReplayTheSpireMod:Fabricate Wheel","floor":16.0},{"not_picked":["Rebound+1","Conserve Battery","ReplayGash+1"],"picked":"Glacier","floor":17},{"not_picked":["conspire:Rain","Rebound+1","BasicCrystalCard"],"picked":"Panic Button","floor":18},{"not_picked":["Cold Snap+1","Chaos","Coolheaded"],"picked":"Crystallizer","floor":19},{"not_picked":["Sweeping Beam+1","Skim","Panic Button"],"picked":"ReplayTheSpireMod:Calculation Training","floor":22},{"not_picked":["Turbo","Compile Driver+1","Static Discharge+1"],"picked":"Conserve Battery+1","floor":22},{"not_picked":["Rainbow","conspire:SharedLibrary","Conserve Battery"],"picked":"Cold Snap+1","floor":24},{"not_picked":["Skim","BasicCrystalCard","Panic Button","Lockon+1"],"picked":"SKIP","floor":24},{"not_picked":["Panic Button","Leap","Gash+1"],"picked":"Capacitor","floor":27},{"not_picked":["Ball Lightning+1","Conserve Battery","Panic Button"],"picked":"Barrage+1","floor":30},{"not_picked":["Panic Button","Turbo","Beam Cell+1","Sweeping Beam+1"],"picked":"SKIP","floor":30},{"not_picked":["Storm","Undo","ReplayGash+1"],"picked":"Double Energy","floor":31},{"not_picked":["ReplayTheSpireMod:Dual Polarity","ReplayTheSpireMod:Reroute Power","Heatsinks"],"picked":"Barrage+1","floor":31},{"not_picked":["Biased Cognition","Buffer","Creative AI"],"picked":"Reboot","floor":33},{"not_picked":["Redo","ReplaySort","Auto Shields+1"],"picked":"Time Bomb+1","floor":35},{"not_picked":["Stack","Beam Cell+1","Compile Driver+1","Cold Snap+1"],"picked":"SKIP","floor":35},{"not_picked":["Thunder Strike+1","Stack","ReplayTheSpireMod:Reroute Power"],"picked":"Panic Button+1","floor":37},{"not_picked":["Hologram","Gash+1","Steam","Ball Lightning+1"],"picked":"SKIP","floor":37},{"not_picked":["Rainbow","Beam Cell+1","Redo"],"picked":"Meteor Strike+1","floor":44},{"not_picked":["Specialist","ReplayTheSpireMod:Trickstab+1","The Bomb"],"picked":"Impatience","floor":46},{"not_picked":["Jack Of All Trades","Trip","Specialist"],"picked":"ReplayTheSpireMod:Brewmster","floor":46},{"not_picked":["Jack Of All Trades","Deep Breath","Discovery"],"picked":"Finesse","floor":46},{"not_picked":["Darkness","Melter+1","Conserve Battery"],"picked":"Force Field+1","floor":49},{"not_picked":["Barrage+1","Streamline+1","Beam Cell+1"],"picked":"White Noise+1","floor":50},{"not_picked":["Beam Cell+1","Coolheaded","Conserve Battery"],"picked":"ReplayTheSpireMod:Calculation Training","floor":50}],"player_experience":3825469,"relics_obtained":[{"floor":6.0,"key":"infinitespire:EmpoweringShard"},{"floor":9.0,"key":"Replay:Rubber Ducky"},{"floor":11.0,"key":"Emotion Chip"},{"floor":14.0,"key":"Odd Mushroom"},{"floor":26,"key":"infinitespire:Freezer"},{"floor":27,"key":"Gremlin Food"},{"floor":39,"key":"Mango"},{"floor":43,"key":"Blood Vial"},{"floor":44,"key":"Garlic"},{"floor":45,"key":"infinitespire:Bottled Soul"},{"floor":49,"key":"Whetstone"}],"event_choices":[{"damage_healed":0.0,"max_hp_gain":0.0,"max_hp_loss":0.0,"gold_gain":0.0,"event_name":"conspire:LoneGhost","player_choice":"Agree","floor":10.0,"gold_loss":0.0,"damage_taken":0.0},{"damage_healed":0.0,"max_hp_gain":0.0,"max_hp_loss":0.0,"gold_gain":0.0,"event_name":"Mushrooms","player_choice":"Fought Mushrooms","floor":14.0,"gold_loss":0.0,"damage_taken":0.0},{"damage_healed":0,"gold_gain":200,"player_choice":"Gold","damage_taken":0,"max_hp_gain":0,"max_hp_loss":0,"event_name":"Wheel of Change","floor":21,"gold_loss":0},{"damage_healed":0,"gold_gain":0,"player_choice":"Fight","damage_taken":0,"max_hp_gain":0,"max_hp_loss":0,"event_name":"MindBloom","floor":39,"gold_loss":0},{"damage_healed":0,"gold_gain":0,"player_choice":"Embrace Madness","damage_taken":16,"max_hp_gain":0,"max_hp_loss":0,"event_name":"Winding Halls","floor":41,"gold_loss":0,"cards_obtained":["Madness","Madness"]},{"damage_healed":0,"gold_gain":0,"player_choice":"Memory 3","damage_taken":10,"max_hp_gain":0,"max_hp_loss":0,"event_name":"SensoryStone","floor":46,"gold_loss":0}],"is_beta":false,"boss_relics":[{"not_picked":["Snecko Heart","Coffee Dripper"],"picked":"Tiny House"},{"not_picked":["Abe\u0027s Treasure","Velvet Choker","Replay:Drink Me"]}],"items_purged_floors":[],"is_endless":false,"potions_floor_spawned":[1,11,13,18,24,30,31,35,39,44,50],"ascension_level":20}}