{"host":"z8galgznf6llawpn","time":1613440099,"event":{"mods":["AchievementEnabler","Act Like it!","Aspiration","BaseMod","Colored Map","Conspire","Energized Spire","Friendly Minions","Lobotomy","Menagerie","Minty Spire (QoL Compilation)","Permanent Neow","Relic Sorter","Replay The Spire","StSLib","The Blue Laboratory","Unceasing Turn Reminder"],"gold_per_floor":[112,112,123,138,153,187,203,203,226,226,226,271,271],"floor_reached":12,"language":"ENG","playtime":488,"items_purged":[],"score":84,"play_id":"c48d1e7d-54c9-4351-892e-c03b6da1044b","local_time":"20210215204819","is_ascension_mode":true,"campfire_choices":[{"floor":8,"key":"REST"},{"data":"Gash","floor":11,"key":"SMITH"}],"circlet_count":0,"master_deck":["Strike_B","Strike_B","Strike_B","Strike_B","Defend_B","Defend_B","Defend_B","Defend_B","Zap","Dualcast","LittleHelper","Sweeping Beam+1","BeautyBeast","Gash+1","Skim","GalaxyChild","Ball Lightning","Wellcheers","ReplayGash","Rudolta","Conserve Battery+1"],"relics":["Cracked Core","CogitoBucket","conspire:Dentures","HellTrain","Replay:Bandana"],"acts_visited":["Exordium"],"potions_floor_usage":[],"damage_taken":[{"damage":0,"enemies":"conspire:RoseBush","floor":1,"turns":3},{"damage":1,"enemies":"Cultist","floor":3,"turns":3},{"damage":1,"enemies":"Jaw Worm","floor":4,"turns":3},{"damage":0,"enemies":"2 Fungi Beasts","floor":5,"turns":3},{"damage":24,"enemies":"Lagavulin","floor":6,"turns":5},{"damage":21,"enemies":"Red Slaver","floor":7,"turns":3}],"seed_played":"-1744281780376344235","potions_obtained":[{"floor":5,"key":"BlessingOfTheForge"},{"floor":6,"key":"Block Potion"}],"is_trial":false,"path_per_floor":["M","?","M","M","M","E","M","R","T","?","R","E"],"character_chosen":"DEFECT","items_purchased":[],"campfire_rested":1,"item_purchase_floors":[],"current_hp_per_floor":[75,75,74,73,73,49,28,50,50,50,50,0,0],"gold":271,"neow_bonus":"","is_daily":false,"chose_seed":false,"campfire_upgraded":1,"win_rate":0.0,"timestamp":1613440099,"path_taken":["M","?","M","M","M","E","M","R","T","?","R","E"],"items_purchased_type":[],"build_version":"2020-12-22","purchased_purges":0,"victory":false,"max_hp_per_floor":[75,75,75,75,75,75,75,75,75,75,75,75,75],"card_choices":[{"not_picked":["MeatLantern","ShyLook"],"picked":"LittleHelper","floor":1},{"not_picked":["conspire:Rain","Steam Power"],"picked":"Sweeping Beam","floor":1},{"not_picked":["Alriune","Wellcheers"],"picked":"BeautyBeast","floor":3},{"not_picked":["Leap","Self Repair"],"picked":"Gash","floor":3},{"not_picked":["Barrage","Sweeping Beam"],"picked":"Skim","floor":4},{"not_picked":["CherryBlossoms","Scorched"],"picked":"GalaxyChild","floor":5},{"not_picked":["ReplayTheSpireMod:Fabricate Wheel","Turbo"],"picked":"Ball Lightning","floor":5},{"not_picked":["MHz","OSAHOGD"],"picked":"Wellcheers","floor":6},{"not_picked":["Skim","Steam"],"picked":"ReplayGash","floor":6},{"not_picked":["Scorched","CherryBlossoms"],"picked":"Rudolta","floor":7},{"not_picked":["ReplayTheSpireMod:System Scan","Steam"],"picked":"Conserve Battery","floor":7}],"player_experience":412795,"relics_obtained":[{"floor":6,"key":"conspire:Dentures"},{"floor":9,"key":"Replay:Bandana"}],"event_choices":[{"damage_healed":0,"gold_gain":0,"player_choice":"Forge","damage_taken":0,"max_hp_gain":0,"max_hp_loss":0,"event_name":"Accursed Blacksmith","floor":2,"gold_loss":0,"cards_upgraded":["Sweeping Beam"]},{"damage_healed":0,"gold_gain":0,"player_choice":"Grow","damage_taken":0,"max_hp_gain":0,"max_hp_loss":0,"event_name":"Living Wall","floor":10,"gold_loss":0,"cards_upgraded":["Conserve Battery"]}],"is_beta":false,"boss_relics":[],"items_purged_floors":[],"is_endless":false,"potions_floor_spawned":[5,6],"killed_by":"3 Sentries","ascension_level":1}}