{"host":"zsm7bdfo51n66z45","time":1613495288,"event":{"mods":["AchievementEnabler","BaseMod","Bestiary","Better Skull","Better Third Choice","Colored Powertips","Conspire","DeckTracker","Mimic Mod","Minty Spire (QoL Compilation)","Quick Restart","Relic Sorter","Relic Stats","Spicy Shops","StSLib","Waifu the Spire"],"gold_per_floor":[109,9,51,74,122,122,188,188,248,261,309,343,379,411,411,433,433],"floor_reached":16,"language":"ENG","playtime":787,"items_purged":[],"score":108,"play_id":"1e83911f-0b73-4068-bf25-6f3f09dbdb2f","local_time":"20210216110808","is_ascension_mode":false,"campfire_choices":[{"data":"Steam","floor":6,"key":"SMITH"},{"floor":8,"key":"REST"},{"floor":15,"key":"REST"}],"circlet_count":0,"master_deck":["Strike_B","Strike_B","Strike_B","Strike_B","Defend_B","Defend_B","Defend_B","Defend_B","Zap","Dualcast","Seek","Hologram","conspire:SpireCoStock","conspire:SpireCoStock","Doom and Gloom","Steam+1","Thunder Strike","Beam Cell","Sweeping Beam","Coolheaded","Chill","Cold Snap"],"relics":["Cracked Core","Gambling Chip","Orichalcum"],"acts_visited":["Exordium"],"potions_floor_usage":[14,16,16,16],"damage_taken":[{"damage":0,"enemies":"conspire:RoseBush","floor":1,"turns":3},{"damage":7,"enemies":"Jaw Worm","floor":3,"turns":5},{"damage":5,"enemies":"Cultist","floor":4,"turns":4},{"damage":12,"enemies":"Blue Slaver","floor":5,"turns":6},{"damage":31,"enemies":"3 Sentries","floor":7,"turns":6},{"damage":9,"enemies":"Exordium Wildlife","floor":9,"turns":6},{"damage":3,"enemies":"Exordium Wildlife","floor":10,"turns":2},{"damage":0,"enemies":"Exordium Thugs","floor":11,"turns":3},{"damage":1,"enemies":"3 Louse","floor":12,"turns":2},{"damage":6,"enemies":"Blue Slaver","floor":13,"turns":4},{"damage":10,"enemies":"Large Slime","floor":14,"turns":5},{"damage":35,"enemies":"Slime Boss","floor":16,"turns":10}],"seed_played":"7672598146290651306","potions_obtained":[{"floor":1,"key":"Ancient Potion"},{"floor":10,"key":"Energy Potion"},{"floor":11,"key":"DistilledChaos"},{"floor":12,"key":"LiquidBronze"},{"floor":14,"key":"GamblersBrew"}],"is_trial":false,"path_per_floor":["M","?","M","M","M","R","E","R","MIM","M","M","M","M","M","R","B"],"character_chosen":"DEFECT","items_purchased":[],"campfire_rested":2,"item_purchase_floors":[],"current_hp_per_floor":[75,75,68,63,51,51,20,42,33,30,30,29,23,13,35,0,0],"gold":433,"neow_bonus":"ONE_RANDOM_RARE_CARD","is_daily":false,"chose_seed":false,"campfire_upgraded":1,"win_rate":0.0,"timestamp":1613495288,"path_taken":["M","?","M","M","M","R","E","R","MIM","?","M","M","M","M","R","BOSS"],"items_purchased_type":[],"build_version":"2020-12-22","purchased_purges":0,"victory":false,"max_hp_per_floor":[75,75,75,75,75,75,75,75,75,75,75,75,75,75,75,75,75],"relic_stats":{"counters":[12,56],"Gambling Chip":[12],"Orichalcum":[54],"obtain_stats":[{"Gambling Chip":7,"Orichalcum":9,"Cracked Core":0},{"Gambling Chip":5,"Orichalcum":6,"Cracked Core":0},{"Gambling Chip":24,"Orichalcum":30,"Cracked Core":0}]},"card_choices":[{"not_picked":["Auto Shields","Stack"],"picked":"Hologram","floor":1},{"not_picked":["Leap","Recycle"],"picked":"Doom and Gloom","floor":3},{"not_picked":["Hello World","Scrape","Reinforced Body"],"picked":"SKIP","floor":4},{"not_picked":["Turbo","Gash"],"picked":"Steam","floor":5},{"not_picked":["Hologram","Auto Shields"],"picked":"Thunder Strike","floor":7},{"not_picked":["BootSequence","Steam Power"],"picked":"Beam Cell","floor":9},{"not_picked":["Hologram","Skim","Compile Driver"],"picked":"SKIP","floor":10},{"not_picked":["Conserve Battery","Reprogram"],"picked":"Sweeping Beam","floor":11},{"not_picked":["Turbo","Melter"],"picked":"Coolheaded","floor":12},{"not_picked":["Steam","Ball Lightning"],"picked":"Chill","floor":13},{"not_picked":["FTL","Doom and Gloom"],"picked":"Cold Snap","floor":14}],"player_experience":157111,"relics_obtained":[{"floor":7,"key":"Gambling Chip"},{"floor":9,"key":"Orichalcum"}],"event_choices":[{"damage_healed":0,"gold_gain":0,"player_choice":"Invest 2","damage_taken":0,"max_hp_gain":0,"max_hp_loss":0,"event_name":"conspire:Investor","floor":2,"gold_loss":0}],"is_beta":false,"boss_relics":[],"items_purged_floors":[],"is_endless":false,"potions_floor_spawned":[1,10,11,12,13,14],"killed_by":"Slime Boss","ascension_level":0}}