{"host":"knk89g45d3vzr5fm","time":1613494667,"event":{"mods":["2.2 Compatiblity","BaseMod","Downfall","Minty Spire (QoL Compilation)","Relic Stats","Reliquary","Replay The Spire","StSLib","The Marked"],"gold_per_floor":[274,294,307,407,420,420,420,420],"floor_reached":6,"language":"FRA","playtime":390,"items_purged":[],"score":161,"play_id":"e9802bc0-c9e1-4b96-9eb7-337332c5db2e","local_time":"20210216175747","is_ascension_mode":true,"campfire_choices":[],"circlet_count":0,"master_deck":["AscendersBane","sneckomod:Strike","sneckomod:Strike","sneckomod:Strike","sneckomod:Defend","sneckomod:Defend","sneckomod:Defend","sneckomod:TailWhip","sneckomod:SnekBite","sneckomod:Unknown","sneckomod:Unknown","Doubt","sneckomod:UnknownUncommonAttack","sneckomod:ImprovisedAttack","CurseOfTheBell","CurseOfTheBell","downfall:Malfunctioning","sneckomod:SerpentMind","Shame","ReplayTheSpireMod:Restless Dread","sneckomod:PureSnecko"],"relics":["sneckomod:SneckoSoul","downfall:ExtraCursedBell","Slimebound:StickyStick","bronze:DecasWashers","Girya"],"acts_visited":["Exordium"],"potions_floor_usage":[3],"damage_taken":[{"damage":13,"enemies":"Small Slimes","floor":2,"turns":6},{"damage":1,"enemies":"2 Louse","floor":3,"turns":3},{"damage":35,"enemies":"Cultist","floor":5,"turns":6},{"damage":51,"enemies":"Lagavulin","floor":6,"turns":7}],"seed_played":"3327832812857256146","potions_obtained":[{"floor":2,"key":"SteroidPotion"},{"floor":3,"key":"CultistPotion"}],"is_trial":false,"path_per_floor":["R","M","M","?","M","E"],"character_chosen":"THE_SNECKO","items_purchased":[],"campfire_rested":0,"item_purchase_floors":[],"current_hp_per_floor":[83,70,69,74,39,0,0,0],"gold":420,"neow_bonus":"TEN_PERCENT_HP_BONUS","is_daily":false,"chose_seed":false,"campfire_upgraded":0,"win_rate":0.0,"timestamp":1613494667,"path_taken":["R","M","M","?","M","E"],"items_purchased_type":[],"build_version":"2020-12-22","purchased_purges":0,"victory":false,"max_hp_per_floor":[91,91,91,96,96,96,96,96],"relic_stats":{"counters":[4,22],"obtain_stats":[{"Girya":4,"Slimebound:StickyStick":4,"bronze:DecasWashers":4,"downfall:ExtraCursedBell":4,"sneckomod:SneckoSoul":0},{"Girya":2,"Slimebound:StickyStick":2,"bronze:DecasWashers":2,"downfall:ExtraCursedBell":2,"sneckomod:SneckoSoul":0},{"Girya":9,"Slimebound:StickyStick":9,"bronze:DecasWashers":9,"downfall:ExtraCursedBell":9,"sneckomod:SneckoSoul":0}]},"card_choices":[{"not_picked":["sneckomod:Unknown2Cost","sneckomod:CheapStock"],"picked":"sneckomod:UnknownUncommonAttack","floor":2},{"not_picked":["sneckomod:UnknownStrike","sneckomod:UnknownBlock"],"picked":"sneckomod:ImprovisedAttack","floor":3},{"not_picked":["sneckomod:SoulRoll","sneckomod:UnknownUncommonSkill"],"picked":"sneckomod:PureSnecko","floor":5}],"player_experience":2208336,"relics_obtained":[{"floor":4,"key":"Slimebound:StickyStick"},{"floor":4,"key":"bronze:DecasWashers"},{"floor":4,"key":"Girya"}],"event_choices":[],"is_beta":false,"boss_relics":[],"items_purged_floors":[],"is_endless":false,"potions_floor_spawned":[2,3],"killed_by":"Lagavulin","ascension_level":14}}