{"host":"i9n1mqtt8ldiczit","time":1613486631,"event":{"mods":["BaseMod","Colored Map","Custom Start","Hermit","Minty Spire (QoL Compilation)","StSLib","SuperFastMode","The Cursed","The Gatherer","The Hierophant","The Mystic","The Runesmith"],"gold_per_floor":[113,124,140,152,164,12,12,12,12,43,43,73,85,20,20,116,116,127,146,162,76,95,124,124,124,124,61,86,100,25,55,55,151,151,161,73,73,90,102,134,134,184,184,204,239,287,303,104,104,104],"floor_reached":51,"language":"KOR","playtime":3025,"items_purged":["hermit:Strike_Hermit","hermit:Defend_Hermit","hermit:Strike_Hermit","hermit:Strike_Hermit","hermit:Brawl","hermit:Roughhouse+1"],"score":959,"play_id":"0cda4619-7623-43bd-beb6-542d05e4d607","local_time":"20210216234351","is_ascension_mode":false,"campfire_choices":[{"data":"hermit:CalledShot","floor":8.0,"key":"SMITH"},{"data":"hermit:CalledShot","floor":15,"key":"SMITH"},{"data":"hermit:Quickdraw","floor":25,"key":"SMITH"},{"data":"hermit:LuckOfTheDraw","floor":32,"key":"SMITH"},{"data":"hermit:Snapshot","floor":41,"key":"SMITH"},{"data":"hermit:Covet","floor":49,"key":"SMITH"}],"circlet_count":0,"master_deck":["hermit:Snapshot+1","hermit:Covet+1","hermit:CalledShot+1","hermit:Spite","hermit:Quickdraw+1","hermit:CalledShot+1","hermit:LuckOfTheDraw+1","hermit:CalledShot+1","hermit:Dive+1","hermit:Deadeye+1","hermit:CalledShot+1"],"relics":["hermit:Momento","Membership Card","Boot","hermit:RyeStalk","Molten Egg 2","Black Star","Oddly Smooth Stone","PreservedInsect","Juzu Bracelet","Pear","Art of War","White Beast Statue","Empty Cage","Lantern","Smiling Mask","StoneCalendar","hermit:Horseshoe","Orichalcum","Akabeko","Unceasing Top","Bag of Preparation","ClockworkSouvenir"],"acts_visited":["Exordium","TheCity","TheBeyond"],"potions_floor_usage":[18,20,23,31,50,50,50],"damage_taken":[{"damage":1.0,"enemies":"Cultist","floor":1.0,"turns":3.0},{"damage":2.0,"enemies":"2 Louse","floor":2.0,"turns":3.0},{"damage":0.0,"enemies":"Small Slimes","floor":3.0,"turns":2.0},{"damage":1.0,"enemies":"3 Louse","floor":4.0,"turns":4.0},{"damage":7.0,"enemies":"Blue Slaver","floor":5.0,"turns":3.0},{"damage":16.0,"enemies":"3 Sentries","floor":10.0,"turns":7.0},{"damage":21,"enemies":"Lagavulin","floor":12,"turns":6},{"damage":0,"enemies":"Large Slime","floor":13,"turns":4},{"damage":5,"enemies":"Hexaghost","floor":16,"turns":3},{"damage":6,"enemies":"2 Thieves","floor":18,"turns":2},{"damage":0,"enemies":"3 Byrds","floor":19,"turns":3},{"damage":9,"enemies":"Centurion and Healer","floor":20,"turns":3},{"damage":2,"enemies":"3 Cultists","floor":22,"turns":5},{"damage":7,"enemies":"Slavers","floor":23,"turns":3},{"damage":0,"enemies":"Book of Stabbing","floor":28,"turns":4},{"damage":0,"enemies":"Snecko","floor":29,"turns":4},{"damage":0,"enemies":"Centurion and Healer","floor":31,"turns":2},{"damage":7,"enemies":"Champ","floor":33,"turns":4},{"damage":0,"enemies":"Orb Walker","floor":35,"turns":2},{"damage":0,"enemies":"3 Darklings","floor":38,"turns":1},{"damage":1,"enemies":"4 Shapes","floor":39,"turns":2},{"damage":0,"enemies":"Nemesis","floor":40,"turns":1},{"damage":0,"enemies":"Mind Bloom Boss Battle","floor":42,"turns":1},{"damage":0,"enemies":"Maw","floor":44,"turns":2},{"damage":0,"enemies":"Reptomancer","floor":45,"turns":1},{"damage":0,"enemies":"2 Orb Walkers","floor":46,"turns":1},{"damage":0,"enemies":"Transient","floor":47,"turns":2},{"damage":0,"enemies":"Awakened One","floor":50,"turns":2}],"seed_played":"6995312410143182206","potions_obtained":[{"floor":3.0,"key":"SteroidPotion"},{"floor":4.0,"key":"SteroidPotion"},{"floor":5.0,"key":"EssenceOfSteel"},{"floor":10,"key":"Swift Potion"},{"floor":16,"key":"SkillPotion"},{"floor":18,"key":"Weak Potion"},{"floor":20,"key":"PowerPotion"},{"floor":28,"key":"ColorlessPotion"},{"floor":29,"key":"BlessingOfTheForge"},{"floor":31,"key":"AttackPotion"},{"floor":33,"key":"hermit:BlackBile"}],"is_trial":false,"path_per_floor":["M","M","M","M","M","$","?","R","T","E","?","E","M","$","R","B",null,"M","M","M","$","M","E","?","R","T","$","E","M","$","M","R","B",null,"M","$","?","M","M","E","R","?","T","M","E","?","M","$","R","B",null],"character_chosen":"HERMIT","items_purchased":["Membership Card","hermit:CalledShot+1","hermit:Deadeye+1","Bag of Preparation","ClockworkSouvenir"],"campfire_rested":0,"item_purchase_floors":[6,14,21,48,48],"current_hp_per_floor":[74,72,72,71,64,64,64,64,64,48,41,20,20,20,20,15,75,69,69,60,60,58,51,51,51,61,61,61,61,61,61,61,54,85,85,85,81,81,80,80,80,80,80,80,80,80,80,80,80,80],"gold":104,"neow_bonus":"TRANSFORM_TWO_CARDS","is_daily":false,"chose_seed":false,"campfire_upgraded":6,"win_rate":0.0,"timestamp":1613486631,"path_taken":["M","M","M","M","M","$","?","R","T","E","?","E","M","$","R","BOSS","M","M","M","$","M","E","?","R","T","?","E","M","$","M","R","BOSS","M","$","?","M","M","E","R","?","T","M","E","?","M","$","R","BOSS"],"items_purchased_type":["Relic","Card","Card","Relic","Relic"],"build_version":"2020-12-22","purchased_purges":6,"victory":true,"max_hp_per_floor":[75,75,75,75,75,75,75,75,75,75,75,75,75,75,75,75,75,75,75,75,75,75,75,75,75,85,85,85,85,85,85,85,85,85,85,85,81,81,81,81,81,81,81,81,81,81,81,81,81,81],"card_choices":[{"not_picked":["hermit:TrackingShot","hermit:LowProfile"],"picked":"hermit:Spite","floor":1.0},{"not_picked":["hermit:Combo","hermit:Deadeye"],"picked":"hermit:Quickdraw","floor":2.0},{"not_picked":["hermit:HighCaliber","hermit:Spite"],"picked":"hermit:CalledShot","floor":3.0},{"not_picked":["hermit:NoHoldsBarred","hermit:SprayPray"],"picked":"hermit:LuckOfTheDraw","floor":4.0},{"not_picked":["hermit:Desperado","hermit:CursedWeapon","hermit:TrackingShot"],"picked":"SKIP","floor":5.0},{"not_picked":["hermit:Gestalt","hermit:Manifest","hermit:DeadMansHand"],"picked":"SKIP","floor":10},{"not_picked":["hermit:Maintenance","hermit:Brawl","hermit:Desperado+1"],"picked":"SKIP","floor":12},{"not_picked":["hermit:TakeCover","hermit:FullyLoaded"],"picked":"hermit:Vantage","floor":13},{"not_picked":["hermit:Magnum+1","hermit:BlackWind+1"],"picked":"hermit:Roughhouse+1","floor":16},{"not_picked":["hermit:HoleUp+1","hermit:TrackingShot+1"],"picked":"hermit:Dive+1","floor":18},{"not_picked":["hermit:Shortfuse+1","hermit:ShadowCloak","hermit:PistolWhip+1"],"picked":"SKIP","floor":19},{"not_picked":["hermit:Desperado+1","hermit:FlashPowder","hermit:BodyArmor+1"],"picked":"SKIP","floor":20},{"not_picked":["hermit:ItchyTrigger+1","hermit:Manifest","hermit:SprayPray+1"],"picked":"SKIP","floor":22},{"not_picked":["hermit:FlashPowder","hermit:Dive","hermit:Desperado+1"],"picked":"SKIP","floor":23},{"not_picked":["hermit:HoleUp","hermit:Roughhouse+1","hermit:NoHoldsBarred+1"],"picked":"SKIP","floor":28},{"not_picked":["hermit:Grudge+1","hermit:Combo","hermit:Coalescence"],"picked":"SKIP","floor":29},{"not_picked":["hermit:Feint","hermit:Horror+1","hermit:Snipe"],"picked":"SKIP","floor":31},{"not_picked":["hermit:ItchyTrigger+1","hermit:CursedWeapon+1","hermit:Malice+1"],"picked":"SKIP","floor":35},{"not_picked":["hermit:HighCaliber+1","hermit:Coalescence+1"],"picked":"hermit:CalledShot+1","floor":38},{"not_picked":["hermit:Malice+1","hermit:Dive+1","hermit:NoHoldsBarred+1"],"picked":"SKIP","floor":39},{"not_picked":["hermit:Purgatory+1","hermit:Roughhouse+1","hermit:LowProfile"],"picked":"SKIP","floor":40},{"not_picked":["hermit:Roulette+1","hermit:Snipe","hermit:Headshot+1"],"picked":"SKIP","floor":44},{"not_picked":["hermit:HighCaliber+1","hermit:Quickdraw+1","hermit:TrackingShot+1"],"picked":"SKIP","floor":45},{"not_picked":["hermit:Manifest+1","hermit:GhostlyPresence+1","hermit:Horror"],"picked":"SKIP","floor":47}],"player_experience":823327,"relics_obtained":[{"floor":9.0,"key":"Boot"},{"floor":10,"key":"hermit:RyeStalk"},{"floor":12,"key":"Molten Egg 2"},{"floor":23,"key":"Oddly Smooth Stone"},{"floor":23,"key":"PreservedInsect"},{"floor":26,"key":"Pear"},{"floor":28,"key":"Art of War"},{"floor":28,"key":"White Beast Statue"},{"floor":40,"key":"Lantern"},{"floor":40,"key":"Smiling Mask"},{"floor":42,"key":"StoneCalendar"},{"floor":43,"key":"hermit:Horseshoe"},{"floor":45,"key":"Orichalcum"},{"floor":45,"key":"Akabeko"},{"floor":46,"key":"Unceasing Top"}],"event_choices":[{"cards_removed":["Normality"],"damage_healed":0.0,"max_hp_gain":0.0,"max_hp_loss":0.0,"gold_gain":0.0,"event_name":"Living Wall","player_choice":"Forget","floor":7.0,"gold_loss":0.0,"damage_taken":0.0},{"cards_removed":["hermit:Defend_Hermit"],"damage_healed":0,"gold_gain":0,"player_choice":"Card Removal","damage_taken":7,"max_hp_gain":0,"max_hp_loss":0,"event_name":"Golden Wing","floor":11,"gold_loss":0},{"damage_healed":0,"gold_gain":0,"player_choice":"Gave Potion","damage_taken":0,"relics_obtained":["Juzu Bracelet"],"max_hp_gain":0,"max_hp_loss":0,"event_name":"WeMeetAgain","floor":24,"gold_loss":0},{"damage_healed":0,"gold_gain":0,"player_choice":"Max HP","damage_taken":0,"max_hp_gain":0,"max_hp_loss":4,"event_name":"Winding Halls","floor":37,"gold_loss":0},{"damage_healed":0,"gold_gain":0,"player_choice":"Fight","damage_taken":0,"max_hp_gain":0,"max_hp_loss":0,"event_name":"MindBloom","floor":42,"gold_loss":0},{"damage_healed":0,"gold_gain":0,"player_choice":"Fight","damage_taken":0,"max_hp_gain":0,"max_hp_loss":0,"event_name":"Mysterious Sphere","floor":46,"gold_loss":0}],"is_beta":false,"boss_relics":[{"not_picked":["Runesmith:UraniumAnvil","Busted Crown"],"picked":"Black Star"},{"not_picked":["SacredBark","Cursed Key"],"picked":"Empty Cage"}],"items_purged_floors":[14,21,27,30,36,48],"is_endless":false,"potions_floor_spawned":[3,4,5,10,16,18,20,28,29,31,33,35,38,39,40,42,44,45,46,47],"ascension_level":0}}