{"host":"Ringo","time":1613490386,"event":{"mods":["BaseMod","Colored Map","Conspire","Dota2Spire","Hubris","Minty Spire (QoL Compilation)","Replay The Spire","StSLib","The Construct","[IsaacMod]ÒÔÈö¼âËþ","¡¾ÒÅÎï¿¨ÅÆ¡¿REMEMod"],"gold_per_floor":[119,119,169,213,363,393,407,438,438,472,519,556,568,640,652,738,750,775,787,474,474,474,534,562,562,562],"floor_reached":25,"language":"ZHS","playtime":581,"items_purged":["Doubt"],"score":1116,"play_id":"5dc4905d-305f-44c7-9b22-ba1971bb43fa","local_time":"20210216234626","daily_mods":["SealedDeck","Vintage","Red Cards","Purple Cards","Colorless Cards","Heirloom","Time Dilation","Flight","DeadlyEvents","Elite Swarm","Lethality","Binary"],"is_ascension_mode":true,"campfire_choices":[{"data":"Tantrum","floor":15,"key":"SMITH"}],"circlet_count":0,"master_deck":["AscendersBane","REME_Fury+1","Flex","Cleave","CutThroughFate","Twin Strike","Shrug It Off","ReplayTheSpireMod:Private Reserves","Tantrum+1","JustLucky","Sword Boomerang+1","FollowUp","Thunderclap","DeusExMachina+1","Wallop","ReplayTheSpireMod:Muscle Training+1","conspire:ExplosiveBarrier+1"],"relics":["Burning Blood","Busted Crown","HushsDoor","REME_ComplimentaryCards","replay:Trail_Library","SatanicBible","Replay:Kaleidoscope","SharpPlug","conspire:BottledYoYo","conspire:TopHat","Gremlin Horn","Oddly Smooth Stone","hubris:Reverence","hubris:ChampionShield","MawBank","Boot","Dota2Spire:HandOfMidas","Toxic Egg 2","Dota2Spire:CrimsonGuard","Dota2Spire:RefresherOrb","GuppysHairball","Counterbalance","Lantern","Replay:Wax Seal","Smiling Mask","NineVolt"],"acts_visited":["Exordium","TheCity"],"potions_floor_usage":[16],"damage_taken":[{"damage":0.0,"enemies":"Small Slimes","floor":1.0,"turns":1.0},{"damage":0.0,"enemies":"Hiden Room Battle","floor":3.0,"turns":1.0},{"damage":0.0,"enemies":"2 Louse","floor":4.0,"turns":1.0},{"damage":0.0,"enemies":"Lagavulin","floor":6.0,"turns":2.0},{"damage":0,"enemies":"Cultist","floor":7,"turns":2},{"damage":0,"enemies":"3 Sentries","floor":8,"turns":2},{"damage":0,"enemies":"Gremlin Nob","floor":10,"turns":1},{"damage":0,"enemies":"Lagavulin","floor":11,"turns":2},{"damage":0,"enemies":"3 Sentries","floor":12,"turns":2},{"damage":0,"enemies":"Lagavulin","floor":14,"turns":2},{"damage":0,"enemies":"Hexaghost","floor":16,"turns":2},{"damage":0,"enemies":"Shell Parasite","floor":18,"turns":1},{"damage":0,"enemies":"Book of Stabbing","floor":23,"turns":3},{"damage":0,"enemies":"Gremlin Leader","floor":24,"turns":2},{"damage":0,"enemies":"Book of Stabbing","floor":25,"turns":1}],"seed_played":"-9163419552158249720","potions_obtained":[{"floor":3.0,"key":"REME_GoldPotion"},{"floor":4.0,"key":"ColorlessPotion"},{"floor":7,"key":"Swift Potion"},{"floor":11,"key":"BloodPotion"},{"floor":18,"key":"Adrenaline Potion"}],"is_trial":true,"path_per_floor":["M","?","?","M","?","E","M","E","T","E","E","E","T","E","R","B",null,"M","?","$","?","T","E","E","E"],"character_chosen":"IRONCLAD","items_purchased":["GuppysHairball","DeusExMachina+1","Wallop","Lantern","conspire:ExplosiveBarrier+1"],"campfire_rested":0,"item_purchase_floors":[17,17,17,20,20],"current_hp_per_floor":[74,51,42,48,48,54,60,66,66,72,75,75,75,75,75,75,58,58,58,58,58,58,58,58,58,58],"gold":562,"neow_bonus":"","is_daily":false,"chose_seed":false,"campfire_upgraded":1,"win_rate":0.0,"timestamp":1613490386,"path_taken":["M","?","?","M","?","E","?","E","T","E","E","E","?","E","R","BOSS","M","?","$","?","?","E","E","E"],"items_purchased_type":["Relic","Card","Card","Relic","Card"],"build_version":"2020-12-18","purchased_purges":1,"victory":false,"max_hp_per_floor":[75,75,75,75,75,75,75,75,75,75,75,75,75,75,75,75,58,58,58,58,58,58,58,58,58,58],"card_choices":[],"player_experience":705228,"relics_obtained":[{"floor":1.0,"key":"SharpPlug"},{"floor":3.0,"key":"conspire:BottledYoYo"},{"floor":3.0,"key":"conspire:TopHat"},{"floor":4.0,"key":"Gremlin Horn"},{"floor":7,"key":"Oddly Smooth Stone"},{"floor":8,"key":"hubris:Reverence"},{"floor":9,"key":"hubris:ChampionShield"},{"floor":10,"key":"MawBank"},{"floor":11,"key":"Boot"},{"floor":12,"key":"Dota2Spire:HandOfMidas"},{"floor":13,"key":"Toxic Egg 2"},{"floor":14,"key":"Dota2Spire:CrimsonGuard"},{"floor":18,"key":"Counterbalance"},{"floor":22,"key":"Replay:Wax Seal"},{"floor":23,"key":"Smiling Mask"},{"floor":24,"key":"NineVolt"}],"event_choices":[{"damage_healed":0.0,"max_hp_gain":0.0,"max_hp_loss":0.0,"gold_gain":0.0,"event_name":"Shining Light","player_choice":"Entered Light","floor":2.0,"gold_loss":0.0,"damage_taken":23.0,"cards_upgraded":["Sword Boomerang","REME_Fury"]},{"damage_healed":0.0,"max_hp_gain":0.0,"max_hp_loss":0.0,"gold_gain":0.0,"event_name":"HidenRoomEvent","player_choice":"Fight","floor":3.0,"gold_loss":0.0,"damage_taken":0.0},{"damage_healed":0.0,"max_hp_gain":0.0,"max_hp_loss":0.0,"gold_gain":150.0,"event_name":"Liars Game","player_choice":"AGREE","floor":5.0,"gold_loss":0.0,"damage_taken":0.0,"cards_obtained":["Doubt"]},{"damage_healed":0,"gold_gain":0,"player_choice":"Simplicity","damage_taken":0,"max_hp_gain":0,"max_hp_loss":0,"event_name":"Back to Basics","floor":21,"gold_loss":0,"cards_upgraded":[]}],"is_beta":true,"boss_relics":[{"not_picked":["hubris:BlackHole","Replay:Drink Me"],"picked":"Dota2Spire:RefresherOrb"},{"not_picked":[]}],"items_purged_floors":[20],"is_endless":false,"potions_floor_spawned":[3,4,7,11,14,18],"killed_by":"Book of Stabbing","ascension_level":20}}