{"host":"yhhyog5h1q67ienp","time":1613506554,"event":{"mods":["AchievementEnabler","BaseMod","Block Reminder","Colored Map","Colored Powertips","Minty Spire (QoL Compilation)","Quick Restart","Relic Stats","StSLib","ojb\u0027s Better Paths Mod","ojb\u0027s Info Mod"],"gold_per_floor":[143,187,187,203,246,246,246],"floor_reached":6,"language":"ENG","playtime":401,"items_purged":[],"score":76,"play_id":"c296307d-4521-4c7c-8f6f-683fd90e712f","local_time":"20210216171554","is_ascension_mode":true,"campfire_choices":[],"circlet_count":0,"master_deck":["AscendersBane","Strike_P","Strike_P","Strike_P","Strike_P","Defend_P","Defend_P","Defend_P","Defend_P","Eruption","Vigilance","Wish","EmptyFist","Conclude","CutThroughFate","MentalFortress"],"relics":["PureWater"],"acts_visited":["Exordium"],"potions_floor_usage":[6],"damage_taken":[{"damage":52,"enemies":"Cultist","floor":1,"turns":8},{"damage":2,"enemies":"Jaw Worm","floor":2,"turns":6},{"damage":0,"enemies":"2 Louse","floor":4,"turns":2},{"damage":13,"enemies":"Red Slaver","floor":5,"turns":5},{"damage":14,"enemies":"3 Sentries","floor":6,"turns":4}],"seed_played":"-6994555075634243048","potions_obtained":[{"floor":5,"key":"BottledMiracle"}],"is_trial":false,"path_per_floor":["M","M","?","M","M","E"],"character_chosen":"WATCHER","items_purchased":[],"campfire_rested":0,"item_purchase_floors":[],"current_hp_per_floor":[9,7,27,27,14,0,0],"gold":246,"neow_bonus":"THREE_RARE_CARDS","is_daily":false,"chose_seed":false,"campfire_upgraded":0,"win_rate":0.0,"timestamp":1613506554,"path_taken":["M","M","?","M","M","E"],"items_purchased_type":[],"build_version":"2020-12-22","purchased_purges":0,"victory":false,"max_hp_per_floor":[62,62,62,62,62,62,62],"relic_stats":{"counters":[5,25],"obtain_stats":[{"PureWater":0},{"PureWater":0},{"PureWater":0}]},"card_choices":[{"not_picked":["DevaForm","ConjureBlade"],"picked":"Wish","floor":0},{"not_picked":["PathToVictory","SashWhip"],"picked":"EmptyFist","floor":1},{"not_picked":["Prostrate","JustLucky"],"picked":"Conclude","floor":2},{"not_picked":["Protect","EmptyBody"],"picked":"CutThroughFate","floor":4},{"not_picked":["DeusExMachina","Consecrate"],"picked":"MentalFortress","floor":5}],"player_experience":1480862,"relics_obtained":[],"event_choices":[{"damage_healed":20,"gold_gain":0,"player_choice":"Banana","damage_taken":0,"max_hp_gain":0,"max_hp_loss":0,"event_name":"Big Fish","floor":3,"gold_loss":0}],"is_beta":false,"boss_relics":[],"items_purged_floors":[],"is_endless":false,"potions_floor_spawned":[5],"killed_by":"3 Sentries","ascension_level":20}}