{"host":"pj7egx7jkoz18hom","time":1613443058,"event":{"mods":["AchievementEnabler","BaseMod","Keyboard Shortcuts","Minty Spire (QoL Compilation)","SuperFastMode"],"gold_per_floor":[15,34,45,45,63,74,88,88,88,88,123,123,48,105,105,205,205,216,35,35,45,245,245,245],"floor_reached":23,"language":"KOR","playtime":822,"items_purged":["Strike_R"],"score":229,"play_id":"464866ac-3413-4f3d-a09c-332a37f1922c","local_time":"20210216113738","is_ascension_mode":true,"campfire_choices":[{"floor":8,"key":"REST"},{"data":"Entrench","floor":10,"key":"SMITH"},{"floor":15,"key":"REST"}],"circlet_count":0,"master_deck":["Strike_R","Strike_R","Strike_R","Defend_R","Defend_R","Defend_R","Defend_R","Bash","Pommel Strike","Carnage","Entrench+1","Thunderclap","Corruption","Seeing Red","Immolate","Metallicize","Barricade","Entrench","Ghostly Armor"],"relics":["Burning Blood","Peace Pipe","Gremlin Horn","Bag of Marbles","PreservedInsect","StoneCalendar","Philosopher\u0027s Stone","Membership Card"],"acts_visited":["Exordium","TheCity"],"potions_floor_usage":[11,11,16,16],"damage_taken":[{"damage":11,"enemies":"2 Louse","floor":1,"turns":2},{"damage":12,"enemies":"Jaw Worm","floor":2,"turns":2},{"damage":1,"enemies":"Cultist","floor":3,"turns":3},{"damage":19,"enemies":"3 Louse","floor":5,"turns":3},{"damage":30,"enemies":"Large Slime","floor":6,"turns":4},{"damage":23,"enemies":"Exordium Wildlife","floor":7,"turns":5},{"damage":19,"enemies":"3 Sentries","floor":11,"turns":7},{"damage":0,"enemies":"Gremlin Nob","floor":14,"turns":2},{"damage":65,"enemies":"The Guardian","floor":16,"turns":8},{"damage":44,"enemies":"3 Byrds","floor":18,"turns":4},{"damage":9,"enemies":"Chosen","floor":21,"turns":7},{"damage":30,"enemies":"Book of Stabbing","floor":23,"turns":3}],"seed_played":"5113357586210210664","potions_obtained":[{"floor":5,"key":"Dexterity Potion"},{"floor":6,"key":"ElixirPotion"},{"floor":7,"key":"AttackPotion"},{"floor":14,"key":"Regen Potion"},{"floor":18,"key":"Ancient Potion"},{"floor":21,"key":"FearPotion"}],"is_trial":false,"path_per_floor":["M","M","M","?","M","M","M","R","T","R","E","?","$","?","R","B",null,"M","$","?","M","?","E"],"character_chosen":"IRONCLAD","items_purchased":["Membership Card","Ghostly Armor"],"campfire_rested":2,"item_purchase_floors":[19,19],"current_hp_per_floor":[75,69,74,67,54,30,13,37,37,37,24,21,21,27,51,7,80,42,42,27,24,24,0,0],"gold":245,"neow_bonus":"ONE_RARE_RELIC","is_daily":false,"chose_seed":false,"campfire_upgraded":1,"win_rate":0.0,"timestamp":1613443058,"path_taken":["M","M","M","?","M","M","M","R","T","R","E","?","$","?","R","BOSS","M","$","?","M","?","E"],"items_purchased_type":["Relic","Card"],"build_version":"2020-12-22","purchased_purges":1,"victory":false,"max_hp_per_floor":[80,80,80,80,80,80,80,80,80,80,80,80,80,80,80,80,80,80,80,85,85,85,85,85],"card_choices":[{"not_picked":["Clash","Wild Strike"],"picked":"Pommel Strike","floor":1},{"not_picked":["Shrug It Off","Wild Strike"],"picked":"Carnage","floor":2},{"not_picked":["Pommel Strike","Sever Soul"],"picked":"Entrench","floor":3},{"not_picked":["Searing Blow","Wild Strike"],"picked":"Thunderclap","floor":5},{"not_picked":["Twin Strike","Sword Boomerang"],"picked":"Corruption","floor":6},{"not_picked":["Twin Strike","Evolve"],"picked":"Seeing Red","floor":7},{"not_picked":["Warcry","Carnage"],"picked":"Immolate","floor":11},{"not_picked":["Evolve","Thunderclap"],"picked":"Metallicize","floor":14},{"not_picked":["Limit Break","Feed"],"picked":"Barricade","floor":16},{"not_picked":["Sever Soul","Warcry"],"picked":"Entrench","floor":18},{"not_picked":["Pommel Strike","Searing Blow","Havoc"],"picked":"SKIP","floor":21}],"player_experience":91668,"relics_obtained":[{"floor":9,"key":"Gremlin Horn"},{"floor":11,"key":"Bag of Marbles"},{"floor":14,"key":"StoneCalendar"}],"event_choices":[{"cards_removed":["Strike_R"],"damage_healed":0,"gold_gain":0,"player_choice":"Card Removal","damage_taken":7,"max_hp_gain":0,"max_hp_loss":0,"event_name":"Golden Wing","floor":4,"gold_loss":0},{"damage_healed":0,"gold_gain":0,"player_choice":"Success","damage_taken":3,"relics_obtained":["PreservedInsect"],"max_hp_gain":0,"max_hp_loss":0,"event_name":"Scrap Ooze","floor":12,"gold_loss":0},{"damage_healed":0,"gold_gain":30,"player_choice":"Searched \u00272\u0027 times","damage_taken":0,"max_hp_gain":0,"max_hp_loss":0,"event_name":"Dead Adventurer","floor":14,"gold_loss":0},{"damage_healed":0,"gold_gain":0,"player_choice":"Shed Blood","damage_taken":20,"max_hp_gain":5,"max_hp_loss":0,"event_name":"Forgotten Altar","floor":20,"gold_loss":0},{"damage_healed":0,"gold_gain":200,"player_choice":"Gold","damage_taken":0,"max_hp_gain":0,"max_hp_loss":0,"event_name":"Wheel of Change","floor":22,"gold_loss":0}],"is_beta":false,"boss_relics":[{"not_picked":["Runic Dome","Astrolabe"],"picked":"Philosopher\u0027s Stone"}],"items_purged_floors":[13],"is_endless":false,"potions_floor_spawned":[5,6,7,14,18,21],"killed_by":"Book of Stabbing","ascension_level":4}}