{"host":"clgpak7dimivr1r3","time":1613506236,"event":{"mods":["BaseMod","Colored Map","Colored Powertips","Curses Come First","Minty Spire (QoL Compilation)","Relic Stats","Say the Spire","StSLib"],"gold_per_floor":[109,123,48,48,67,67,101,118,165,165,36,68,88,99,99,177,177,196,210,210,223,54,54,67,67,67],"floor_reached":25,"language":"ENG","playtime":1476,"items_purged":["Defend_R"],"score":522,"play_id":"e85cd816-2131-4f10-840c-21cb6cd0eccc","local_time":"20210216231036","is_ascension_mode":true,"campfire_choices":[{"data":"Defend_R","floor":6,"key":"SMITH"},{"data":"Impervious","floor":10,"key":"SMITH"},{"data":"Body Slam","floor":15,"key":"SMITH"},{"data":"Shrug It Off","floor":23,"key":"SMITH"}],"circlet_count":0,"master_deck":["AscendersBane","Strike_R","Strike_R","Defend_R","Defend_R","Defend_R+1","Bash","Barricade+1","Feel No Pain","Shrug It Off","Shrug It Off","Impervious+1","Shrug It Off+1","Body Slam+1","Impervious","Disarm","Thunderclap","Seeing Red","Sentinel","Flex+1"],"relics":["Burning Blood","Meat on the Bone","Dream Catcher","Potion Belt","Black Star","Brimstone"],"acts_visited":["Exordium","TheCity"],"potions_floor_usage":[12,13,19,25,25,25],"damage_taken":[{"damage":19,"enemies":"Jaw Worm","floor":1,"turns":5},{"damage":9,"enemies":"2 Louse","floor":2,"turns":3},{"damage":6,"enemies":"Cultist","floor":5,"turns":5},{"damage":7,"enemies":"3 Sentries","floor":7,"turns":22},{"damage":2,"enemies":"Red Slaver","floor":8,"turns":7},{"damage":0,"enemies":"Lagavulin","floor":12,"turns":13},{"damage":3,"enemies":"Looter","floor":13,"turns":5},{"damage":0,"enemies":"Large Slime","floor":14,"turns":6},{"damage":0,"enemies":"Slime Boss","floor":16,"turns":12},{"damage":1,"enemies":"Chosen","floor":18,"turns":7},{"damage":0,"enemies":"3 Byrds","floor":19,"turns":3},{"damage":3,"enemies":"Sentry and Sphere","floor":21,"turns":14},{"damage":57,"enemies":"3 Cultists","floor":24,"turns":7},{"damage":39,"enemies":"Book of Stabbing","floor":25,"turns":4}],"seed_played":"858568010352949907","potions_obtained":[{"floor":5,"key":"ElixirPotion"},{"floor":7,"key":"PowerPotion"},{"floor":8,"key":"Explosive Potion"},{"floor":16,"key":"Strength Potion"},{"floor":18,"key":"ColorlessPotion"},{"floor":21,"key":"Ancient Potion"},{"floor":24,"key":"SpeedPotion"}],"is_trial":false,"path_per_floor":["M","M","?","?","M","R","E","M","T","R","$","E","M","M","R","B",null,"M","M","?","M","$","R","M","E"],"character_chosen":"IRONCLAD","items_purchased":["Shrug It Off","Brimstone"],"campfire_rested":0,"item_purchase_floors":[11,22],"current_hp_per_floor":[55,52,52,52,52,52,51,55,55,55,55,61,64,70,70,75,75,75,75,75,75,75,75,36,0,0],"gold":67,"neow_bonus":"ONE_RANDOM_RARE_CARD","is_daily":false,"chose_seed":false,"campfire_upgraded":4,"win_rate":0.0,"timestamp":1613506236,"path_taken":["M","M","?","?","M","R","E","M","T","R","$","E","M","M","R","BOSS","M","M","?","M","$","R","M","E"],"items_purchased_type":["Card","Relic"],"build_version":"2020-12-22","purchased_purges":1,"victory":false,"max_hp_per_floor":[75,75,75,75,75,75,75,75,75,75,75,75,75,75,75,75,75,75,75,75,75,75,75,75,75,75],"relic_stats":{"Dream Catcher":0,"counters":[14,113],"Black Star":0,"obtain_stats":[{"Potion Belt":12,"Dream Catcher":9,"Brimstone":22,"Black Star":17,"Burning Blood":0,"Meat on the Bone":7},{"Potion Belt":6,"Dream Catcher":5,"Brimstone":12,"Black Star":9,"Burning Blood":0,"Meat on the Bone":4},{"Potion Belt":55,"Dream Catcher":42,"Brimstone":102,"Black Star":78,"Burning Blood":0,"Meat on the Bone":35}],"Burning Blood":63,"Meat on the Bone":12},"card_choices":[{"not_picked":["Headbutt","Heavy Blade"],"picked":"Feel No Pain","floor":1},{"not_picked":["Perfected Strike","Anger"],"picked":"Shrug It Off","floor":2},{"not_picked":["Spot Weakness","Dropkick"],"picked":"Shrug It Off","floor":5},{"not_picked":["Flex","Wild Strike"],"picked":"Impervious","floor":7},{"not_picked":["Heavy Blade","Warcry","Dark Embrace"],"picked":"SKIP","floor":8},{"not_picked":["Thunderclap","Pommel Strike"],"picked":"Body Slam","floor":12},{"not_picked":["Sentinel","Shrug It Off","Pummel"],"picked":"SKIP","floor":13},{"not_picked":["Pommel Strike","Clash","Anger"],"picked":"SKIP","floor":14},{"not_picked":["Brutality","Corruption"],"picked":"Impervious","floor":16},{"not_picked":["Sword Boomerang+1","Perfected Strike+1"],"picked":"Disarm","floor":18},{"not_picked":["Heavy Blade+1","Wild Strike"],"picked":"Thunderclap","floor":19},{"not_picked":["Cleave","Shrug It Off"],"picked":"Flex+1","floor":21},{"not_picked":["Clothesline","Rupture","Rage"],"picked":"SKIP","floor":24}],"player_experience":140384,"relics_obtained":[{"floor":7,"key":"Meat on the Bone"},{"floor":9,"key":"Dream Catcher"},{"floor":12,"key":"Potion Belt"}],"event_choices":[{"cards_removed":["Strike_R"],"damage_healed":0,"gold_gain":0,"player_choice":"Card Removal","damage_taken":0,"max_hp_gain":0,"max_hp_loss":0,"event_name":"The Cleric","floor":3,"gold_loss":75},{"damage_healed":0,"gold_gain":0,"player_choice":"Grow","damage_taken":0,"max_hp_gain":0,"max_hp_loss":0,"event_name":"Living Wall","floor":4,"gold_loss":0,"cards_upgraded":["Barricade"]},{"damage_healed":0,"gold_gain":0,"cards_transformed":["Strike_R","Strike_R"],"player_choice":"Became Test Subject","damage_taken":0,"max_hp_gain":0,"max_hp_loss":0,"event_name":"Drug Dealer","floor":20,"gold_loss":0,"cards_obtained":["Seeing Red","Sentinel"]}],"is_beta":false,"boss_relics":[{"not_picked":["Black Blood","Astrolabe"],"picked":"Black Star"}],"items_purged_floors":[11],"is_endless":false,"potions_floor_spawned":[5,7,8,16,18,21,24],"killed_by":"Book of Stabbing","ascension_level":16}}