{"host":"erh089znuovh6twj","time":1613485520,"event":{"mods":["AchievementEnabler","Act Like it!","Aspiration","BaseMod","Better Note","Better Skull","Better Third Choice","BetterRewards","Defuse TimeMaze Blight","Energized Spire","Hermit","Highlight Path","Hubris","Infinite Spire","Minty Spire (QoL Compilation)","Permanent Neow","Quick Restart","Replay The Spire","StSLib","The Jungle","everything is the same but u backflip on backflip"],"gold_per_floor":[116,71,71,81,91,119,131,150,150,160,160,193,209,219,219,219,219],"floor_reached":16,"language":"ENG","playtime":764,"items_purged":[],"score":128,"play_id":"ec42df16-468a-45b1-810f-f85ced462275","local_time":"20210216092520","is_ascension_mode":true,"campfire_choices":[{"floor":11,"key":"REST"},{"floor":15,"key":"REST"}],"circlet_count":0,"master_deck":["Strike_R","Strike_R","Strike_R","Strike_R","Defend_R","Defend_R","Defend_R","Defend_R","Bash","Heavy Blade","Body Slam","Shrug It Off","Entrench","Metallicize","Sentinel","Offering","Feel No Pain","Sentinel"],"relics":["Burning Blood","aspiration:Nostalgia","Sizzling Blood","ReplayTheSpireMod:Lightbulb","hubris:DisguiseKit","Pen Nib"],"acts_visited":["Exordium"],"potions_floor_usage":[8,10,14,16,16],"damage_taken":[{"damage":12,"enemies":"2 Louse","floor":1,"turns":3},{"damage":11,"enemies":"Cultist","floor":4,"turns":4},{"damage":0,"enemies":"Small Slimes","floor":5,"turns":3},{"damage":52,"enemies":"3 Sentries","floor":6,"turns":12},{"damage":14,"enemies":"3 Louse","floor":7,"turns":4},{"damage":8,"enemies":"Exordium Thugs","floor":8,"turns":5},{"damage":2,"enemies":"Blue Slaver","floor":10,"turns":4},{"damage":40,"enemies":"Gremlin Nob","floor":12,"turns":5},{"damage":11,"enemies":"Looter","floor":13,"turns":2},{"damage":6,"enemies":"Exordium Wildlife","floor":14,"turns":2},{"damage":71,"enemies":"Hexaghost","floor":16,"turns":14}],"seed_played":"6416978902834308875","potions_obtained":[{"floor":6,"key":"FearPotion"},{"floor":7,"key":"Energy Potion"},{"floor":8,"key":"Venom Potion"},{"floor":12,"key":"Explosive Potion"},{"floor":14,"key":"SteroidPotion"}],"is_trial":false,"path_per_floor":["M","$","?","M","M","E","M","M","T","M","R","E","M","M","R","B"],"character_chosen":"IRONCLAD","items_purchased":["Body Slam"],"campfire_rested":2,"item_purchase_floors":[2],"current_hp_per_floor":[82,82,82,81,84,42,38,40,40,48,73,43,42,46,71,0,0],"gold":219,"neow_bonus":"NOSTALGIA","is_daily":false,"chose_seed":false,"campfire_upgraded":0,"win_rate":0.0,"timestamp":1613485520,"path_taken":["M","$","?","M","M","E","?","?","T","M","R","E","?","M","R","BOSS"],"items_purchased_type":["Card"],"build_version":"2020-12-22","purchased_purges":0,"victory":false,"max_hp_per_floor":[84,84,84,84,84,84,84,84,84,84,84,84,84,84,84,84,84],"card_choices":[{"not_picked":["Second Wind","ReplayTheSpireMod:Strike From Hell"],"picked":"Heavy Blade","floor":1},{"not_picked":["Sword Boomerang","Havoc","Thunderclap"],"picked":"SKIP","floor":4},{"not_picked":["Pommel Strike","Sword Boomerang","Thunderclap"],"picked":"SKIP","floor":5},{"not_picked":["Wild Strike","infinitespire:OneForAll"],"picked":"Shrug It Off","floor":6},{"not_picked":["Wild Strike","Perfected Strike"],"picked":"Entrench","floor":7},{"not_picked":["Pommel Strike","Twin Strike"],"picked":"Metallicize","floor":8},{"not_picked":["Massacre","Burning Pact","Protect"],"picked":"Sentinel","floor":10},{"not_picked":["Power Through","True Grit","WaveOfTheHand"],"picked":"Offering","floor":12},{"not_picked":["Clothesline","Heavy Blade","BattleHymn"],"picked":"Feel No Pain","floor":13},{"not_picked":["ReplayTheSpireMod:Strike From Hell","Armaments","BowlingBash"],"picked":"Sentinel","floor":14}],"player_experience":372569,"relics_obtained":[{"floor":6,"key":"ReplayTheSpireMod:Lightbulb"},{"floor":9,"key":"hubris:DisguiseKit"},{"floor":12,"key":"Pen Nib"}],"event_choices":[{"cards_removed":["Strike_R"],"damage_healed":0,"gold_gain":0,"player_choice":"Offered Basic","damage_taken":0,"max_hp_gain":0,"max_hp_loss":0,"event_name":"Bonfire Elementals","floor":3,"gold_loss":0}],"is_beta":false,"boss_relics":[],"items_purged_floors":[],"is_endless":false,"potions_floor_spawned":[6,7,8,12,14],"killed_by":"Hexaghost","ascension_level":2}}