{"host":"za1qviwhp34x909e","time":1613444715,"event":{"mods":["Act Like it!","BaseMod","Colored Map","Colored Powertips","Downfall","Highlight Path","Hubris","Koishi","Marisa????????","Minty Spire (QoL Compilation)","Quick Restart","Reimu??????","Replay The Spire","StSLib","The Servant 0.9.4"],"gold_per_floor":[365,365,150,150,2,36,51,51,51,78,78,105,124,141,141,141,141],"floor_reached":16,"language":"ENG","playtime":800,"items_purged":["Poor:ReiMu","Strike_P"],"score":119,"play_id":"6c6b6e06-f451-48f6-82df-e86774d614ed","local_time":"20210215210515","is_ascension_mode":true,"campfire_choices":[{"floor":15,"key":"REST"}],"circlet_count":0,"master_deck":["Strike_S","Strike_S","Strike_S","Strike_S","Defend_S","Defend_S","Defend_S","Defend_S","KidneyShot","Exchange","champ:Defend","Defy","DoubleEdge","Spin","Defy","Unruled","SpecialFormula","Starlight","Regret","BottledTime","Moonlight","MurderousAura"],"relics":["Uniform","YidongShenshe:ReiMu","Replay:Arrowhead","Pen Nib","Replay:Multitool","Replay:Bottled Steam","hubris:BundleOfHerbs","Odd Mushroom"],"acts_visited":["Exordium"],"potions_floor_usage":[6,6,10,10],"damage_taken":[{"damage":5,"enemies":"Jaw Worm","floor":1,"turns":4},{"damage":29,"enemies":"3 Sentries","floor":6,"turns":11},{"damage":0,"enemies":"Cultist","floor":7,"turns":3},{"damage":36,"enemies":"Gremlin Nob","floor":10,"turns":4},{"damage":2,"enemies":"The Mushroom Lair","floor":12,"turns":2},{"damage":4,"enemies":"Small Slimes","floor":13,"turns":3},{"damage":4,"enemies":"2 Fungi Beasts","floor":14,"turns":2},{"damage":31,"enemies":"Hexaghost","floor":16,"turns":9}],"seed_played":"5927152902330733076","potions_obtained":[{"floor":1,"key":"Milkshake"},{"floor":4,"key":"Fruit Juice"},{"floor":4,"key":"SkillPotion"},{"floor":6,"key":"Dexterity Potion"},{"floor":7,"key":"Languid Potion"},{"floor":14,"key":"Adrenaline Potion"}],"is_trial":false,"path_per_floor":["M","?","$","?","$","E","M","?","T","E","?","?","M","M","R","B"],"character_chosen":"THE_SERVANT","items_purchased":["DoubleEdge","Spin","Defy","Unruled"],"campfire_rested":1,"item_purchase_floors":[3,3,3,5],"current_hp_per_floor":[60,60,60,60,60,36,36,36,36,5,5,8,4,5,26,0,0],"gold":141,"neow_bonus":"TWO_FIFTY_GOLD","is_daily":false,"chose_seed":false,"campfire_upgraded":0,"win_rate":0.0,"timestamp":1613444715,"path_taken":["M","?","$","?","$","E","?","?","T","E","?","?","M","M","R","BOSS"],"items_purchased_type":["Card","Card","Card","Card"],"build_version":"2020-12-22","purchased_purges":2,"victory":false,"max_hp_per_floor":[65,65,65,65,65,70,70,70,70,70,70,70,70,70,70,70,70],"card_choices":[{"not_picked":["Advance","Spin"],"picked":"Defy","floor":1},{"not_picked":["GearUp","TimeWarp"],"picked":"SpecialFormula","floor":6},{"not_picked":["Alleviate","StarChef"],"picked":"Starlight","floor":7},{"not_picked":["ShatteredReality","SurpressingFire"],"picked":"BottledTime","floor":10},{"not_picked":["Foresight","GearUp"],"picked":"Moonlight","floor":12},{"not_picked":["StarChef","Revamp","Alleviate"],"picked":"SKIP","floor":13},{"not_picked":["Misdirection","Defy"],"picked":"MurderousAura","floor":14}],"player_experience":732450,"relics_obtained":[{"floor":6,"key":"Replay:Arrowhead"},{"floor":9,"key":"Replay:Multitool"},{"floor":10,"key":"Replay:Bottled Steam"},{"floor":12,"key":"Odd Mushroom"}],"event_choices":[{"damage_healed":0,"gold_gain":0,"player_choice":"Take Tiny Shrine away","damage_taken":0,"relics_obtained":["YidongShenshe:ReiMu"],"max_hp_gain":0,"max_hp_loss":0,"event_name":"yidonshenshe","floor":2,"gold_loss":0,"cards_obtained":["Poor:ReiMu"]},{"damage_healed":0,"gold_gain":0,"player_choice":"Got Potions","damage_taken":0,"max_hp_gain":0,"max_hp_loss":0,"event_name":"Lab","floor":4,"gold_loss":0},{"damage_healed":0,"gold_gain":0,"player_choice":"Box","damage_taken":0,"relics_obtained":["Pen Nib"],"max_hp_gain":0,"max_hp_loss":0,"event_name":"Big Fish","floor":8,"gold_loss":0,"cards_obtained":["Regret"]},{"damage_healed":0,"gold_gain":0,"player_choice":"Searched \u00271\u0027 times","damage_taken":0,"relics_obtained":["hubris:BundleOfHerbs"],"max_hp_gain":0,"max_hp_loss":0,"event_name":"Dead Adventurer","floor":11,"gold_loss":0},{"damage_healed":0,"gold_gain":0,"player_choice":"Fought Mushrooms","damage_taken":0,"max_hp_gain":0,"max_hp_loss":0,"event_name":"Mushrooms","floor":12,"gold_loss":0}],"is_beta":false,"boss_relics":[],"items_purged_floors":[3,5],"is_endless":false,"potions_floor_spawned":[1,6,7,13,14],"killed_by":"Hexaghost","ascension_level":2}}