{"host":"mo324zvkdr1xwprd","time":1613479729,"event":{"mods":["A Penny For Your Troubles","BaseMod","Better Note","Better Third Choice","BetterRewards","Hermit","Highlight Path","Hubris","Minty Spire (QoL Compilation)","Quick Restart","Rare Cards Sparkle","Shop Mod","StSLib","The Cursed","The Hierophant","The Servant 0.9.4","Transform Curses"],"gold_per_floor":[112,129,140,4,4,4,4,38,92,130,24,68,93,132,132,260,260,280,96,96,121,146,146,189,207,230,266,266,307,307,330,330,461,461,486,121,137,156,219,257,257,290,315,350,375,375,389,428,428,429,429,429,14,57,57],"floor_reached":56,"language":"ENG","playtime":3437,"items_purged":[],"score":2346,"play_id":"c1e40190-f66f-4185-868a-2e2dfd1d7f86","local_time":"20210216124849","is_ascension_mode":true,"campfire_choices":[{"floor":6.0,"key":"REST"},{"data":"1","floor":15.0,"key":"LIFT"},{"data":"2","floor":23.0,"key":"LIFT"},{"data":"3","floor":30.0,"key":"LIFT"},{"floor":32.0,"key":"REST"},{"floor":41.0,"key":"RECALL"},{"data":"Shockwave","floor":46.0,"key":"SMITH"},{"data":"Seeing Red","floor":49.0,"key":"SMITH"},{"data":"Barricade","floor":52.0,"key":"SMITH"}],"circlet_count":0,"master_deck":["Strike_R","Strike_R+1","Strike_R","Strike_R","Strike_R+1","Defend_R","Defend_R","Defend_R","Defend_R","Bash","Anger","Shrug It Off","Good Instincts","Master of Strategy","Whirlwind","Ghostly Armor","Anger","Iron Wave","Seeing Red+1","Wild Strike","Injury","Burn","Pommel Strike","Anger","Thunderclap","Ghostly Armor","Cleave","Shockwave+1","Exhume","Limit Break","Pommel Strike+1","Rage","Wild Strike+1","Wild Strike","Feed","Seeing Red+1","Sword Boomerang","Anger","Anger+1","Barricade+1","Anger+1","Shrug It Off+1","Warcry+1","Heavy Blade+1","Pummel+1","Disarm+1","Thunderclap+1","hubris:CleavingFinish+1","hubris:Envy","Impervious+1","Parasite","Armaments+1","Battle Trance+1","Clothesline","Metamorphosis+1","Body Slam","Rage+1"],"relics":["Burning Blood","Pantograph","White Beast Statue","Du-Vu Doll","Pen Nib","Paper Frog","Girya","Golden Idol","Whetstone","CaptainsWheel","Torii","Blue Candle","hubris:Backtick","Ice Cream","hubris:EmptyBottle","Toxic Egg 2","Vajra","PreservedInsect","hubris:TenFootPole","Cursed Key","hubris:PeanutButter","hubris:Potato","hubris:ToyBattleship","InkBottle","Bag of Preparation","StoneCalendar","Juzu Bracelet","Nunchaku","Orichalcum"],"acts_visited":["Exordium","TheCity","TheBeyond","TheEnding"],"potions_floor_usage":[55,55,55,55,55],"damage_taken":[{"damage":0.0,"enemies":"2 Louse","floor":1.0,"turns":1.0},{"damage":0.0,"enemies":"Jaw Worm","floor":2.0,"turns":2.0},{"damage":0.0,"enemies":"Small Slimes","floor":3.0,"turns":3.0},{"damage":17.0,"enemies":"Gremlin Nob","floor":8.0,"turns":5.0},{"damage":0.0,"enemies":"Lagavulin","floor":10.0,"turns":4.0},{"damage":2.0,"enemies":"3 Sentries","floor":12.0,"turns":3.0},{"damage":0.0,"enemies":"3 Louse","floor":13.0,"turns":1.0},{"damage":0.0,"enemies":"Gremlin Nob","floor":14.0,"turns":1.0},{"damage":15.0,"enemies":"Hexaghost","floor":16.0,"turns":6.0},{"damage":2.0,"enemies":"2 Thieves","floor":18.0,"turns":3.0},{"damage":9.0,"enemies":"Shell Parasite","floor":21.0,"turns":2.0},{"damage":0.0,"enemies":"3 Cultists","floor":22.0,"turns":3.0},{"damage":1.0,"enemies":"Slavers","floor":24.0,"turns":5.0},{"damage":2.0,"enemies":"Centurion and Healer","floor":25.0,"turns":4.0},{"damage":2.0,"enemies":"Book of Stabbing","floor":27.0,"turns":4.0},{"damage":21.0,"enemies":"Slavers","floor":29.0,"turns":2.0},{"damage":1.0,"enemies":"Snake Plant","floor":31.0,"turns":2.0},{"damage":24.0,"enemies":"Champ","floor":33.0,"turns":5.0},{"damage":0.0,"enemies":"3 Darklings","floor":35.0,"turns":2.0},{"damage":0.0,"enemies":"Orb Walker","floor":37.0,"turns":3.0},{"damage":16.0,"enemies":"Sphere and 2 Shapes","floor":38.0,"turns":3.0},{"damage":0.0,"enemies":"Mind Bloom Boss Battle","floor":39.0,"turns":2.0},{"damage":0.0,"enemies":"Giant Head","floor":40.0,"turns":6.0},{"damage":0.0,"enemies":"Reptomancer","floor":42.0,"turns":2.0},{"damage":12.0,"enemies":"Nemesis","floor":44.0,"turns":3.0},{"damage":0.0,"enemies":"Writhing Mass","floor":45.0,"turns":4.0},{"damage":0.0,"enemies":"Jaw Worm Horde","floor":47.0,"turns":2.0},{"damage":0.0,"enemies":"Reptomancer","floor":48.0,"turns":2.0},{"damage":0.0,"enemies":"hubris:GrandSnecko","floor":50.0,"turns":5.0},{"damage":16.0,"enemies":"Shield and Spear","floor":54.0,"turns":3.0},{"damage":82,"enemies":"The Heart","floor":55,"turns":6}],"seed_played":"5937393638078826378","potions_obtained":[{"floor":1.0,"key":"Block Potion"},{"floor":2.0,"key":"Weak Potion"},{"floor":3.0,"key":"Explosive Potion"},{"floor":8.0,"key":"LiquidMemories"},{"floor":10.0,"key":"Strength Potion"},{"floor":12.0,"key":"DistilledChaos"},{"floor":13.0,"key":"BlessingOfTheForge"},{"floor":14.0,"key":"SpeedPotion"},{"floor":16.0,"key":"Explosive Potion"},{"floor":18.0,"key":"CultistPotion"},{"floor":21.0,"key":"SkillPotion"},{"floor":22.0,"key":"GamblersBrew"},{"floor":24.0,"key":"Block Potion"},{"floor":25.0,"key":"BlessingOfTheForge"},{"floor":27.0,"key":"LiquidBronze"},{"floor":31.0,"key":"ElixirPotion"},{"floor":33.0,"key":"Block Potion"},{"floor":35.0,"key":"PowerPotion"},{"floor":37.0,"key":"Weak Potion"},{"floor":40.0,"key":"DistilledChaos"},{"floor":42.0,"key":"ElixirPotion"},{"floor":45.0,"key":"Swift Potion"},{"floor":47.0,"key":"BlessingOfTheForge"},{"floor":48.0,"key":"DistilledChaos"}],"is_trial":false,"path_per_floor":["M","M","M","$","?","R","?","E","T","E","$","E","M","E","R","B",null,"M","$","?","M","M","R","E","M","T","E","?","E","R","M","R","B",null,"M","$","M","M","?","E","R","E","T","E","M","R","M","E","R","B",null,"R","$","E","B",null],"character_chosen":"IRONCLAD","items_purchased":["Pantograph","White Beast Statue","EntropicBrew","Pen Nib","Paper Frog","Anger","Shrug It Off","Good Instincts","Master of Strategy","Whirlwind","Seeing Red","Wild Strike","Thunderclap","Ghostly Armor","hubris:EmptyBottle","Rage","hubris:PeanutButter","Shrug It Off+1","Warcry+1","Nunchaku","PowerPotion","Metamorphosis+1","Body Slam"],"campfire_rested":2,"item_purchase_floors":[0,0,0,0,0,0,0,0,0,0,4,4,11,11,19,19,36,36,36,53,53,53,53],"current_hp_per_floor":[30,36,42,42,42,66,66,55,55,61,61,65,71,77,77,71,78,80,80,80,77,80,80,80,80,80,80,80,65,65,70,80,62,76,80,80,83,73,83,86,86,86,86,83,89,89,89,89,89,89,89,89,89,79,13],"gold":57,"neow_bonus":"","is_daily":false,"chose_seed":false,"campfire_upgraded":3,"win_rate":0.0,"timestamp":1613479729,"path_taken":["M","M","M","$","?","R","?","E","T","E","?","E","M","E","R","BOSS","M","$","?","M","M","R","E","M","T","E","?","E","R","M","R","BOSS","M","$","M","M","?","E","R","E","T","E","M","R","M","E","R","BOSS","R","$","E","BOSS"],"items_purchased_type":["Relic","Relic","Potion","Relic","Relic","Card","Card","Card","Card","Card","Card","Card","Card","Card","Relic","Card","Relic","Card","Card","Relic","Potion","Card","Card"],"build_version":"2020-12-22","purchased_purges":0,"victory":true,"max_hp_per_floor":[80,80,80,80,80,80,80,80,80,80,80,80,80,80,80,80,80,80,80,80,80,80,80,80,80,80,80,80,80,80,80,80,80,80,80,80,83,83,83,86,86,86,86,89,89,89,89,89,89,89,89,89,89,89,89],"card_choices":[{"not_picked":["Iron Wave","Cleave"],"picked":"Ghostly Armor","floor":1.0},{"not_picked":["Reckless Charge","Whirlwind"],"picked":"Anger","floor":2.0},{"not_picked":["hubris:CleavingFinish","Dark Embrace"],"picked":"Iron Wave","floor":3.0},{"not_picked":["Hemokinesis","Clothesline"],"picked":"Pommel Strike","floor":8.0},{"not_picked":["Twin Strike","Battle Trance"],"picked":"Anger","floor":10.0},{"not_picked":["Headbutt","Double Tap"],"picked":"Cleave","floor":12.0},{"not_picked":["Rage","Battle Trance"],"picked":"Shockwave","floor":13.0},{"not_picked":["Twin Strike","Perfected Strike"],"picked":"Exhume","floor":14.0},{"not_picked":["Exhume","Brutality"],"picked":"Limit Break","floor":16.0},{"not_picked":["Burning Pact","Ghostly Armor"],"picked":"Pommel Strike+1","floor":18.0},{"not_picked":["Clash","Havoc"],"picked":"Wild Strike+1","floor":21.0},{"not_picked":["True Grit","Warcry"],"picked":"Wild Strike","floor":22.0},{"not_picked":["Iron Wave","Sword Boomerang"],"picked":"Feed","floor":24.0},{"not_picked":["Anger","Rage+1"],"picked":"Seeing Red+1","floor":25.0},{"not_picked":["Sentinel+1","Thunderclap"],"picked":"Sword Boomerang","floor":27.0},{"not_picked":["Wild Strike+1","Havoc+1"],"picked":"Anger","floor":29.0},{"not_picked":["Iron Wave","Bloodletting+1"],"picked":"Anger+1","floor":31.0},{"not_picked":["Reaper","Corruption"],"picked":"Barricade","floor":33.0},{"not_picked":["Clash","Flex+1"],"picked":"Anger+1","floor":35.0},{"not_picked":["Wild Strike+1","Sword Boomerang"],"picked":"Heavy Blade+1","floor":37.0},{"not_picked":["hubris:ReadiedAction+1","Dual Wield+1"],"picked":"Pummel+1","floor":38.0},{"not_picked":["Flex+1","Dark Embrace"],"picked":"Disarm+1","floor":39.0},{"not_picked":["Iron Wave+1","Evolve"],"picked":"Thunderclap+1","floor":40.0},{"not_picked":["Reckless Charge+1","Whirlwind+1"],"picked":"hubris:CleavingFinish+1","floor":42.0},{"not_picked":["Perfected Strike","Headbutt"],"picked":"Impervious+1","floor":44.0},{"not_picked":["Wild Strike+1","Heavy Blade"],"picked":"Armaments+1","floor":45.0},{"not_picked":["Wild Strike","Reckless Charge"],"picked":"Battle Trance+1","floor":47.0},{"not_picked":["Double Tap+1","Dual Wield+1"],"picked":"Clothesline","floor":48.0},{"not_picked":["Combust+1","Cleave"],"picked":"Rage+1","floor":54.0}],"player_experience":696786,"relics_obtained":[{"floor":8.0,"key":"Whetstone"},{"floor":10.0,"key":"CaptainsWheel"},{"floor":12.0,"key":"Torii"},{"floor":14.0,"key":"Blue Candle"},{"floor":24.0,"key":"Toxic Egg 2"},{"floor":26.0,"key":"Vajra"},{"floor":27.0,"key":"PreservedInsect"},{"floor":29.0,"key":"hubris:TenFootPole"},{"floor":39.0,"key":"hubris:Potato"},{"floor":40.0,"key":"hubris:ToyBattleship"},{"floor":42.0,"key":"InkBottle"},{"floor":43.0,"key":"Bag of Preparation"},{"floor":44.0,"key":"StoneCalendar"},{"floor":48.0,"key":"Juzu Bracelet"},{"floor":54.0,"key":"Orichalcum"}],"event_choices":[{"damage_healed":0.0,"max_hp_gain":0.0,"max_hp_loss":0.0,"gold_gain":0.0,"event_name":"Golden Idol","player_choice":"Take Wound","floor":5.0,"gold_loss":0.0,"damage_taken":0.0,"relics_obtained":["Golden Idol"],"cards_obtained":["Injury"]},{"damage_healed":66.0,"max_hp_gain":0.0,"max_hp_loss":80.0,"gold_gain":0.0,"event_name":"betterThird:BetterShining","player_choice":"Embrace Burn","floor":7.0,"gold_loss":0.0,"damage_taken":0.0},{"damage_healed":0.0,"max_hp_gain":0.0,"max_hp_loss":0.0,"gold_gain":0.0,"event_name":"Ghosts","player_choice":"Ignored","floor":20.0,"gold_loss":0.0,"damage_taken":0.0},{"damage_healed":0.0,"max_hp_gain":0.0,"max_hp_loss":0.0,"gold_gain":0.0,"event_name":"MindBloom","player_choice":"Fight","floor":39.0,"gold_loss":0.0,"damage_taken":0.0}],"is_beta":false,"boss_relics":[{"not_picked":["hubris:VirtuousBlindfold","Calling Bell"],"picked":"hubris:Backtick"},{"not_picked":["Runic Dome","Pandora\u0027s Box"],"picked":"Cursed Key"}],"items_purged_floors":[],"is_endless":false,"potions_floor_spawned":[1,2,3,8,10,12,13,14,16,18,21,22,24,25,27,29,31,33,35,37,38,39,40,42,44,45,47,48,54],"ascension_level":6}}