{"host":"l2onoeb0kdqo1a9y","time":1613461582,"event":{"mods":["AchievementEnabler","BaseMod","Colored Powertips","Highlight Path","Minty Spire (QoL Compilation)","Quick Restart"],"gold_per_floor":[118,118,133,133,6,44,62,76,76,128,128,153,168,192,192,317,317,331,331,331,351,351,351,382,395,395,420,464,485,506,416,416,540,540,564,589,589,603,626,626,642,642,642,68,68,83,83,101,101,101,101],"floor_reached":50,"language":"ZHS","playtime":1478,"items_purged":["Injury","Bash"],"score":538,"play_id":"c20c1303-e5b3-4b40-939d-a3c8beb9e571","local_time":"20210216154622","is_ascension_mode":false,"campfire_choices":[{"floor":11.0,"key":"RECALL"},{"data":"Armaments","floor":15.0,"key":"SMITH"},{"data":"Inflame","floor":23,"key":"SMITH"},{"data":"Double Tap","floor":32,"key":"SMITH"},{"data":"Infernal Blade","floor":40,"key":"SMITH"},{"data":"Apotheosis","floor":45,"key":"SMITH"},{"data":"Pummel","floor":49,"key":"SMITH"}],"circlet_count":0,"master_deck":["Strike_R","Strike_R+1","Strike_R","Defend_R","Defend_R","Defend_R","Defend_R","Feed+1","Thunderclap","Inflame+1","Armaments+1","Pummel+1","Inflame+1","Heavy Blade+1","Clash","Rage+1","Infernal Blade+1","Double Tap+1","Exhume","Clash","Flex+1","Spot Weakness+1","Apotheosis+1","Parasite","Cleave+1"],"relics":["Black Blood","Golden Idol","Pear","Shuriken","MutagenicStrength","Letter Opener","Meat on the Bone","Tiny Chest","Mercury Hourglass","Coffee Dripper","White Beast Statue","Singing Bowl","Strange Spoon","Art of War"],"acts_visited":["Exordium","TheCity","TheBeyond"],"potions_floor_usage":[24,28,29,33,33,39,50,50],"damage_taken":[{"damage":3.0,"enemies":"Small Slimes","floor":1.0,"turns":4.0},{"damage":11.0,"enemies":"Jaw Worm","floor":3.0,"turns":2.0},{"damage":36.0,"enemies":"Lagavulin","floor":6.0,"turns":4.0},{"damage":8.0,"enemies":"2 Louse","floor":7.0,"turns":3.0},{"damage":12.0,"enemies":"2 Fungi Beasts","floor":8.0,"turns":3.0},{"damage":9.0,"enemies":"Blue Slaver","floor":12.0,"turns":3.0},{"damage":10.0,"enemies":"Looter","floor":13.0,"turns":4.0},{"damage":8.0,"enemies":"Large Slime","floor":14.0,"turns":5.0},{"damage":43.0,"enemies":"Hexaghost","floor":16.0,"turns":9.0},{"damage":25,"enemies":"3 Byrds","floor":18,"turns":6},{"damage":12,"enemies":"Shell Parasite","floor":21,"turns":5},{"damage":46,"enemies":"Book of Stabbing","floor":24,"turns":4},{"damage":26,"enemies":"Centurion and Healer","floor":25,"turns":5},{"damage":47,"enemies":"Gremlin Leader","floor":28,"turns":7},{"damage":22,"enemies":"Chosen and Byrds","floor":29,"turns":5},{"damage":16,"enemies":"Snake Plant","floor":30,"turns":3},{"damage":80,"enemies":"Collector","floor":33,"turns":8},{"damage":5,"enemies":"Orb Walker","floor":35,"turns":2},{"damage":35,"enemies":"3 Darklings","floor":36,"turns":5},{"damage":22,"enemies":"4 Shapes","floor":38,"turns":4},{"damage":12,"enemies":"Sphere and 2 Shapes","floor":39,"turns":3},{"damage":1,"enemies":"Transient","floor":41,"turns":5},{"damage":19,"enemies":"3 Darklings","floor":46,"turns":5},{"damage":36,"enemies":"Writhing Mass","floor":48,"turns":5},{"damage":105,"enemies":"Time Eater","floor":50,"turns":6}],"seed_played":"-7277158004342978649","potions_obtained":[{"floor":1.0,"key":"LiquidMemories"},{"floor":6.0,"key":"GamblersBrew"},{"floor":12.0,"key":"BlessingOfTheForge"},{"floor":14.0,"key":"Ancient Potion"},{"floor":16.0,"key":"DistilledChaos"},{"floor":25,"key":"SkillPotion"},{"floor":30,"key":"BloodPotion"},{"floor":33,"key":"Explosive Potion"},{"floor":36,"key":"GamblersBrew"},{"floor":46,"key":"Energy Potion"},{"floor":48,"key":"AttackPotion"}],"is_trial":false,"path_per_floor":["M","?","M","?","$","E","M","M","T","T","R","M","M","M","R","B",null,"M","?","?","M","?","R","E","M","T","T","E","M","M","?","R","B",null,"M","M","?","M","M","R","M","T","T","$","R","M","?","M","R","B"],"character_chosen":"IRONCLAD","items_purchased":["AttackPotion","Apotheosis","Strange Spoon","Art of War"],"campfire_rested":0,"item_purchase_floors":[5,44,44,44],"current_hp_per_floor":[83,83,82,82,82,66,68,66,66,66,66,67,67,69,69,36,125,116,116,116,120,120,120,86,76,76,76,53,55,63,63,63,38,141,141,118,118,108,112,112,123,123,123,123,123,122,122,98,98,0,0],"gold":101,"neow_bonus":"ONE_RANDOM_RARE_CARD","is_daily":false,"chose_seed":false,"campfire_upgraded":6,"win_rate":0.0,"timestamp":1613461582,"path_taken":["M","?","M","?","$","E","M","M","T","?","R","M","M","M","R","BOSS","M","?","?","M","?","R","E","M","T","?","E","M","M","?","R","BOSS","M","?","?","M","M","R","M","?","T","$","R","M","?","M","R","BOSS"],"items_purchased_type":["Potion","Card","Relic","Relic"],"build_version":"2020-12-22","purchased_purges":2,"victory":false,"max_hp_per_floor":[83,83,87,87,87,101,105,109,109,109,109,113,117,121,121,125,125,129,129,129,133,133,133,133,137,137,137,137,137,137,137,137,141,141,141,141,141,141,145,145,145,145,145,145,145,151,151,151,151,151,151],"card_choices":[{"not_picked":["Havoc","Anger"],"picked":"Thunderclap","floor":1.0},{"not_picked":["Second Wind","Clothesline"],"picked":"Inflame","floor":3.0},{"not_picked":["Wild Strike","Havoc"],"picked":"Armaments","floor":6.0},{"not_picked":["Perfected Strike","Sword Boomerang"],"picked":"Pummel","floor":7.0},{"not_picked":["Evolve","Warcry","Havoc"],"picked":"SKIP","floor":8.0},{"not_picked":["True Grit","Burning Pact","Twin Strike"],"picked":"SKIP","floor":12.0},{"not_picked":["Uppercut","Dark Embrace","Disarm"],"picked":"SKIP","floor":13.0},{"not_picked":["Cleave","Evolve"],"picked":"Inflame","floor":14.0},{"not_picked":["Headbutt","Searing Blow","Dropkick"],"picked":"SKIP","floor":18},{"not_picked":["Pommel Strike","Wild Strike"],"picked":"Heavy Blade+1","floor":21},{"not_picked":["Anger+1","Pommel Strike","Shockwave"],"picked":"SKIP","floor":24},{"not_picked":["Cleave+1","Heavy Blade"],"picked":"Rage+1","floor":25},{"not_picked":["Intimidate","Armaments"],"picked":"Infernal Blade","floor":28},{"not_picked":["Clothesline","Intimidate"],"picked":"Double Tap","floor":29},{"not_picked":["Searing Blow+1","Shockwave","Sword Boomerang"],"picked":"SKIP","floor":30},{"not_picked":["Bludgeon","Juggernaut"],"picked":"Exhume","floor":33},{"not_picked":["Anger","Shrug It Off","True Grit+1"],"picked":"SKIP","floor":35},{"not_picked":["Sword Boomerang","Burning Pact+1"],"picked":"Clash","floor":36},{"not_picked":["Armaments+1","Perfected Strike+1"],"picked":"Flex+1","floor":38},{"not_picked":["Sword Boomerang","Pummel"],"picked":"Spot Weakness+1","floor":39},{"not_picked":["Bludgeon","Clothesline","Shrug It Off+1"],"picked":"SKIP","floor":41},{"not_picked":["Shrug It Off","Dropkick+1","Sentinel"],"picked":"Singing Bowl","floor":46},{"not_picked":["Second Wind","Shrug It Off"],"picked":"Cleave+1","floor":48}],"player_experience":143276,"relics_obtained":[{"floor":6.0,"key":"Pear"},{"floor":9.0,"key":"Shuriken"},{"floor":24,"key":"Letter Opener"},{"floor":26,"key":"Meat on the Bone"},{"floor":27,"key":"Tiny Chest"},{"floor":28,"key":"Mercury Hourglass"},{"floor":42,"key":"White Beast Statue"},{"floor":43,"key":"Singing Bowl"}],"event_choices":[{"damage_healed":0.0,"max_hp_gain":0.0,"max_hp_loss":0.0,"gold_gain":0.0,"event_name":"Living Wall","player_choice":"Grow","floor":2.0,"gold_loss":0.0,"damage_taken":0.0,"cards_upgraded":["Feed"]},{"damage_healed":0.0,"max_hp_gain":0.0,"max_hp_loss":0.0,"gold_gain":0.0,"event_name":"Golden Idol","player_choice":"Take Wound","floor":4.0,"gold_loss":0.0,"damage_taken":0.0,"relics_obtained":["Golden Idol"],"cards_obtained":["Injury"]},{"damage_healed":0,"gold_gain":0,"player_choice":"Inject Mutagens","damage_taken":0,"relics_obtained":["MutagenicStrength"],"max_hp_gain":0,"max_hp_loss":0,"event_name":"Drug Dealer","floor":19,"gold_loss":0},{"cards_removed":["Strike_R"],"damage_healed":0,"gold_gain":0,"player_choice":"Elegance","damage_taken":0,"max_hp_gain":0,"max_hp_loss":0,"event_name":"Back to Basics","floor":20,"gold_loss":0},{"damage_healed":0,"gold_gain":0,"player_choice":"Read","damage_taken":0,"max_hp_gain":0,"max_hp_loss":0,"event_name":"The Library","floor":22,"gold_loss":0,"cards_obtained":["Clash"]},{"cards_removed":["Strike_R"],"damage_healed":0,"gold_gain":0,"player_choice":"Upgrade and Remove","damage_taken":0,"max_hp_gain":0,"max_hp_loss":0,"event_name":"Designer","floor":31,"gold_loss":90,"cards_upgraded":["Strike_R"]},{"damage_healed":0,"gold_gain":0,"player_choice":"Ignored","damage_taken":0,"max_hp_gain":0,"max_hp_loss":0,"event_name":"The Moai Head","floor":37,"gold_loss":0},{"damage_healed":0,"gold_gain":0,"player_choice":"Upgraded","damage_taken":0,"max_hp_gain":0,"max_hp_loss":0,"event_name":"Upgrade Shrine","floor":47,"gold_loss":0,"cards_upgraded":["Inflame"]}],"is_beta":false,"boss_relics":[{"not_picked":["Runic Pyramid","Runic Dome"],"picked":"Black Blood"},{"not_picked":["Velvet Choker","Calling Bell"],"picked":"Coffee Dripper"}],"items_purged_floors":[5,44],"is_endless":false,"potions_floor_spawned":[1,6,12,14,16,25,30,33,36,46,48],"killed_by":"Time Eater","ascension_level":0}}