{"host":"fortuna","time":1613485850,"event":{"mods":["100% Spire Juice","Act Like it!","BaseMod","CapriCore","Gensokyo","Hallownest","Koishi","Minty Spire (QoL Compilation)","MostiFishMod","Reimu£®≤©¿ˆ¡È√Œ£©","Relic Stats","StSLib","The Alterego","The Animator","The Bug Knight","The Immortal","The Senshi","Waifu the Spire","Yakumo Yukari mod"],"gold_per_floor":[20,20,38,56,90,124,140,159,159,187,187,201,234,11,11,114,114,132,132,132,150,150,177,4,37,37,37,68,68,80,97,97,202,202,220,220,220,230,246,246,274,299,348,373,387,420,430,448,448,448,448,448,104,132,132],"floor_reached":56,"language":"ZHS","playtime":3247,"items_purged":["Strike_Lin:ReiMu","Strike_Lin:ReiMu+1"],"score":1654,"play_id":"3f93fcc4-e7e2-4fe5-ab37-c0ec821d1ee2","local_time":"20210216223050","is_ascension_mode":true,"campfire_choices":[{"data":"Meditation:ReiMu","floor":11.0,"key":"SMITH"},{"data":"NB:ReiMu","floor":15.0,"key":"SMITH"},{"data":"KamiRite:ReiMu","floor":27.0,"key":"SMITH"},{"data":"Authority:ReiMu","floor":32.0,"key":"SMITH"},{"floor":40.0,"key":"RECALL"},{"floor":49.0,"key":"REST"},{"floor":52,"key":"REST"}],"circlet_count":0,"master_deck":["Defend_Lin:ReiMu+1","Defend_Lin:ReiMu+1","Defend_Lin:ReiMu+1","Defend_Lin:ReiMu+1","NB:ReiMu+1","Stagnation:ReiMu+1","Meditation:ReiMu+1","Authority:ReiMu+1","Conquer:ReiMu+1","AirStrike:ReiMu+1","Dreaming2:ReiMu+1","RainPray2:ReiMu+1","Determination:ReiMu+1","SpringWay:ReiMu+1","SpringWay:ReiMu+1","RainPray2:ReiMu+1","Enchanting:ReiMu+1","Dreaming:ReiMu+1","KamiRite:ReiMu+1","FantasyBorder:ReiMu+1","Amulet:ReiMu+1","SpreadBorder2:ReiMu+1","OrbThrow:ReiMu+1","EmergencyTakeOff:ReiMu+1","SubcavityFantasy:ReiMu+1","FoulBorder2:ReiMu+1","Authority:ReiMu+1","CeremonyResonance:ReiMu+1","NineCharacters:ReiMu+1","Intuition:ReiMu+1","InherentArray:ReiMu+1","SpringWay:ReiMu+1","Crusade:ReiMu+1","RainPray2:ReiMu+1","PrepareRite:ReiMu+1","Dreaming2:ReiMu+1","YinYang:ReiMu+1"],"relics":["FlyPower:ReiMu","DaveBox","HollowDreamFlower","SynthV:TestCard","Gensokyo:CelestialsFlawlessClothing","Bronze Scales","DianDianMeat","StoneCalendar","WingedGreaves","Meat on the Bone","TentaclePot:ReiMu","Black Star","alterego_mod:SomeoneToFightFor","Molten Egg 2","War Paint","Omamori","Pen Nib","Tea:ReiMu","Bag of Marbles","InkBottle","GreenFoldingFan","MealTicket","Mercury Hourglass","Boot","Bow_fan:ReiMu","DaCapo","Pear","SynthV:C4","Darkstone Periapt","ImprovedEquipment","Incense Burner","Orichalcum"],"acts_visited":["Gensokyo:Gensokyo","TheCity","TheBeyond","TheEnding"],"potions_floor_usage":[],"damage_taken":[{"damage":3.0,"enemies":"Gensokyo:Python","floor":1.0,"turns":6.0},{"damage":2.0,"enemies":"Gensokyo:2_Kodama","floor":3.0,"turns":5.0},{"damage":4.0,"enemies":"Gensokyo:Gryphon","floor":4.0,"turns":3.0},{"damage":13.0,"enemies":"Gensokyo:Mamizou","floor":5.0,"turns":11.0},{"damage":15.0,"enemies":"Gensokyo:Aya","floor":6.0,"turns":5.0},{"damage":0.0,"enemies":"Gensokyo:Python_and_Kodama","floor":7.0,"turns":2.0},{"damage":0.0,"enemies":"Gensokyo:LivingMonolith","floor":8.0,"turns":2.0},{"damage":10.0,"enemies":"Gensokyo:Cirno","floor":10.0,"turns":6.0},{"damage":0.0,"enemies":"Gensokyo:Kitsune","floor":12.0,"turns":2.0},{"damage":10.0,"enemies":"Gensokyo:Mamizou","floor":13.0,"turns":7.0},{"damage":29.0,"enemies":"Gensokyo:Reimu","floor":16.0,"turns":7.0},{"damage":0.0,"enemies":"Chosen","floor":18.0,"turns":4.0},{"damage":12.0,"enemies":"Shell Parasite","floor":21.0,"turns":6.0},{"damage":13.0,"enemies":"HollowMod:Nosk","floor":23.0,"turns":7.0},{"damage":33.0,"enemies":"Slavers","floor":25.0,"turns":3.0},{"damage":8.0,"enemies":"HollowMod:Nosk","floor":28.0,"turns":7.0},{"damage":0.0,"enemies":"Snecko","floor":30.0,"turns":3.0},{"damage":6.0,"enemies":"Chosen and Byrds","floor":31.0,"turns":3.0},{"damage":17.0,"enemies":"Collector","floor":33.0,"turns":7.0},{"damage":36.0,"enemies":"3 Shapes","floor":35.0,"turns":2.0},{"damage":83.0,"enemies":"3 Shapes","floor":36.0,"turns":15.0},{"damage":6.0,"enemies":"Orb Walker","floor":38.0,"turns":3.0},{"damage":12.0,"enemies":"Spire Growth","floor":39.0,"turns":4.0},{"damage":13.0,"enemies":"Nemesis","floor":41.0,"turns":5.0},{"damage":16.0,"enemies":"Giant Head","floor":44.0,"turns":6.0},{"damage":8.0,"enemies":"Writhing Mass","floor":45.0,"turns":5.0},{"damage":27.0,"enemies":"Reptomancer","floor":46.0,"turns":4.0},{"damage":10.0,"enemies":"Maw","floor":47.0,"turns":5.0},{"damage":2.0,"enemies":"Jaw Worm Horde","floor":48.0,"turns":1.0},{"damage":33,"enemies":"Awakened One","floor":50,"turns":8},{"damage":8,"enemies":"Shield and Spear","floor":54,"turns":3},{"damage":40,"enemies":"The Heart","floor":55,"turns":6}],"seed_played":"-5566924923121358128","potions_obtained":[{"floor":4.0,"key":"Block Potion"},{"floor":5.0,"key":"SmokeBomb"},{"floor":7.0,"key":"Swift Potion"},{"floor":12.0,"key":"Explosive Potion"},{"floor":13.0,"key":"Weak Potion"},{"floor":28.0,"key":"HakureiPotion:ReiMu"},{"floor":33.0,"key":"BottledKami:ReiMu"},{"floor":38.0,"key":"Energy Potion"},{"floor":41.0,"key":"Fire Potion"},{"floor":48.0,"key":"BottledKami:ReiMu"}],"is_trial":false,"path_per_floor":["M","?","M","M","?","E","M","M","T","E","R","M","E","$","R","B",null,"M","?","?","M","?","E","$","E","T","R","E","?","M","M","R","B",null,"M","?","?","M","M","R","E","T","T","E","M","E","M","M","R","B",null,"R","$","E","B",null],"character_chosen":"REIMU","items_purchased":["TentaclePot:ReiMu","OrbThrow:ReiMu+1","Omamori","ImprovedEquipment"],"campfire_rested":2,"item_purchase_floors":[14,24,24,53],"current_hp_per_floor":[62,46,48,48,39,29,35,42,42,40,40,49,49,49,49,43,93,101,101,101,98,98,106,117,100,100,142,148,114,132,145,145,169,206,197,241,241,260,278,278,301,301,301,327,356,351,379,405,405,397,405,405,405,431,401],"gold":132,"neow_bonus":"TRANSFORM_TWO_CARDS","is_daily":false,"chose_seed":false,"campfire_upgraded":4,"win_rate":0.0,"timestamp":1613485850,"path_taken":["M","?","M","M","?","E","?","M","T","E","R","M","E","$","R","BOSS","M","?","?","M","?","E","$","E","T","R","E","?","?","M","R","BOSS","M","?","?","M","M","R","E","?","T","E","M","E","M","M","R","BOSS","R","$","E","BOSS"],"items_purchased_type":["Relic","Card","Relic","Relic"],"build_version":"2020-12-18","purchased_purges":2,"victory":true,"max_hp_per_floor":[65,65,65,65,65,66,68,71,71,75,75,80,86,86,86,93,93,101,101,101,110,110,120,131,143,143,143,156,161,175,190,190,206,206,223,241,241,260,280,280,301,301,301,333,356,356,380,405,405,405,405,405,405,431,431],"relic_stats":{"Darkstone Periapt":0,"counters":[32,162],"StoneCalendar":[238],"Pen Nib":[15],"War Paint":["RainPray2:ReiMu","Stagnation:ReiMu"],"Orichalcum":[6],"Boot":[92],"Mercury Hourglass":[129],"Bronze Scales":[431],"MealTicket":0,"Black Star":7,"obtain_stats":[{"Darkstone Periapt":46,"DaveBox":0,"Tea:ReiMu":25,"StoneCalendar":9,"Incense Burner":54,"alterego_mod:SomeoneToFightFor":19,"Bow_fan:ReiMu":43,"Boot":42,"SynthV:C4":46,"GreenFoldingFan":34,"MealTicket":41,"WingedGreaves":10,"DaCapo":44,"HollowDreamFlower":0,"InkBottle":28,"DianDianMeat":6,"Pear":44,"TentaclePot:ReiMu":14,"ImprovedEquipment":53,"Pen Nib":25,"Omamori":24,"Gensokyo:CelestialsFlawlessClothing":2,"War Paint":23,"Orichalcum":54,"Mercury Hourglass":41,"SynthV:TestCard":1,"Bronze Scales":5,"Molten Egg 2":23,"Black Star":17,"Bag of Marbles":28,"FlyPower:ReiMu":0,"Meat on the Bone":13},{"Darkstone Periapt":27,"DaveBox":0,"Tea:ReiMu":15,"StoneCalendar":7,"Incense Burner":31,"alterego_mod:SomeoneToFightFor":12,"Bow_fan:ReiMu":24,"Boot":24,"SynthV:C4":27,"GreenFoldingFan":19,"MealTicket":24,"WingedGreaves":8,"DaCapo":25,"HollowDreamFlower":0,"InkBottle":16,"DianDianMeat":5,"Pear":25,"TentaclePot:ReiMu":10,"ImprovedEquipment":30,"Pen Nib":15,"Omamori":14,"Gensokyo:CelestialsFlawlessClothing":1,"War Paint":14,"Orichalcum":31,"Mercury Hourglass":24,"SynthV:TestCard":1,"Bronze Scales":4,"Molten Egg 2":14,"Black Star":11,"Bag of Marbles":16,"FlyPower:ReiMu":0,"Meat on the Bone":10},{"Darkstone Periapt":139,"DaveBox":0,"Tea:ReiMu":76,"StoneCalendar":34,"Incense Burner":156,"alterego_mod:SomeoneToFightFor":60,"Bow_fan:ReiMu":125,"Boot":125,"SynthV:C4":139,"GreenFoldingFan":96,"MealTicket":125,"WingedGreaves":40,"DaCapo":131,"HollowDreamFlower":0,"InkBottle":83,"DianDianMeat":30,"Pear":131,"TentaclePot:ReiMu":49,"ImprovedEquipment":153,"Pen Nib":76,"Omamori":73,"Gensokyo:CelestialsFlawlessClothing":6,"War Paint":73,"Orichalcum":156,"Mercury Hourglass":125,"SynthV:TestCard":6,"Bronze Scales":25,"Molten Egg 2":73,"Black Star":56,"Bag of Marbles":83,"FlyPower:ReiMu":0,"Meat on the Bone":49}],"InkBottle":[46],"Meat on the Bone":24},"card_choices":[{"not_picked":["TakeOff:ReiMu","ShadowOfCrow2:ReiMu"],"picked":"Conquer:ReiMu","floor":1.0},{"not_picked":["ForcedLanding:ReiMu","YinYangSign:ReiMu","FantasyBorder:ReiMu","SpreadBorder2:ReiMu"],"picked":"AirStrike:ReiMu","floor":3.0},{"not_picked":["ForcedLanding:ReiMu","TightArray:ReiMu","SpreadBorder2:ReiMu","EmergencyTakeOff:ReiMu"],"picked":"Dreaming2:ReiMu","floor":4.0},{"not_picked":["UpKicking:ReiMu","Meditation:ReiMu","SubAcupoint:ReiMu","Amulet:ReiMu"],"picked":"RainPray2:ReiMu","floor":5.0},{"not_picked":["SafetyPray:ReiMu","CareerPray:ReiMu","AirManeuver:ReiMu","UpKicking:ReiMu"],"picked":"Determination:ReiMu","floor":6.0},{"not_picked":["Amulet:ReiMu","SubAcupoint:ReiMu","OrbThrow:ReiMu","Revelation:ReiMu"],"picked":"SpringWay:ReiMu","floor":7.0},{"not_picked":["InherentArray:ReiMu","OctopathBindingBorder2:ReiMu","Meditation:ReiMu","Dreaming2:ReiMu"],"picked":"SpringWay:ReiMu","floor":8.0},{"not_picked":["TakeOff:ReiMu","ShadowOfCrow2:ReiMu","Amulet:ReiMu","Intuition:ReiMu"],"picked":"RainPray2:ReiMu","floor":10.0},{"not_picked":["TightArray:ReiMu","CareerPray:ReiMu","EmergencyTakeOff:ReiMu","PhosphorusFlame:ReiMu"],"picked":"Enchanting:ReiMu","floor":12.0},{"not_picked":["WonderfulDomain:ReiMu","AirStrike:ReiMu","Amulet:ReiMu","ForcedLanding:ReiMu"],"picked":"Dreaming:ReiMu","floor":13.0},{"not_picked":["Shading:ReiMu","PrayRite:ReiMu","Authority:ReiMu","Dreaming:ReiMu"],"picked":"KamiRite:ReiMu","floor":16.0},{"not_picked":["SafetyPray:ReiMu","TakeOff:ReiMu","Conquer:ReiMu","PhosphorusFlame:ReiMu"],"picked":"FantasyBorder:ReiMu","floor":18.0},{"not_picked":["Dreaming2:ReiMu","LovePray:ReiMu","BarrageOfMoneybags:ReiMu","Intuition:ReiMu"],"picked":"Amulet:ReiMu+1","floor":21.0},{"not_picked":["AirManeuver:ReiMu+1","WonderfulDomain:ReiMu","SubcavityInstant:ReiMu","DoubleButterfly:ReiMu+1"],"picked":"SpreadBorder2:ReiMu","floor":23.0},{"not_picked":["BarrageOfMoneybags:ReiMu+1","AirStrike:ReiMu+1","PayForSelf:ReiMu+1","CareerPray:ReiMu"],"picked":"EmergencyTakeOff:ReiMu","floor":25.0},{"not_picked":["Conquer:ReiMu+1","Meditation:ReiMu","Amulet:ReiMu","RunawayExorcism:ReiMu"],"picked":"SubcavityFantasy:ReiMu","floor":28.0},{"not_picked":["AlertArray:ReiMu","SafetyPray:ReiMu","SpringWay:ReiMu","Revelation:ReiMu"],"picked":"FoulBorder2:ReiMu+1","floor":30.0},{"not_picked":["SpreadBorder2:ReiMu+1","FoulBorder2:ReiMu+1","CareerPray:ReiMu","TightArray:ReiMu+1"],"picked":"Authority:ReiMu","floor":31.0},{"not_picked":["HakureiPhantom:ReiMu","DependentForm:ReiMu","SubcavityFantasy:ReiMu","PrayRite:ReiMu"],"picked":"CeremonyResonance:ReiMu","floor":33.0},{"not_picked":["PayForSelf:ReiMu+1","AlertArray:ReiMu","SubcavityInstant:ReiMu","PhosphorusFlame:ReiMu"],"picked":"NineCharacters:ReiMu+1","floor":35.0},{"not_picked":["SubcavityInstant:ReiMu+1","Enchanting:ReiMu+1","SafetyPray:ReiMu+1","Meditation:ReiMu+1"],"picked":"SealNeedle:ReiMu+1","floor":36.0},{"not_picked":["AlertArray:ReiMu","BarrageOfMoneybags:ReiMu+1","SpringWay:ReiMu+1","Authority:ReiMu"],"picked":"Intuition:ReiMu+1","floor":38.0},{"not_picked":["Amulet:ReiMu+1","EmergencyTakeOff:ReiMu","OrbThrow:ReiMu+1","SafetyPray:ReiMu+1"],"picked":"InherentArray:ReiMu+1","floor":39.0},{"not_picked":["Intuition:ReiMu","CardOfSanctity:ReiMu","SafetyPray:ReiMu+1","SpreadBorder2:ReiMu+1"],"picked":"SpringWay:ReiMu+1","floor":41.0},{"not_picked":["TightArray:ReiMu+1","Meditation:ReiMu","ForcedLanding:ReiMu+1","SpreadBorder2:ReiMu+1"],"picked":"Crusade:ReiMu+1","floor":44.0},{"not_picked":["Meditation:ReiMu","PhosphorusFlame:ReiMu","FoulBorder2:ReiMu","SubAcupoint:ReiMu+1"],"picked":"RainPray2:ReiMu+1","floor":45.0},{"not_picked":["Authority:ReiMu","Amulet:ReiMu+1","AirStrike:ReiMu+1","InherentArray:ReiMu","EmergencyTakeOff:ReiMu"],"picked":"SKIP","floor":46.0},{"not_picked":["Amulet:ReiMu","LovePray:ReiMu+1","AirStrike:ReiMu+1","Intuition:ReiMu"],"picked":"PrepareRite:ReiMu+1","floor":47.0},{"not_picked":["Enchanting:ReiMu+1","TightArray:ReiMu+1","Intuition:ReiMu+1","BarrageOfMoneybags:ReiMu+1"],"picked":"Dreaming2:ReiMu+1","floor":48.0},{"not_picked":["SubAcupoint:ReiMu+1","Meditation:ReiMu","LearningPray:ReiMu","SpreadBorder2:ReiMu"],"picked":"YinYang:ReiMu+1","floor":54}],"player_experience":375696,"relics_obtained":[{"floor":1.0,"key":"SynthV:TestCard"},{"floor":5.0,"key":"Bronze Scales"},{"floor":6.0,"key":"DianDianMeat"},{"floor":9.0,"key":"StoneCalendar"},{"floor":10.0,"key":"WingedGreaves"},{"floor":13.0,"key":"Meat on the Bone"},{"floor":23.0,"key":"Molten Egg 2"},{"floor":23.0,"key":"War Paint"},{"floor":25.0,"key":"Pen Nib"},{"floor":25.0,"key":"Tea:ReiMu"},{"floor":28.0,"key":"Bag of Marbles"},{"floor":28.0,"key":"InkBottle"},{"floor":41.0,"key":"MealTicket"},{"floor":41.0,"key":"Mercury Hourglass"},{"floor":42.0,"key":"Boot"},{"floor":43.0,"key":"Bow_fan:ReiMu"},{"floor":44.0,"key":"DaCapo"},{"floor":44.0,"key":"Pear"},{"floor":46.0,"key":"SynthV:C4"},{"floor":46.0,"key":"Darkstone Periapt"},{"floor":54,"key":"Incense Burner"},{"floor":54,"key":"Orichalcum"}],"event_choices":[{"damage_healed":0.0,"max_hp_gain":0.0,"max_hp_loss":0.0,"gold_gain":0.0,"event_name":"∞Æµƒ…Ò •ª®‘∞","player_choice":"Choice 2","floor":19.0,"gold_loss":0.0,"damage_taken":0.0,"relics_obtained":["alterego_mod:SomeoneToFightFor"]},{"damage_healed":0.0,"max_hp_gain":0.0,"max_hp_loss":0.0,"gold_gain":0.0,"event_name":"Back to Basics","player_choice":"Simplicity","floor":20.0,"gold_loss":0.0,"damage_taken":0.0,"cards_upgraded":["Strike_Lin:ReiMu","Defend_Lin:ReiMu","Defend_Lin:ReiMu","Defend_Lin:ReiMu","Defend_Lin:ReiMu"]},{"damage_healed":0.0,"max_hp_gain":0.0,"max_hp_loss":0.0,"gold_gain":0.0,"event_name":"Ghosts","player_choice":"Ignored","floor":22.0,"gold_loss":0.0,"damage_taken":0.0},{"damage_healed":0.0,"max_hp_gain":5.0,"max_hp_loss":0.0,"gold_gain":0.0,"event_name":"Forgotten Altar","player_choice":"Shed Blood","floor":29.0,"gold_loss":0.0,"damage_taken":39.0},{"cards_removed":["SealNeedle:ReiMu"],"damage_healed":0.0,"max_hp_gain":0.0,"max_hp_loss":0.0,"gold_gain":0.0,"event_name":"Falling","player_choice":"Removed Attack","floor":37.0,"gold_loss":0.0,"damage_taken":0.0}],"is_beta":true,"boss_relics":[{"not_picked":["Transparent","PatriotShield"],"picked":"Black Star"},{"not_picked":["Tiny House","ExusiaiGun"],"picked":"GreenFoldingFan"}],"items_purged_floors":[14,53],"is_endless":false,"potions_floor_spawned":[4,5,7,12,13,16,28,30,33,38,41,44,48],"ascension_level":4}}