{"host":"rsal8t78l1a5jz1a","time":1613455655,"event":{"mods":["Act Like it!","BaseMod","GifTheSpireLib","Marked Mod","Minty Spire (QoL Compilation)","Remilia£®¿Ÿ√◊¿Ú—«£©","StSLib"],"gold_per_floor":[409,334,334,1111111,1111127,1111127,1110357,1110357,1110380,1110392,1109647,1108894,1108905,1108317,1108317,1108392,1108392,1108392,1107844,1107844,1107759,1107249,1107249,1106611,1106611,1106611,1106611,1106611,1106611,1106611,1106611,1106611,1106611,1106611,1106611,1106611,1106611,1106591,1106101,1106101,1106101,1106101,1106101,1106101,1106101,1105488,1105488,1105488,1105488,1105488,1105488,1105488,1105488,1105038,1105038,1104384,1104384,1104384,1104384,1104384,1104384,1103503,1102834,1102814,1102814,1102814,1102814,1102814,1102814,1102814,1101924,1101924,1101924,1101924,1101924,1101924,1101924,1101924,1101924,1101924,1101924,1101214,1101214,1101214,1101214,1101214,1101214,1111111,1111111,1111111,1107753,1107753,1107753,1107753,1107753,1107753,1107753,1107753,1107753,1107721,1107721,1107721,1107721,1107721,1107721,1107721,1107721,1107721,1107485,1107485,1107485,1107485,1107485,1107485,1107485,1107485,1107485,1107485,1107485,1107485,1107485,1107485,1107485,1107485,1107485,1107485,1107485,1107485,1107485,1107485,1107485,1107485,1107485,1107485,1107485,1107485,1107485,1107485,1107485,1107485,1107485,1107485,1107485,1107485,1107485,1107485,1107485,1107485,1107485,1107439,1107439,1107439,1107439,1107439,1107439,1107439,1107439,1107439],"floor_reached":157,"language":"ZHS","playtime":10302,"items_purged":["Pain","Septette","Writhe","Writhe"],"score":12609,"play_id":"cd42f49b-8278-4063-a117-2c1d10497d8b","local_time":"20210216140734","daily_mods":["SealedDeck","Vintage","ControlledChaos","Heirloom","Time Dilation","Flight"],"is_ascension_mode":true,"campfire_choices":[{"data":"ScarletNetherworld","floor":6,"key":"SMITH"},{"data":"FitfulNightmare","floor":15,"key":"SMITH"},{"data":"TransientEternity","floor":32,"key":"SMITH"},{"floor":40,"key":"DIG"},{"floor":41,"key":"DIG"},{"floor":42,"key":"DIG"},{"floor":44,"key":"DIG"},{"floor":49,"key":"DIG"},{"floor":58,"key":"DIG"},{"floor":60,"key":"DIG"},{"data":"Apotheosis","floor":65,"key":"SMITH"},{"floor":67,"key":"DIG"},{"floor":75,"key":"DIG"},{"floor":77,"key":"DIG"},{"floor":79,"key":"DIG"},{"floor":84,"key":"DIG"},{"floor":92,"key":"DIG"},{"data":"1","floor":96,"key":"LIFT"},{"data":"2","floor":98,"key":"LIFT"},{"data":"3","floor":99,"key":"LIFT"},{"data":"TricksterDevil","floor":101,"key":"SMITH"},{"data":"TwelveNightmare","floor":110,"key":"SMITH"},{"data":"NightDance","floor":111,"key":"SMITH"},{"data":"DiffusionOfMisfortune","floor":115,"key":"SMITH"},{"data":"CharismaGuard","floor":119,"key":"SMITH"},{"data":"LeisurelyOfLord","floor":127,"key":"SMITH"},{"data":"Stigmanizer","floor":136,"key":"SMITH"},{"floor":151,"key":"DIG"},{"floor":153,"key":"DIG"}],"circlet_count":20,"master_deck":["AscendersBane","NightDance+1","ScarletNetherworld+1","VampireKiss+1","DiffusionOfMisfortune+1","DiffusionOfMisfortune","Stigmanizer+1","LeisurelyOfLord+1","BlasphemousPunishment+1","DiffusionOfMisfortune","FitfulNightmare+1","Stigmanizer+1","TransientEternity+1","CharismaGuard+1","TwelveNightmare+1","ScarletNetherworld+1","HellCatastrophe+1","ChaoticDestiny+1","BatForm+1","Apotheosis+1","TricksterDevil+1","BatForm+1","ScarletMeister+1","HeartBreak+1","ScarletNetherworld+1"],"relics":["ScarletHat","Frozen Eye","Old Coin","Whetstone","Matryoshka","Dream Catcher","Art of War","Sling","White Beast Statue","Blood Vial","Pen Nib","Orichalcum","Gremlin Horn","Singing Bowl","Lee\u0027s Waffle","Unceasing Top","ScarletDevilRocket","DollysMirror","Juzu Bracelet","Bag of Preparation","Tiny Chest","TheAbacus","Ectoplasm","HornCleat","Centennial Puzzle","Oddly Smooth Stone","ClockworkSouvenir","Pantograph","Darkstone Periapt","Toy Ornithopter","Vajra","Molten Egg 2","Gungnir","OrangePellets","CeramicFish","MawBank","War Paint","Sundial","Nunchaku","Potion Belt","APieceOfRedMist","Lizard Tail","Shovel","FairyMaid","Bronze Scales","PreservedInsect","Orrery","Akabeko","Bird Faced Urn","Gambling Chip","Strawberry","Regal Pillow","Incense Burner","Anchor","Letter Opener","HandDrill","StrikeDummy","Question Card","Coffee Dripper","Ancient Tea Set","Shuriken","Boot","MealTicket","Torii","Chemical X","Bottled Flame","InkBottle","Happy Flower","Lantern","Omamori","TungstenRod","Medical Kit","Bag of Marbles","Thread and Needle","Toolbox","RedBat","TypeBBloodRedTea","ScarletEmblem","Kunai","Girya","Bottled Lightning","Cauldron","Ginger","Mummified Hand","Frozen Egg 2","Mercury Hourglass","Turnip","Meat on the Bone","Strange Spoon","Bottled Tornado","Toxic Egg 2","Calling Bell","The Courier","Ornamental Fan","CaptainsWheel","Prayer Wheel","Red Mask","Du-Vu Doll","Eternal Feather","Blue Candle","Pear","Membership Card","Pocketwatch","Ice Cream","AntiCross","Dead Branch","Calipers","StoneCalendar","Mango","FossilizedHelix","Circlet","Philosopher\u0027s Stone","Smiling Mask","WarpedTongs","PrismaticShard","SlaversCollar","FaceOfCleric","Fusion Hammer","Runic Pyramid"],"acts_visited":["Exordium","TheCity","TheBeyond","Exordium","TheCity","TheBeyond","Exordium","TheCity","TheBeyond","Exordium"],"potions_floor_usage":[13,33,35,50,51,51,51,71,149,154],"damage_taken":[{"damage":6,"enemies":"Jaw Worm","floor":1,"turns":2},{"damage":0,"enemies":"2 Louse","floor":5,"turns":2},{"damage":3,"enemies":"Cultist","floor":10,"turns":2},{"damage":0,"enemies":"Blue Slaver","floor":13,"turns":1},{"damage":47,"enemies":"Slime Boss","floor":16,"turns":4},{"damage":10,"enemies":"Spheric Guardian","floor":18,"turns":3},{"damage":10,"enemies":"Book of Stabbing","floor":23,"turns":1},{"damage":15,"enemies":"Slavers","floor":25,"turns":3},{"damage":15,"enemies":"Gremlin Leader","floor":30,"turns":3},{"damage":15,"enemies":"Automaton","floor":33,"turns":2},{"damage":52,"enemies":"3 Shapes","floor":35,"turns":1},{"damage":5,"enemies":"Mind Bloom Boss Battle","floor":36,"turns":1},{"damage":15,"enemies":"2 Orb Walkers","floor":45,"turns":3},{"damage":75,"enemies":"Awakened One","floor":50,"turns":6},{"damage":163,"enemies":"Donu and Deca","floor":51,"turns":4},{"damage":0,"enemies":"Small Slimes","floor":53,"turns":1},{"damage":1,"enemies":"Jaw Worm","floor":59,"turns":1},{"damage":0,"enemies":"Gremlin Nob","floor":66,"turns":1},{"damage":0,"enemies":"Slime Boss","floor":68,"turns":1},{"damage":0,"enemies":"3 Byrds","floor":70,"turns":1},{"damage":0,"enemies":"Chosen","floor":73,"turns":1},{"damage":0,"enemies":"Gremlin Leader","floor":78,"turns":1},{"damage":0,"enemies":"3 Cultists","floor":80,"turns":1},{"damage":0,"enemies":"Slavers","floor":83,"turns":1},{"damage":9,"enemies":"Champ","floor":85,"turns":1},{"damage":0,"enemies":"Orb Walker","floor":87,"turns":1},{"damage":9,"enemies":"Mind Bloom Boss Battle","floor":90,"turns":1},{"damage":0,"enemies":"Giant Head","floor":95,"turns":1},{"damage":0,"enemies":"Donu and Deca","floor":102,"turns":1},{"damage":0,"enemies":"Time Eater","floor":103,"turns":1},{"damage":0,"enemies":"2 Louse","floor":105,"turns":1},{"damage":0,"enemies":"Gremlin Nob","floor":113,"turns":1},{"damage":0,"enemies":"3 Sentries","floor":117,"turns":1},{"damage":0,"enemies":"Lagavulin","floor":118,"turns":1},{"damage":0,"enemies":"Hexaghost","floor":120,"turns":1},{"damage":0,"enemies":"Shell Parasite","floor":122,"turns":1},{"damage":0,"enemies":"Masked Bandits","floor":123,"turns":2},{"damage":0,"enemies":"Book of Stabbing","floor":130,"turns":1},{"damage":0,"enemies":"Chosen","floor":135,"turns":1},{"damage":0,"enemies":"Automaton","floor":137,"turns":1},{"damage":0,"enemies":"3 Darklings","floor":139,"turns":2},{"damage":0,"enemies":"Mind Bloom Boss Battle","floor":141,"turns":1},{"damage":0,"enemies":"Nemesis","floor":144,"turns":1},{"damage":0,"enemies":"Giant Head","floor":145,"turns":1},{"damage":0,"enemies":"Nemesis","floor":147,"turns":1},{"damage":0,"enemies":"Giant Head","floor":149,"turns":2},{"damage":0,"enemies":"Time Eater","floor":154,"turns":5},{"damage":40,"enemies":"Donu and Deca","floor":155,"turns":4},{"damage":0,"enemies":"Jaw Worm","floor":157,"turns":1}],"seed_played":"-145744408184455460","potions_obtained":[{"floor":5,"key":"FairyPotion"},{"floor":10,"key":"Explosive Potion"},{"floor":13,"key":"BlessingOfTheForge"},{"floor":30,"key":"PowerPotion"},{"floor":33,"key":"DuplicationPotion"},{"floor":35,"key":"PowerPotion"},{"floor":36,"key":"Strength Potion"},{"floor":50,"key":"DestinyDice"},{"floor":51,"key":"GamblersBrew"},{"floor":53,"key":"SkillPotion"},{"floor":59,"key":"Regen Potion"},{"floor":71,"key":"Energy Potion"}],"is_trial":true,"path_per_floor":["M","?","T","?","M","R","$","?","T","M","$","$","M","$","R","B",null,"M","$","?","?","$","E","$","E","T","?","T","?","E","?","R","B",null,"M","?","T","?","$","R","R","R","T","R","?","$","?","T","R","B","B",null,"M","$","?","$","?","R","M","R","T","$","$","?","R","?","R","B",null,"M","$","?","M","?","R","?","R","E","R","M","?","$","E","R","B",null,"M","?","?","?","$","R","$","?","E","R","?","R","R","$","R","B","B",null,"M","?","?","?","$","R","R","?","E","?","R","$","E","E","R","B",null,"M","?","?","?","?","R","?","?","E","$","?","?","$","M","R","B",null,"M","?","?","?","?","E","E","?","E","?","E","$","R","?","R","B","B",null,"M"],"character_chosen":"REMILIA","items_purchased":["Art of War","Sling","White Beast Statue","LeisurelyOfLord","BlasphemousPunishment","DiffusionOfMisfortune","Gremlin Horn","Singing Bowl","Lee\u0027s Waffle","FitfulNightmare","Unceasing Top","ScarletDevilRocket","DollysMirror","Bag of Preparation","Tiny Chest","TheAbacus","Centennial Puzzle","Oddly Smooth Stone","ClockworkSouvenir","CharismaGuard","Toy Ornithopter","Vajra","TwelveNightmare","Gungnir","OrangePellets","CeramicFish","Bronze Scales","PreservedInsect","Orrery","Anchor","Letter Opener","HandDrill","Shuriken","Boot","MealTicket","Torii","Chemical X","Omamori","TungstenRod","Medical Kit","Apotheosis","Bag of Marbles","Thread and Needle","Toolbox","Girya","Bottled Lightning","Fruit Juice","Cauldron","Meat on the Bone","Strange Spoon","Bottled Tornado","Eternal Feather","Blue Candle","Pear","Membership Card","Pocketwatch","Ice Cream","AntiCross","Dead Branch","Calipers","StoneCalendar","Mango","FossilizedHelix","Circlet","Circlet","Circlet","Circlet","Circlet","Circlet","Circlet","Circlet","Circlet","Circlet","HeartBreak+1","Circlet","PrismaticShard","DestinyDice"],"campfire_rested":0,"item_purchase_floors":[7,7,7,7,7,7,11,11,11,11,12,12,12,14,14,14,19,19,19,19,22,22,22,24,24,24,39,39,39,46,46,46,54,54,56,56,56,62,62,62,62,63,63,63,71,71,71,71,82,82,82,91,91,91,91,91,91,91,91,91,91,91,91,91,91,91,91,91,91,91,91,91,91,100,109,109,150],"current_hp_per_floor":[58,58,58,58,58,58,58,58,58,57,77,77,77,77,77,36,67,59,59,59,59,59,53,53,45,45,45,45,45,44,44,44,63,78,37,61,61,61,71,71,71,71,78,78,92,92,92,92,92,74,106,106,106,106,106,106,106,106,105,105,105,106,106,106,106,108,108,108,108,108,113,113,113,113,113,108,108,115,115,115,115,115,117,117,115,117,117,117,123,125,149,149,149,151,153,153,153,153,153,153,153,155,157,157,157,163,163,163,163,163,163,169,171,162,171,171,173,175,175,177,177,177,179,179,179,179,179,179,179,182,182,188,198,198,199,199,202,202,203,209,212,209,209,219,224,224,227,227,230,230,230,230,230,233,214,231,233,233],"gold":1107439,"neow_bonus":"","is_daily":false,"chose_seed":false,"campfire_upgraded":11,"win_rate":0.0,"timestamp":1613455654,"path_taken":["M","?","?","?","?","R","$","?","T","?","$","$","M","?","R","BOSS","M","$","?","?","$","E","$","E","T","?","?","?","E","?","R","BOSS","M","?","?","?","$","R","R","R","T","R","?","$","?","?","R","BOSS","BOSS","M","$","?","?","?","R","M","R","T","$","$","?","R","?","R","BOSS","M","$","?","M","?","R","?","R","E","R","M","?","$","E","R","BOSS","M","?","?","?","$","R","$","?","E","R","?","R","R","$","R","BOSS","BOSS","M","?","?","?","?","R","R","?","E","?","R","?","E","E","R","BOSS","M","?","?","?","?","R","?","?","E","$","?","?","?","M","R","BOSS","M","?","?","?","?","E","E","?","E","?","E","$","R","?","R","BOSS","BOSS","M"],"items_purchased_type":["Relic","Relic","Relic","Card","Card","Card","Relic","Relic","Relic","Card","Relic","Relic","Relic","Relic","Relic","Relic","Relic","Relic","Relic","Card","Relic","Relic","Card","Relic","Relic","Relic","Relic","Relic","Relic","Relic","Relic","Relic","Relic","Relic","Relic","Relic","Relic","Relic","Relic","Relic","Card","Relic","Relic","Relic","Relic","Relic","Potion","Relic","Relic","Relic","Relic","Relic","Relic","Relic","Relic","Relic","Relic","Relic","Relic","Relic","Relic","Relic","Relic","Undefined","Undefined","Undefined","Undefined","Undefined","Undefined","Undefined","Undefined","Undefined","Undefined","Card","Undefined","Relic","Potion"],"build_version":"2020-12-22","purchased_purges":4,"victory":false,"max_hp_per_floor":[70,70,70,70,70,70,70,70,70,70,77,77,77,77,77,77,77,77,77,77,77,77,79,79,81,81,81,81,81,83,83,83,83,83,83,85,85,85,95,95,95,95,102,102,104,104,104,104,104,104,106,106,106,106,106,106,106,106,106,106,106,106,106,106,106,108,108,108,108,108,113,113,113,113,113,113,113,115,115,115,115,115,117,117,117,117,117,117,123,125,149,149,149,151,153,153,153,153,153,153,153,155,157,157,157,163,163,163,163,163,163,169,171,171,171,171,173,175,175,177,177,177,179,179,179,179,179,179,179,182,182,188,198,198,199,199,202,202,203,209,212,218,218,221,224,224,227,227,230,230,230,230,230,233,236,236,236,236],"card_choices":[{"not_picked":["CeilingFear","KillingBlow"],"picked":"TransientEternity","floor":16},{"not_picked":["Ultimatum+1","LeisurelyOfLord+1","RedRainbow+1"],"picked":"Singing Bowl","floor":23},{"not_picked":["BombardNight+1","BlasphemousPunishment","UnderTheZenith+1"],"picked":"Singing Bowl","floor":25},{"not_picked":["HunterOfTheNight+1","SuperhumanBloodyKnife+1","LeisurelyOfLord+1"],"picked":"Singing Bowl","floor":30},{"not_picked":["ForecastOfChange+1","HellCatastrophe+1"],"picked":"ChaoticDestiny","floor":33},{"not_picked":["UnderTheZenith","AfternoonTea","ScarletDevil+1"],"picked":"Singing Bowl","floor":36},{"not_picked":["BlasphemousPunishment+1","VampireFantasy","FavorOfDestiny+1"],"picked":"Singing Bowl","floor":39},{"not_picked":["VampireKiss+1","FavorOfDestiny","ScarletImprint+1"],"picked":"Singing Bowl","floor":39},{"not_picked":["RedMagic","ForbiddenFruit+1","VampireKiss+1"],"picked":"Singing Bowl","floor":39},{"not_picked":["FavorOfDestiny","DevilSight","VampireFantasy+1"],"picked":"Singing Bowl","floor":39},{"not_picked":["BloodyMagicSquare","UltimateOffering+1","CharismaGuard"],"picked":"Singing Bowl","floor":39},{"not_picked":["RedRainbow+1","UnderTheZenith","FavorOfDestiny"],"picked":"Singing Bowl","floor":45},{"not_picked":["KillingBlow+1","TransientEternity","BloodRain"],"picked":"BatForm","floor":50},{"not_picked":["HellCatastrophe+1","BloodyCatastrophe","ScarletCoffin+1","KillingBlow+1"],"picked":"Singing Bowl","floor":51},{"not_picked":["BombardNight+1","ScarletDevil+1","ScarletImprint+1","BloodyTrap"],"picked":"Singing Bowl","floor":66},{"not_picked":["DemonKingCradle","BloodyCatastrophe","ScarletCoffin+1"],"picked":"TricksterDevil","floor":68},{"not_picked":["DiffusionOfMisfortune+1","BloodyMagicSquare","HunterOfTheNight+1","BloodHunter"],"picked":"Singing Bowl","floor":78},{"not_picked":["ChainGang+1","BloodySeventeenLaser+1","Stigmanizer+1","CharismaGuard+1"],"picked":"Singing Bowl","floor":83},{"not_picked":["BatForm+1","EquivalentExchange+1","KillingBlow+1"],"picked":"ScarletMeister+1","floor":85},{"not_picked":["UnstableMagic+1","AfternoonTea+1","ScarletGensokyo+1","BlasphemousPunishment+1"],"picked":"Singing Bowl","floor":90},{"not_picked":["Discovery+1","Jack Of All Trades+1","Bandage Up+1","Thinking Ahead+1"],"picked":"Singing Bowl","floor":94},{"not_picked":["MiserableFate+1","DiffusionOfMisfortune+1","ForbiddenFruit+1","MastersStateliness+1"],"picked":"Singing Bowl","floor":95},{"not_picked":["BloodRain+1","ChaoticDestiny+1","ScarletMeister+1","CurseOfVladTepes+1"],"picked":"Singing Bowl","floor":102},{"not_picked":["TransientEternity+1","BatForm+1","KillingBlow+1","BloodyHallows+1"],"picked":"Singing Bowl","floor":103},{"not_picked":["ScarletSymphony+1","Capacitor+1","Recycle+1","VampireFantasy+1"],"picked":"Singing Bowl","floor":113},{"not_picked":["Leap+1","Flex+1","Rage+1","BowlingBash+1"],"picked":"Singing Bowl","floor":117},{"not_picked":["Consume+1","Consecrate+1","ScarletGensokyo+1","Ultimatum+1"],"picked":"Singing Bowl","floor":118},{"not_picked":["Tools of the Trade+1","Immolate+1","Ragnarok+1","Storm of Steel+1"],"picked":"Singing Bowl","floor":120},{"not_picked":["Backflip+1","Rebound+1","Catalyst+1","Worship+1"],"picked":"Singing Bowl","floor":123},{"not_picked":["Perfected Strike+1","Prepared+1","Dagger Spray+1","Riddle With Holes+1"],"picked":"Singing Bowl","floor":130},{"not_picked":["TricksterDevil+1","Demon Form+1","MarkedMod:ChiBlock+1","ScarletCoffin+1"],"picked":"Singing Bowl","floor":137},{"not_picked":["ThirdEye+1","Turbo+1","Flash of Steel+1","Stack+1"],"picked":"Singing Bowl","floor":141},{"not_picked":["Finesse+1","Bandage Up+1","Mind Blast+1","HandOfGreed+1"],"picked":"Singing Bowl","floor":142},{"not_picked":["Dark Shackles+1","Mind Blast+1","Purity+1","Dramatic Entrance+1"],"picked":"Singing Bowl","floor":142},{"not_picked":["Chrysalis+1","Impatience+1","Finesse+1","Trip+1"],"picked":"Singing Bowl","floor":142},{"not_picked":["Infernal Blade+1","Clash+1","TalkToTheHand+1","FitfulNightmare+1"],"picked":"Singing Bowl","floor":144},{"not_picked":["Heel Hook+1","MarkedMod:GentlePulse+1","KillingBlow+1","Hologram+1"],"picked":"Singing Bowl","floor":145},{"not_picked":["Rebound+1","LeisurelyOfLord+1","BloodHunter+1","Shrug It Off+1"],"picked":"Singing Bowl","floor":147},{"not_picked":["Panache+1","Streamline+1","Chill+1","NightDance+1"],"picked":"Singing Bowl","floor":149},{"not_picked":["Magnetism+1","Apotheosis+1","MasterReality+1","Bludgeon+1"],"picked":"Singing Bowl","floor":154},{"not_picked":["TricksterDevil+1","Secret Weapon+1","CurseOfVladTepes+1","Brilliance+1"],"picked":"Singing Bowl","floor":155}],"player_experience":94022,"relics_obtained":[{"floor":1,"key":"Whetstone"},{"floor":3,"key":"Matryoshka"},{"floor":5,"key":"Dream Catcher"},{"floor":9,"key":"Blood Vial"},{"floor":9,"key":"Pen Nib"},{"floor":10,"key":"Orichalcum"},{"floor":13,"key":"Juzu Bracelet"},{"floor":18,"key":"HornCleat"},{"floor":23,"key":"Molten Egg 2"},{"floor":25,"key":"MawBank"},{"floor":26,"key":"War Paint"},{"floor":26,"key":"Sundial"},{"floor":28,"key":"Nunchaku"},{"floor":30,"key":"Potion Belt"},{"floor":35,"key":"Lizard Tail"},{"floor":36,"key":"Shovel"},{"floor":37,"key":"FairyMaid"},{"floor":40,"key":"Akabeko"},{"floor":41,"key":"Bird Faced Urn"},{"floor":42,"key":"Gambling Chip"},{"floor":43,"key":"Strawberry"},{"floor":44,"key":"Regal Pillow"},{"floor":45,"key":"Incense Burner"},{"floor":48,"key":"StrikeDummy"},{"floor":49,"key":"Question Card"},{"floor":53,"key":"Ancient Tea Set"},{"floor":58,"key":"Bottled Flame"},{"floor":59,"key":"InkBottle"},{"floor":60,"key":"Happy Flower"},{"floor":61,"key":"Lantern"},{"floor":66,"key":"RedBat"},{"floor":67,"key":"TypeBBloodRedTea"},{"floor":70,"key":"Kunai"},{"floor":73,"key":"Ginger"},{"floor":75,"key":"Mummified Hand"},{"floor":77,"key":"Frozen Egg 2"},{"floor":79,"key":"Mercury Hourglass"},{"floor":80,"key":"Turnip"},{"floor":84,"key":"Toxic Egg 2"},{"floor":86,"key":"The Courier"},{"floor":86,"key":"Ornamental Fan"},{"floor":86,"key":"CaptainsWheel"},{"floor":87,"key":"Prayer Wheel"},{"floor":90,"key":"Du-Vu Doll"},{"floor":92,"key":"Circlet"},{"floor":105,"key":"Smiling Mask"},{"floor":122,"key":"Circlet"},{"floor":123,"key":"Circlet"},{"floor":135,"key":"Circlet"},{"floor":141,"key":"Circlet"},{"floor":151,"key":"Circlet"}],"event_choices":[{"cards_removed":["BloodHunter"],"damage_healed":0,"gold_gain":0,"player_choice":"Card Removal","damage_taken":0,"max_hp_gain":0,"max_hp_loss":0,"event_name":"The Cleric","floor":2,"gold_loss":75},{"damage_healed":0,"gold_gain":100,"player_choice":"Gold","damage_taken":0,"max_hp_gain":0,"max_hp_loss":0,"event_name":"Wheel of Change","floor":4,"gold_loss":0},{"damage_healed":0,"gold_gain":0,"player_choice":"2 cards matched","damage_taken":0,"max_hp_gain":0,"max_hp_loss":0,"event_name":"Match and Keep!","floor":8,"gold_loss":0,"cards_obtained":["Septette","Pain"]},{"damage_healed":0,"gold_gain":0,"player_choice":"Opened","damage_taken":0,"relics_obtained":["Pantograph"],"max_hp_gain":0,"max_hp_loss":0,"event_name":"The Mausoleum","floor":20,"gold_loss":0,"cards_obtained":["Writhe"]},{"damage_healed":0,"gold_gain":0,"player_choice":"Obtained Relic","damage_taken":0,"relics_obtained":["Darkstone Periapt"],"max_hp_gain":0,"max_hp_loss":0,"event_name":"Addict","floor":21,"gold_loss":85},{"damage_healed":0,"gold_gain":0,"player_choice":"Copied","damage_taken":0,"max_hp_gain":0,"max_hp_loss":0,"event_name":"Duplicator","floor":27,"gold_loss":0,"cards_obtained":["ScarletNetherworld"]},{"damage_healed":0,"gold_gain":0,"player_choice":"Ignored","damage_taken":0,"max_hp_gain":0,"max_hp_loss":0,"event_name":"Ghosts","floor":29,"gold_loss":0},{"damage_healed":0,"gold_gain":0,"player_choice":"Read","damage_taken":0,"max_hp_gain":0,"max_hp_loss":0,"event_name":"The Library","floor":31,"gold_loss":0,"cards_obtained":["HellCatastrophe"]},{"damage_healed":0,"gold_gain":0,"player_choice":"Fight","damage_taken":0,"max_hp_gain":0,"max_hp_loss":0,"event_name":"MindBloom","floor":36,"gold_loss":0},{"damage_healed":0,"gold_gain":0,"player_choice":"Bought 1 Potion","damage_taken":0,"max_hp_gain":0,"max_hp_loss":0,"event_name":"The Woman in Blue","floor":38,"gold_loss":0},{"damage_healed":0,"gold_gain":0,"player_choice":"Fight","damage_taken":0,"max_hp_gain":0,"max_hp_loss":0,"event_name":"Mysterious Sphere","floor":45,"gold_loss":0},{"cards_removed":["ForbiddenFruit"],"damage_healed":0,"gold_gain":0,"player_choice":"Removed Skill","damage_taken":0,"max_hp_gain":0,"max_hp_loss":0,"event_name":"Falling","floor":47,"gold_loss":0},{"damage_healed":0,"gold_gain":0,"player_choice":"Upgraded","damage_taken":0,"max_hp_gain":0,"max_hp_loss":0,"event_name":"Upgrade Shrine","floor":55,"gold_loss":0,"cards_upgraded":["ChaoticDestiny"]},{"damage_healed":0,"gold_gain":68,"player_choice":"Gained Gold","damage_taken":0,"max_hp_gain":0,"max_hp_loss":0,"event_name":"Golden Wing","floor":57,"gold_loss":0},{"damage_healed":0,"gold_gain":0,"player_choice":"Bought 1 Potion","damage_taken":0,"max_hp_gain":0,"max_hp_loss":0,"event_name":"The Woman in Blue","floor":64,"gold_loss":0},{"damage_healed":0,"gold_gain":0,"player_choice":"Searched \u00272\u0027 times","damage_taken":0,"max_hp_gain":0,"max_hp_loss":0,"event_name":"Dead Adventurer","floor":66,"gold_loss":0},{"cards_removed":["EndlessPower"],"damage_healed":0,"gold_gain":0,"player_choice":"Elegance","damage_taken":0,"max_hp_gain":0,"max_hp_loss":0,"event_name":"Back to Basics","floor":74,"gold_loss":0},{"damage_healed":0,"gold_gain":0,"player_choice":"","damage_taken":6,"max_hp_gain":0,"max_hp_loss":0,"event_name":"Knowing Skull","floor":76,"potions_obtained":[],"gold_loss":0,"cards_obtained":[]},{"damage_healed":0,"gold_gain":0,"player_choice":"Read","damage_taken":0,"max_hp_gain":0,"max_hp_loss":0,"event_name":"The Library","floor":81,"gold_loss":0,"cards_obtained":["BatForm"]},{"damage_healed":0,"gold_gain":0,"player_choice":"Paid","damage_taken":0,"relics_obtained":["Red Mask"],"max_hp_gain":0,"max_hp_loss":0,"event_name":"Tomb of Lord Red Mask","floor":88,"gold_loss":1101214},{"damage_healed":23,"gold_gain":0,"player_choice":"Writhe","damage_taken":0,"max_hp_gain":0,"max_hp_loss":0,"event_name":"Winding Halls","floor":89,"gold_loss":0,"cards_obtained":["Writhe"]},{"damage_healed":0,"gold_gain":0,"player_choice":"Fight","damage_taken":0,"max_hp_gain":0,"max_hp_loss":0,"event_name":"MindBloom","floor":90,"gold_loss":0},{"damage_healed":0,"gold_gain":0,"player_choice":"Memory 1","damage_taken":0,"max_hp_gain":0,"max_hp_loss":0,"event_name":"SensoryStone","floor":94,"gold_loss":0},{"cards_removed":["DevilSight"],"damage_healed":0,"gold_gain":0,"player_choice":"Removed Skill","damage_taken":0,"max_hp_gain":0,"max_hp_loss":0,"event_name":"Falling","floor":97,"gold_loss":0},{"damage_healed":0,"gold_gain":0,"player_choice":"Rummage","damage_taken":0,"relics_obtained":["WarpedTongs"],"max_hp_gain":0,"max_hp_loss":0,"event_name":"Accursed Blacksmith","floor":106,"gold_loss":0,"cards_obtained":["Pain"]},{"damage_healed":0,"gold_gain":0,"player_choice":"Ignored","damage_taken":0,"max_hp_gain":0,"max_hp_loss":0,"event_name":"Liars Game","floor":107,"gold_loss":0},{"damage_healed":0,"gold_gain":0,"player_choice":"Grow","damage_taken":0,"max_hp_gain":0,"max_hp_loss":0,"event_name":"Living Wall","floor":108,"gold_loss":0,"cards_upgraded":["BatForm"]},{"damage_healed":0,"gold_gain":0,"player_choice":"Box","damage_taken":0,"relics_obtained":["Circlet"],"max_hp_gain":0,"max_hp_loss":0,"event_name":"Big Fish","floor":112,"gold_loss":0,"cards_obtained":["Regret"]},{"damage_healed":0,"gold_gain":0,"player_choice":"Success","damage_taken":11,"relics_obtained":["Circlet"],"max_hp_gain":0,"max_hp_loss":0,"event_name":"Scrap Ooze","floor":114,"gold_loss":0},{"damage_healed":0,"gold_gain":0,"player_choice":"Fought Bandits","damage_taken":0,"max_hp_gain":0,"max_hp_loss":0,"event_name":"Masked Bandits","floor":123,"gold_loss":0},{"damage_healed":0,"gold_gain":0,"player_choice":"Trade","damage_taken":0,"relics_obtained":["FaceOfCleric"],"max_hp_gain":0,"max_hp_loss":0,"event_name":"FaceTrader","floor":124,"gold_loss":0},{"cards_removed":["Pain"],"damage_healed":0,"gold_gain":0,"player_choice":"Elegance","damage_taken":0,"max_hp_gain":0,"max_hp_loss":0,"event_name":"Back to Basics","floor":125,"gold_loss":0},{"damage_healed":0,"gold_gain":50,"player_choice":"Stole From Cult","damage_taken":0,"max_hp_gain":0,"max_hp_loss":0,"event_name":"Nest","floor":126,"gold_loss":0},{"damage_healed":0,"gold_gain":0,"player_choice":"Read","damage_taken":0,"max_hp_gain":0,"max_hp_loss":0,"event_name":"The Library","floor":128,"gold_loss":0,"cards_obtained":["ScarletNetherworld"]},{"damage_healed":0,"gold_gain":0,"player_choice":"Ignored","damage_taken":0,"max_hp_gain":0,"max_hp_loss":0,"event_name":"Ghosts","floor":129,"gold_loss":0},{"damage_healed":0,"gold_gain":0,"player_choice":"Opened","damage_taken":0,"relics_obtained":["Circlet"],"max_hp_gain":0,"max_hp_loss":0,"event_name":"The Mausoleum","floor":132,"gold_loss":0,"cards_obtained":["Writhe"]},{"damage_healed":41,"gold_gain":0,"player_choice":"Writhe","damage_taken":0,"max_hp_gain":0,"max_hp_loss":0,"event_name":"Winding Halls","floor":140,"gold_loss":0,"cards_obtained":["Writhe"]},{"damage_healed":0,"gold_gain":0,"player_choice":"Fight","damage_taken":0,"max_hp_gain":0,"max_hp_loss":0,"event_name":"MindBloom","floor":141,"gold_loss":0},{"damage_healed":0,"gold_gain":0,"player_choice":"Memory 3","damage_taken":10,"max_hp_gain":0,"max_hp_loss":0,"event_name":"SensoryStone","floor":142,"gold_loss":0},{"cards_removed":["Writhe","Writhe","Regret"],"damage_healed":0,"gold_gain":0,"player_choice":"Removed Curses","damage_taken":0,"max_hp_gain":0,"max_hp_loss":0,"event_name":"Fountain of Cleansing","floor":143,"gold_loss":0},{"damage_healed":0,"gold_gain":0,"player_choice":"Ignored","damage_taken":0,"max_hp_gain":0,"max_hp_loss":0,"event_name":"Mysterious Sphere","floor":146,"gold_loss":0},{"damage_healed":0,"gold_gain":222,"player_choice":"Wore Mask","damage_taken":0,"max_hp_gain":0,"max_hp_loss":0,"event_name":"Tomb of Lord Red Mask","floor":148,"gold_loss":0},{"cards_removed":["Stigmanizer"],"damage_healed":0,"gold_gain":0,"player_choice":"Removed Attack","damage_taken":0,"max_hp_gain":0,"max_hp_loss":0,"event_name":"Falling","floor":152,"gold_loss":0}],"is_beta":false,"boss_relics":[{"not_picked":["Fusion Hammer","SlaversCollar"],"picked":"Ectoplasm"},{"not_picked":["Runic Dome","Tiny House"],"picked":"APieceOfRedMist"},{"not_picked":["Velvet Choker","Snecko Eye"],"picked":"Coffee Dripper"},{"not_picked":["Runic Dome","Velvet Choker"],"picked":"ScarletEmblem"},{"not_picked":["Empty Cage","Busted Crown"],"picked":"Calling Bell"},{"not_picked":["Runic Pyramid","Cursed Key"],"picked":"Philosopher\u0027s Stone"},{"not_picked":["Tiny House","Snecko Eye"],"picked":"SlaversCollar"},{"not_picked":["Cursed Key","Runic Dome"],"picked":"Fusion Hammer"},{"not_picked":["Velvet Choker","Busted Crown"],"picked":"Runic Pyramid"}],"items_purged_floors":[12,14,22,91],"is_endless":true,"potions_floor_spawned":[5,10,13,16,18,23,25,30,33,35,36,45,50,51,53,59,66,68,70,73,78,80,83,85,87,90,95,102,103,105,113,117,118,120,122,123,130,135,137,139,141,144,145,147,149,154,155],"killed_by":"Jaw Worm","ascension_level":20}}