{"host":"f3zi5bw4of71qj4o","time":1613488987,"event":{"mods":["BaseMod","DeckTracker","Highlight Path","Minty Spire (QoL Compilation)","Relic Stats","StSLib","SuperFastMode"],"gold_per_floor":[112,125,37,37,37,72,72,87,87,102,134,134,134,134,134,205,205,223,236,236,248,262,262,24,24,48,48,81,93,93,104,104,181,181,201,215,227,207,220,247,247,280,327,361,373,408,459,481,493,505,517,529,541,51,77,77],"floor_reached":57,"language":"ENG","playtime":4092,"items_purged":["Strike_B","Defend_B"],"score":2804,"play_id":"dcdffe9d-8c63-4839-b1f4-7501d8294e62","local_time":"20210216162307","is_ascension_mode":true,"campfire_choices":[{"data":"Defragment","floor":7.0,"key":"SMITH"},{"data":"Beam Cell","floor":13.0,"key":"SMITH"},{"data":"Streamline","floor":15.0,"key":"SMITH"},{"floor":23.0,"key":"REST"},{"data":"Sunder","floor":25.0,"key":"SMITH"},{"data":"Biased Cognition","floor":27.0,"key":"SMITH"},{"data":"Self Repair","floor":30.0,"key":"SMITH"},{"data":"Capacitor","floor":32.0,"key":"SMITH"},{"data":"Rainbow","floor":41.0,"key":"SMITH"},{"data":"Strike_B","floor":45.0,"key":"PURGE"},{"floor":49.0,"key":"RECALL"},{"data":"Strike_B","floor":53,"key":"PURGE"}],"circlet_count":0,"master_deck":["AscendersBane","Defend_B","Defend_B+1","Defend_B","Zap","Dualcast","Beam Cell+1","Streamline+1","Defragment+1","Self Repair+1","Rip and Tear","Chill+1","Biased Cognition+1","Coolheaded+1","Capacitor+1","Sunder+1","Capacitor+1","Cold Snap","Rainbow+1","Heatsinks+1","Chill","Glacier+1","Glacier","Consume","Loop"],"relics":["Cracked Core","NeowsBlessing","Cables","Emotion Chip","Kunai","Mummified Hand","Snecko Eye","War Paint","Centennial Puzzle","Art of War","Black Star","Eternal Feather","CeramicFish","Peace Pipe","Lantern","Blood Vial","MawBank","Bronze Scales","Bottled Tornado","Runic Capacitor","Mercury Hourglass","Bag of Preparation"],"acts_visited":["Exordium","TheCity","TheBeyond","TheEnding"],"potions_floor_usage":[56,56],"damage_taken":[{"damage":0.0,"enemies":"Jaw Worm","floor":1.0,"turns":1.0},{"damage":0.0,"enemies":"Cultist","floor":2.0,"turns":1.0},{"damage":0.0,"enemies":"3 Sentries","floor":6.0,"turns":1.0},{"damage":10.0,"enemies":"Small Slimes","floor":8.0,"turns":3.0},{"damage":15.0,"enemies":"3 Louse","floor":10.0,"turns":3.0},{"damage":14.0,"enemies":"Lagavulin","floor":11.0,"turns":3.0},{"damage":6.0,"enemies":"Slime Boss","floor":16.0,"turns":9.0},{"damage":20.0,"enemies":"3 Byrds","floor":18.0,"turns":3.0},{"damage":37.0,"enemies":"Shell Parasite","floor":19.0,"turns":6.0},{"damage":14.0,"enemies":"Snake Plant","floor":21.0,"turns":3.0},{"damage":0.0,"enemies":"Centurion and Healer","floor":22.0,"turns":4.0},{"damage":17.0,"enemies":"Gremlin Leader","floor":28.0,"turns":6.0},{"damage":0.0,"enemies":"3 Cultists","floor":29.0,"turns":5.0},{"damage":24.0,"enemies":"Shelled Parasite and Fungi","floor":31.0,"turns":3.0},{"damage":16.0,"enemies":"Collector","floor":33.0,"turns":11.0},{"damage":0.0,"enemies":"3 Shapes","floor":35.0,"turns":5.0},{"damage":0.0,"enemies":"Orb Walker","floor":36.0,"turns":2.0},{"damage":11.0,"enemies":"Maw","floor":37.0,"turns":7.0},{"damage":13.0,"enemies":"4 Shapes","floor":39.0,"turns":4.0},{"damage":21.0,"enemies":"Nemesis","floor":40.0,"turns":11.0},{"damage":6.0,"enemies":"Giant Head","floor":42.0,"turns":8.0},{"damage":33.0,"enemies":"Nemesis","floor":44.0,"turns":7.0},{"damage":10.0,"enemies":"Transient","floor":46.0,"turns":6.0},{"damage":50.0,"enemies":"Reptomancer","floor":47.0,"turns":7.0},{"damage":6.0,"enemies":"Maw","floor":48.0,"turns":6.0},{"damage":21.0,"enemies":"Awakened One","floor":50.0,"turns":19.0},{"damage":22,"enemies":"Time Eater","floor":51,"turns":11},{"damage":23,"enemies":"Shield and Spear","floor":55,"turns":8},{"damage":12,"enemies":"The Heart","floor":56,"turns":11}],"seed_played":"-6822270961330977158","potions_obtained":[{"floor":2.0,"key":"EssenceOfDarkness"},{"floor":10.0,"key":"DuplicationPotion"},{"floor":11.0,"key":"ColorlessPotion"},{"floor":18.0,"key":"Dexterity Potion"},{"floor":19.0,"key":"Ancient Potion"},{"floor":20.0,"key":"SneckoOil"},{"floor":20.0,"key":"PowerPotion"},{"floor":28.0,"key":"DuplicationPotion"},{"floor":29.0,"key":"Weak Potion"},{"floor":33.0,"key":"SpeedPotion"},{"floor":38.0,"key":"ColorlessPotion"},{"floor":39.0,"key":"Block Potion"},{"floor":40.0,"key":"EssenceOfDarkness"},{"floor":44.0,"key":"PowerPotion"},{"floor":47.0,"key":"Weak Potion"},{"floor":48.0,"key":"Fruit Juice"}],"is_trial":false,"path_per_floor":["M","M","$","?","$","E","R","M","T","M","E","?","R","?","R","B",null,"M","M","?","M","M","R","$","R","T","R","E","M","R","M","R","B",null,"M","M","M","?","M","E","R","E","T","E","R","M","E","M","R","B","B",null,"R","$","E","B",null],"character_chosen":"DEFECT","items_purchased":["Defragment","War Paint","Runic Capacitor","Consume","Loop","DuplicationPotion"],"campfire_rested":1,"item_purchase_floors":[3,24,54,54,54,54],"current_hp_per_floor":[64,64,64,64,64,64,64,61,61,53,46,51,51,51,51,52,70,57,27,27,13,27,49,49,49,49,49,39,46,46,32,32,26,64,74,76,75,75,72,61,73,76,76,53,65,67,29,40,55,46,36,70,81,81,68,68],"gold":77,"neow_bonus":"THREE_ENEMY_KILL","is_daily":false,"chose_seed":false,"campfire_upgraded":8,"win_rate":0.0,"timestamp":1613488987,"path_taken":["M","M","$","?","?","E","R","M","T","M","E","?","R","?","R","BOSS","M","M","?","M","M","R","$","R","T","R","E","M","R","M","R","BOSS","M","M","?","?","?","E","R","E","T","E","R","M","E","M","R","BOSS","BOSS","R","$","E","BOSS"],"items_purchased_type":["Card","Relic","Relic","Card","Card","Potion"],"build_version":"2020-12-22","purchased_purges":2,"victory":true,"max_hp_per_floor":[71,71,71,71,71,71,71,71,71,71,71,76,76,76,76,76,76,76,76,76,76,76,76,76,76,76,76,76,76,76,76,76,76,76,76,76,76,76,76,76,76,76,76,76,76,76,76,81,81,81,81,81,81,81,81,81],"relic_stats":{"counters":[29,174],"CeramicFish":36,"Eternal Feather":50,"Bag of Preparation":[2],"War Paint":["Chill","Defend_B"],"MawBank":120,"Cables":[179,63,98,18,0],"Mercury Hourglass":[33],"Peace Pipe":2,"Blood Vial":12,"Emotion Chip":[131,38,74,19,0],"Centennial Puzzle":[44],"Mummified Hand":[256],"Bronze Scales":[351],"Snecko Eye":[279,303,297,298],"Art of War":[23],"Black Star":5,"Kunai":[35],"obtain_stats":[{"Lantern":42,"NeowsBlessing":0,"CeramicFish":40,"Eternal Feather":40,"Runic Capacitor":54,"Bag of Preparation":55,"War Paint":24,"Bottled Tornado":47,"MawBank":44,"Cables":4,"Mercury Hourglass":55,"Peace Pipe":42,"Blood Vial":44,"Emotion Chip":6,"Centennial Puzzle":26,"Mummified Hand":11,"Bronze Scales":47,"Snecko Eye":17,"Art of War":28,"Black Star":34,"Kunai":9,"Cracked Core":0},{"Lantern":21,"NeowsBlessing":0,"CeramicFish":20,"Eternal Feather":20,"Runic Capacitor":27,"Bag of Preparation":28,"War Paint":11,"Bottled Tornado":24,"MawBank":22,"Cables":2,"Mercury Hourglass":28,"Peace Pipe":21,"Blood Vial":22,"Emotion Chip":3,"Centennial Puzzle":11,"Mummified Hand":6,"Bronze Scales":24,"Snecko Eye":7,"Art of War":12,"Black Star":15,"Kunai":4,"Cracked Core":0},{"Lantern":99,"NeowsBlessing":0,"CeramicFish":91,"Eternal Feather":91,"Runic Capacitor":155,"Bag of Preparation":163,"War Paint":37,"Bottled Tornado":119,"MawBank":106,"Cables":2,"Mercury Hourglass":163,"Peace Pipe":99,"Blood Vial":106,"Emotion Chip":3,"Centennial Puzzle":37,"Mummified Hand":12,"Bronze Scales":119,"Snecko Eye":21,"Art of War":43,"Black Star":62,"Kunai":6,"Cracked Core":0}]},"card_choices":[{"not_picked":["Hologram","Compile Driver"],"picked":"Beam Cell","floor":1.0},{"not_picked":["Cold Snap","Beam Cell"],"picked":"Streamline","floor":2.0},{"not_picked":["Storm","Defragment"],"picked":"Self Repair","floor":6.0},{"not_picked":["Sweeping Beam","Conserve Battery"],"picked":"Rip and Tear","floor":8.0},{"not_picked":["Compile Driver","Auto Shields","Rebound"],"picked":"SKIP","floor":10.0},{"not_picked":["Barrage","Lockon"],"picked":"Chill","floor":11.0},{"not_picked":["Creative AI","Meteor Strike"],"picked":"Biased Cognition","floor":16.0},{"not_picked":["Stack","Streamline"],"picked":"Coolheaded+1","floor":18.0},{"not_picked":["Steam","Compile Driver"],"picked":"Capacitor","floor":19.0},{"not_picked":["Steam","Rip and Tear"],"picked":"Sunder","floor":21.0},{"not_picked":["Redo","Hologram","Go for the Eyes"],"picked":"SKIP","floor":22.0},{"not_picked":["BootSequence","Redo"],"picked":"Capacitor+1","floor":28.0},{"not_picked":["Conserve Battery","Heatsinks"],"picked":"Cold Snap","floor":29.0},{"not_picked":["Recycle","Stack+1","Streamline+1"],"picked":"SKIP","floor":31.0},{"not_picked":["Reboot","All For One"],"picked":"Rainbow","floor":33.0},{"not_picked":["Stack","Rip and Tear","Cold Snap"],"picked":"SKIP","floor":35.0},{"not_picked":["Auto Shields","Undo"],"picked":"Heatsinks+1","floor":36.0},{"not_picked":["Sweeping Beam+1","White Noise","Lockon"],"picked":"SKIP","floor":37.0},{"not_picked":["Genetic Algorithm+1","Sweeping Beam"],"picked":"Chill","floor":39.0},{"not_picked":["BootSequence","Hyperbeam","Reinforced Body+1"],"picked":"SKIP","floor":40.0},{"not_picked":["Steam","Leap","Gash"],"picked":"SKIP","floor":42.0},{"not_picked":["Cold Snap","Turbo","Steam Power"],"picked":"SKIP","floor":44.0},{"not_picked":["Skim","Compile Driver+1"],"picked":"Glacier+1","floor":46.0},{"not_picked":["Leap","Barrage"],"picked":"Glacier","floor":47.0},{"not_picked":["Ball Lightning","Redo","Steam+1"],"picked":"SKIP","floor":48.0},{"not_picked":["Aggregate","Cold Snap","Storm"],"picked":"SKIP","floor":55}],"player_experience":2601328,"relics_obtained":[{"floor":6.0,"key":"Emotion Chip"},{"floor":9.0,"key":"Kunai"},{"floor":11.0,"key":"Mummified Hand"},{"floor":26.0,"key":"Centennial Puzzle"},{"floor":28.0,"key":"Art of War"},{"floor":40.0,"key":"Eternal Feather"},{"floor":40.0,"key":"CeramicFish"},{"floor":42.0,"key":"Peace Pipe"},{"floor":42.0,"key":"Lantern"},{"floor":44.0,"key":"Blood Vial"},{"floor":44.0,"key":"MawBank"},{"floor":47.0,"key":"Bronze Scales"},{"floor":47.0,"key":"Bottled Tornado"},{"floor":55,"key":"Mercury Hourglass"},{"floor":55,"key":"Bag of Preparation"}],"event_choices":[{"damage_healed":0.0,"max_hp_gain":0.0,"max_hp_loss":0.0,"gold_gain":0.0,"event_name":"WeMeetAgain","player_choice":"Gave Potion","floor":4.0,"gold_loss":0.0,"damage_taken":0.0,"relics_obtained":["Cables"]},{"damage_healed":0.0,"max_hp_gain":5.0,"max_hp_loss":0.0,"gold_gain":0.0,"event_name":"Big Fish","player_choice":"Donut","floor":12.0,"gold_loss":0.0,"damage_taken":0.0},{"cards_removed":["Strike_B"],"damage_healed":0.0,"max_hp_gain":0.0,"max_hp_loss":0.0,"gold_gain":0.0,"event_name":"Living Wall","player_choice":"Forget","floor":14.0,"gold_loss":0.0,"damage_taken":0.0},{"damage_healed":0.0,"max_hp_gain":0.0,"max_hp_loss":0.0,"gold_gain":0.0,"event_name":"Lab","player_choice":"Got Potions","floor":20.0,"gold_loss":0.0,"damage_taken":0.0},{"damage_healed":0.0,"max_hp_gain":0.0,"max_hp_loss":0.0,"gold_gain":0.0,"event_name":"The Woman in Blue","player_choice":"Bought 1 Potion","floor":38.0,"gold_loss":0.0,"damage_taken":0.0}],"is_beta":false,"boss_relics":[{"not_picked":["Runic Pyramid","Cursed Key"],"picked":"Snecko Eye"},{"not_picked":["Astrolabe","Pandora\u0027s Box"],"picked":"Black Star"}],"items_purged_floors":[24,54],"is_endless":false,"potions_floor_spawned":[2,10,11,18,19,28,29,33,35,39,40,44,47,48],"ascension_level":20}}