{"host":"3knbl8zxdy69ze8y","time":1613436646,"event":{"mods":["BaseMod","Colored Map","Hermit","Minty Spire (QoL Compilation)","Smile Girya","StSLib","The Hierophant","The Widow","Wide Potions"],"gold_per_floor":[359,378,378,28,28,59,59,99,99,99,99,120,135,151,151,274,274,290,310,135,158,177,215,215,215,240,240,263,306,130,174,174,304,304,327,352,415,748,760,788,788,820,901,915,915,915,915,946,946,946,946,946,207,233,233],"floor_reached":56,"language":"ENG","playtime":4845,"items_purged":["hermit:Strike_Hermit","hermit:Shortfuse","hermit:Strike_Hermit+1"],"score":1278,"play_id":"8eb25ad9-25eb-4298-90bb-c09ed5663220","local_time":"20210215165046","is_ascension_mode":false,"campfire_choices":[{"data":"Apotheosis","floor":7.0,"key":"SMITH"},{"data":"hermit:Glare","floor":11.0,"key":"SMITH"},{"data":"hermit:Dive","floor":15.0,"key":"SMITH"},{"floor":27.0,"key":"REST"},{"floor":32.0,"key":"REST"},{"data":"hermit:Cheat","floor":41,"key":"SMITH"},{"floor":45,"key":"REST"},{"data":"hermit:Manifest","floor":47,"key":"SMITH"},{"floor":49,"key":"RECALL"},{"data":"hermit:ShadowCloak","floor":52,"key":"SMITH"}],"circlet_count":0,"master_deck":["hermit:Defend_Hermit+1","hermit:Defend_Hermit+1","hermit:Defend_Hermit+1","hermit:Defend_Hermit+1","hermit:Snapshot","hermit:Covet","hermit:Horror","Apotheosis+1","hermit:Glare+1","hermit:RoundhouseKick","hermit:RoundhouseKick","hermit:Dive+1","hermit:BodyArmor","hermit:Magnum","hermit:HeroicBravado","hermit:Manifest+1","hermit:HeroicBravado","hermit:Misfire","hermit:FlashPowder","hermit:Determination","hermit:CalledShot","hermit:Snipe+1","hermit:ShadowCloak+1","hermit:HighNoon","hermit:FinalCanter","hermit:Dive","hermit:HoleUp+1","hermit:Cheat+1","hermit:LuckOfTheDraw+1","hermit:Horror","Dark Shackles","hermit:Coalescence+1"],"relics":["hermit:Momento","Vajra","Pear","Darkstone Periapt","hermit:CharredGlove","Bag of Marbles","Sozu","Shuriken","Enchiridion","Bronze Scales","Calipers","Nunchaku","Runic Pyramid","Ginger","Oddly Smooth Stone","Regal Pillow","Juzu Bracelet","Sling","Lantern","Anchor","Blood Vial"],"acts_visited":["Exordium","TheCity","TheBeyond","TheEnding"],"potions_floor_usage":[],"damage_taken":[{"damage":0.0,"enemies":"2 Louse","floor":1.0,"turns":2.0},{"damage":5.0,"enemies":"Small Slimes","floor":2.0,"turns":2.0},{"damage":2.0,"enemies":"Lagavulin","floor":6.0,"turns":5.0},{"damage":16.0,"enemies":"Gremlin Nob","floor":8.0,"turns":4.0},{"damage":3.0,"enemies":"Jaw Worm","floor":12.0,"turns":2.0},{"damage":0.0,"enemies":"Exordium Thugs","floor":13.0,"turns":3.0},{"damage":5.0,"enemies":"2 Fungi Beasts","floor":14.0,"turns":3.0},{"damage":4.0,"enemies":"Slime Boss","floor":16.0,"turns":9.0},{"damage":0.0,"enemies":"2 Thieves","floor":18.0,"turns":3.0},{"damage":3.0,"enemies":"Spheric Guardian","floor":19.0,"turns":4.0},{"damage":1.0,"enemies":"Snake Plant","floor":21.0,"turns":4.0},{"damage":10.0,"enemies":"Cultist and Chosen","floor":22.0,"turns":5.0},{"damage":40.0,"enemies":"Slavers","floor":23.0,"turns":7.0},{"damage":5.0,"enemies":"Centurion and Healer","floor":28.0,"turns":6.0},{"damage":0.0,"enemies":"Gremlin Leader","floor":29.0,"turns":3.0},{"damage":11.0,"enemies":"Slavers","floor":31.0,"turns":5.0},{"damage":10.0,"enemies":"Champ","floor":33.0,"turns":8.0},{"damage":7,"enemies":"Orb Walker","floor":35,"turns":3},{"damage":0,"enemies":"3 Darklings","floor":36,"turns":4},{"damage":0,"enemies":"Mind Bloom Boss Battle","floor":37,"turns":6},{"damage":1,"enemies":"Maw","floor":39,"turns":3},{"damage":25,"enemies":"Nemesis","floor":40,"turns":4},{"damage":13,"enemies":"Reptomancer","floor":42,"turns":6},{"damage":1,"enemies":"Jaw Worm Horde","floor":44,"turns":2},{"damage":1,"enemies":"Nemesis","floor":48,"turns":4},{"damage":49,"enemies":"Awakened One","floor":50,"turns":16},{"damage":1,"enemies":"Shield and Spear","floor":54,"turns":6},{"damage":3,"enemies":"The Heart","floor":55,"turns":15}],"seed_played":"-4404809005915848496","potions_obtained":[{"floor":6.0,"key":"Dexterity Potion"},{"floor":8.0,"key":"FearPotion"},{"floor":14.0,"key":"hermit:Eclipse"},{"floor":16.0,"key":"Dexterity Potion"}],"is_trial":false,"path_per_floor":["M","M","?","$","?","E","R","E","T","?","R","M","M","M","R","B",null,"M","M","$","M","M","E","?","?","T","R","M","E","$","E","R","B",null,"M","M","?","?","M","E","R","E","T","M","R","?","R","E","R","B",null,"R","$","E","B",null],"character_chosen":"HERMIT","items_purchased":["Vajra","Apotheosis","hermit:Misfire","hermit:FlashPowder","hermit:ShadowCloak","Sling","Lantern","Anchor","hermit:Horror","Dark Shackles"],"campfire_rested":3,"item_purchase_floors":[4,4,20,20,30,53,53,53,53,53],"current_hp_per_floor":[68,63,46,46,49,47,47,31,31,31,31,28,28,23,23,19,78,78,75,75,74,64,24,24,8,8,31,26,26,26,15,38,28,78,71,71,71,71,70,45,45,32,32,31,69,69,69,68,68,19,78,78,78,77,75],"gold":233,"neow_bonus":"TWO_FIFTY_GOLD","is_daily":false,"chose_seed":false,"campfire_upgraded":6,"win_rate":0.0,"timestamp":1613436646,"path_taken":["M","M","?","$","?","E","R","E","T","?","R","M","?","M","R","BOSS","M","M","$","M","M","E","?","?","T","R","M","E","$","E","R","BOSS","M","M","?","?","M","E","R","E","T","M","R","?","R","E","R","BOSS","R","$","E","BOSS"],"items_purchased_type":["Relic","Card","Card","Card","Card","Relic","Relic","Relic","Card","Card"],"build_version":"2020-12-22","purchased_purges":3,"victory":true,"max_hp_per_floor":[68,68,68,68,78,78,78,78,78,78,78,78,78,78,78,78,78,78,78,78,78,78,78,78,78,78,78,78,78,78,78,78,78,78,78,78,78,78,78,78,78,78,78,78,78,78,78,78,78,78,78,78,78,78,78],"card_choices":[{"not_picked":["hermit:Snipe","hermit:HoleUp"],"picked":"hermit:Shortfuse","floor":1.0},{"not_picked":["hermit:SprayPray","hermit:CalledShot"],"picked":"hermit:Horror","floor":2.0},{"not_picked":["hermit:Misfire","hermit:FlashPowder"],"picked":"hermit:Glare","floor":6.0},{"not_picked":["hermit:LuckOfTheDraw","hermit:TrackingShot"],"picked":"hermit:RoundhouseKick","floor":8.0},{"not_picked":["hermit:BigShot","hermit:Ricochet"],"picked":"hermit:Dive","floor":12.0},{"not_picked":["hermit:HighCaliber","hermit:ItchyTrigger"],"picked":"hermit:BodyArmor","floor":13.0},{"not_picked":["hermit:TakeAim","hermit:Virtue"],"picked":"hermit:Magnum","floor":14.0},{"not_picked":["hermit:Magnum","hermit:Purgatory"],"picked":"hermit:HeroicBravado","floor":16.0},{"not_picked":["hermit:Snipe","hermit:Vantage"],"picked":"hermit:Manifest","floor":18.0},{"not_picked":["hermit:Coalescence","hermit:Roulette"],"picked":"hermit:HeroicBravado","floor":19.0},{"not_picked":["hermit:Misfire+1","hermit:Virtue","hermit:LuckOfTheDraw"],"picked":"SKIP","floor":21.0},{"not_picked":["hermit:Desperado","hermit:BodyArmor","hermit:Glare"],"picked":"SKIP","floor":22.0},{"not_picked":["hermit:TakeCover","hermit:PistolWhip"],"picked":"hermit:Determination","floor":23.0},{"not_picked":["hermit:Quickdraw+1","hermit:NoHoldsBarred+1"],"picked":"hermit:CalledShot","floor":28.0},{"not_picked":["hermit:CursedWeapon+1","hermit:EyeOfTheStorm"],"picked":"hermit:Snipe+1","floor":29.0},{"not_picked":["hermit:TakeCover","hermit:Roulette+1"],"picked":"hermit:HighNoon","floor":31.0},{"not_picked":["hermit:FromBeyond","hermit:Purgatory"],"picked":"hermit:FinalCanter","floor":33.0},{"not_picked":["hermit:Coalescence","hermit:TrackingShot+1"],"picked":"hermit:Dive","floor":35},{"not_picked":["hermit:Feint+1","hermit:WideOpen"],"picked":"hermit:HoleUp+1","floor":36},{"not_picked":["hermit:Roughhouse","hermit:Grudge"],"picked":"hermit:Cheat","floor":37},{"not_picked":["hermit:Maintenance","hermit:Feint+1","hermit:Coalescence"],"picked":"SKIP","floor":39},{"not_picked":["hermit:Dive","hermit:Feint+1","hermit:Combo"],"picked":"SKIP","floor":40},{"not_picked":["hermit:Coalescence+1","hermit:Virtue","hermit:Glare+1"],"picked":"SKIP","floor":42},{"not_picked":["hermit:BodyArmor+1","hermit:SprayPray"],"picked":"hermit:LuckOfTheDraw+1","floor":44},{"not_picked":["hermit:Quickdraw+1","hermit:Vantage","hermit:Virtue"],"picked":"SKIP","floor":48},{"not_picked":["hermit:FromBeyond","hermit:Deadeye"],"picked":"hermit:Coalescence+1","floor":54}],"player_experience":792412,"relics_obtained":[{"floor":6.0,"key":"Darkstone Periapt"},{"floor":8.0,"key":"hermit:CharredGlove"},{"floor":9.0,"key":"Bag of Marbles"},{"floor":23.0,"key":"Shuriken"},{"floor":25.0,"key":"Enchiridion"},{"floor":26.0,"key":"Bronze Scales"},{"floor":29.0,"key":"Calipers"},{"floor":31.0,"key":"Nunchaku"},{"floor":37,"key":"Ginger"},{"floor":40,"key":"Oddly Smooth Stone"},{"floor":42,"key":"Regal Pillow"},{"floor":48,"key":"Juzu Bracelet"},{"floor":54,"key":"Blood Vial"}],"event_choices":[{"damage_healed":0.0,"max_hp_gain":0.0,"max_hp_loss":0.0,"gold_gain":0.0,"event_name":"Golden Idol","player_choice":"Take Damage","floor":3.0,"gold_loss":0.0,"damage_taken":17.0,"relics_obtained":["Golden Idol"]},{"damage_healed":0.0,"max_hp_gain":0.0,"max_hp_loss":0.0,"gold_gain":0.0,"event_name":"Scrap Ooze","player_choice":"Success","floor":5.0,"gold_loss":0.0,"damage_taken":7.0,"relics_obtained":["Pear"]},{"damage_healed":0.0,"max_hp_gain":0.0,"max_hp_loss":0.0,"gold_gain":0.0,"cards_transformed":["hermit:Strike_Hermit"],"event_name":"Transmorgrifier","player_choice":"Transformed","floor":10.0,"gold_loss":0.0,"damage_taken":0.0,"cards_obtained":["hermit:RoundhouseKick"]},{"damage_healed":0.0,"max_hp_gain":0.0,"max_hp_loss":0.0,"gold_gain":0.0,"event_name":"Back to Basics","player_choice":"Simplicity","floor":24.0,"gold_loss":0.0,"damage_taken":0.0,"cards_upgraded":["hermit:Strike_Hermit","hermit:Strike_Hermit","hermit:Defend_Hermit","hermit:Defend_Hermit","hermit:Defend_Hermit","hermit:Defend_Hermit"]},{"damage_healed":0.0,"max_hp_gain":0.0,"max_hp_loss":0.0,"gold_gain":0.0,"event_name":"Cursed Tome","player_choice":"Obtained Book","floor":25.0,"gold_loss":0.0,"damage_taken":16.0},{"damage_healed":0,"gold_gain":0,"player_choice":"Fight","damage_taken":0,"max_hp_gain":0,"max_hp_loss":0,"event_name":"MindBloom","floor":37,"gold_loss":0},{"damage_healed":0,"gold_gain":333,"player_choice":"Gave Idol","damage_taken":0,"max_hp_gain":0,"max_hp_loss":0,"event_name":"The Moai Head","floor":38,"relics_lost":["Golden Idol"],"gold_loss":0},{"cards_removed":["hermit:Strike_Hermit"],"damage_healed":0,"gold_gain":0,"player_choice":"Offered Basic","damage_taken":0,"max_hp_gain":0,"max_hp_loss":0,"event_name":"Bonfire Elementals","floor":46,"gold_loss":0}],"is_beta":false,"boss_relics":[{"not_picked":["hermit:BartenderGlass","Coffee Dripper"],"picked":"Sozu"},{"not_picked":["Astrolabe","Empty Cage"],"picked":"Runic Pyramid"}],"items_purged_floors":[20,30,53],"is_endless":false,"potions_floor_spawned":[6,8,14,16,21,23,29,36,39,42,54],"ascension_level":0}}