{"host":"zxd2l8an9de7z7b9","time":1613450137,"event":{"mods":["2.2 Compatiblity","AchievementEnabler","BaseMod","CapriCore","Colored Map","Colored Powertips","Minty Spire (QoL Compilation)","Rare Cards Sparkle","StSLib","SuperFastMode"],"gold_per_floor":[119,5,280,296,313,313,324,338,338,338,189,220,234,120,120,216,216,228,242,19,19,19,19],"floor_reached":22,"language":"KOR","playtime":694,"items_purged":["Strike_R","Defend_R","Regret"],"score":186,"play_id":"d507430a-33f6-441e-974e-459f330c4ab1","local_time":"20210216133537","is_ascension_mode":false,"campfire_choices":[{"data":"Feel No Pain","floor":6.0,"key":"SMITH"},{"data":"Barricade","floor":10.0,"key":"SMITH"},{"floor":15.0,"key":"REST"}],"circlet_count":0,"master_deck":["Strike_R","Strike_R","Defend_R","Defend_R","Bash","Wild Strike","Feel No Pain+1","Clothesline","Sever Soul","Barricade+1","True Grit","Clash","True Grit","Dark Embrace","Reckless Charge","Juggernaut","Thunderclap+1","Brutality+1","Juggernaut+1","Havoc+1"],"relics":["Burning Blood","Red Skull","Pantograph","Du-Vu Doll","Astrolabe","InkBottle"],"acts_visited":["Exordium","TheCity"],"potions_floor_usage":[18,20,22],"damage_taken":[{"damage":6.0,"enemies":"2 Louse","floor":1.0,"turns":3.0},{"damage":3.0,"enemies":"Cultist","floor":4.0,"turns":4.0},{"damage":20.0,"enemies":"Jaw Worm","floor":5.0,"turns":5.0},{"damage":12.0,"enemies":"Large Slime","floor":7.0,"turns":5.0},{"damage":12.0,"enemies":"Looter","floor":8.0,"turns":3.0},{"damage":35.0,"enemies":"3 Sentries","floor":12.0,"turns":8.0},{"damage":9.0,"enemies":"2 Fungi Beasts","floor":13.0,"turns":3.0},{"damage":40.0,"enemies":"Slime Boss","floor":16.0,"turns":15.0},{"damage":59,"enemies":"3 Byrds","floor":18,"turns":6},{"damage":22,"enemies":"2 Thieves","floor":19,"turns":3},{"damage":0,"enemies":"Centurion and Healer","floor":22,"turns":1}],"seed_played":"-5470094684076811832","potions_obtained":[{"floor":4.0,"key":"Fire Potion"},{"floor":5.0,"key":"FearPotion"},{"floor":7.0,"key":"GamblersBrew"},{"floor":16.0,"key":"SteroidPotion"}],"is_trial":false,"path_per_floor":["M","$","?","M","M","R","M","M","T","R","$","E","M","$","R","B",null,"M","M","$","?","M"],"character_chosen":"IRONCLAD","items_purchased":["Feel No Pain","True Grit","Dark Embrace","Reckless Charge","Fruit Juice"],"campfire_rested":1,"item_purchase_floors":[2,11,14,14,20],"current_hp_per_floor":[80,80,80,80,66,66,60,54,54,54,54,25,22,22,46,37,80,27,11,16,16,16,16],"gold":19,"neow_bonus":"RANDOM_COMMON_RELIC","is_daily":false,"chose_seed":false,"campfire_upgraded":2,"win_rate":0.0,"timestamp":1613450137,"path_taken":["M","$","?","M","M","R","?","M","T","R","$","E","M","?","R","BOSS","M","M","$","?","M"],"items_purchased_type":["Card","Card","Card","Card","Potion"],"build_version":"2020-12-22","purchased_purges":3,"victory":false,"max_hp_per_floor":[80,80,80,80,80,80,80,80,80,80,80,80,80,80,80,80,80,80,80,85,85,85,85],"card_choices":[{"not_picked":["Metallicize","Burning Pact"],"picked":"Wild Strike","floor":1.0},{"not_picked":["Sword Boomerang","Hemokinesis"],"picked":"Clothesline","floor":4.0},{"not_picked":["Infernal Blade","Wild Strike"],"picked":"Sever Soul","floor":5.0},{"not_picked":["Clothesline","Heavy Blade"],"picked":"Barricade","floor":7.0},{"not_picked":["Heavy Blade","Anger","Bloodletting"],"picked":"SKIP","floor":8.0},{"not_picked":["Cleave","Clash","Flex"],"picked":"SKIP","floor":12.0},{"not_picked":["Cleave","Flex"],"picked":"Clash","floor":12.0},{"not_picked":["Shrug It Off","Twin Strike"],"picked":"True Grit","floor":13.0},{"not_picked":["Corruption","Reaper"],"picked":"Juggernaut","floor":16.0},{"not_picked":["Anger+1","Pommel Strike"],"picked":"Havoc+1","floor":18},{"not_picked":["True Grit","Perfected Strike","Pommel Strike"],"picked":"SKIP","floor":19}],"player_experience":359686,"relics_obtained":[{"floor":9.0,"key":"Pantograph"},{"floor":12.0,"key":"Du-Vu Doll"}],"event_choices":[{"damage_healed":0.0,"max_hp_gain":0.0,"max_hp_loss":0.0,"gold_gain":275.0,"event_name":"Golden Shrine","player_choice":"Desecrate","floor":3.0,"gold_loss":0.0,"damage_taken":0.0,"cards_obtained":["Regret"]},{"damage_healed":0,"gold_gain":0,"player_choice":"Opened","damage_taken":0,"relics_obtained":["InkBottle"],"max_hp_gain":0,"max_hp_loss":0,"event_name":"The Mausoleum","floor":21,"gold_loss":0}],"is_beta":false,"boss_relics":[{"not_picked":["Black Star","Tiny House"],"picked":"Astrolabe"}],"items_purged_floors":[2,11,20],"is_endless":false,"potions_floor_spawned":[4,5,7,16],"killed_by":"Centurion and Healer","ascension_level":0}}