{"host":"5dk97cf2ubw2v967","time":1613499588,"event":{"mods":["AlwaysNeverKeys","BaseMod","Better Altar","Better Vampires","Block Reminder","Card Filter","Colored Powertips","Downfall","Googly Eyes","Highlight Path","Minty Spire (QoL Compilation)","Permanent Neow","Potion Indicator Mod","Quick Restart","Relic Filter","Relic Stats","Say the Spire","Spicy Shops","StSLib","Waifu the Spire","everything is the same but u backflip on backflip"],"gold_per_floor":[110,110,110,128,148,148,176,4,4,38,38,71,85,95,95,170,170,189,32,32,44,61,96,96,106,106,106,106,137,137,153,153,226,226,243,58,58,72,83,83,83],"floor_reached":40,"language":"ENG","playtime":1275,"items_purged":["downfall:Bewildered"],"score":942,"play_id":"313280f9-7bf1-442f-8f14-5a7137fa6ff7","local_time":"20210216181948","is_ascension_mode":true,"campfire_choices":[{"data":"Havoc","floor":6,"key":"SMITH"},{"data":"Inflame","floor":15,"key":"SMITH"},{"data":"Limit Break","floor":24,"key":"SMITH"},{"data":"Limit Break","floor":27,"key":"SMITH"},{"floor":32,"key":"REST"}],"circlet_count":0,"master_deck":["AscendersBane","Strike_R","Strike_R","Strike_R","Strike_R","Strike_R","Defend_R","Defend_R","Defend_R","Defend_R","Bash","Dramatic Entrance+1","Thunderclap","Whirlwind","Havoc+1","Inflame+1","Seeing Red","Pummel","Flex","Twin Strike","Limit Break+1","Shrug It Off","Infernal Blade+1","Limit Break+1","Shrug It Off","downfall:Icky","Inflame","Reaper","Pommel Strike+1"],"relics":["Burning Blood","Centennial Puzzle","Tiny Chest","Ginger","Meat on the Bone","Letter Opener","Torii","Philosopher\u0027s Stone","Regal Pillow","Ancient Tea Set","Mercury Hourglass","downfall:ExtraCursedKey","Dream Catcher","Singing Bowl","Busted Crown"],"acts_visited":["Exordium","TheCity","TheBeyond"],"potions_floor_usage":[10,16,33,35],"damage_taken":[{"damage":0,"enemies":"Small Slimes","floor":1,"turns":4},{"damage":7,"enemies":"Jaw Worm","floor":4,"turns":2},{"damage":1,"enemies":"Cultist","floor":5,"turns":3},{"damage":8,"enemies":"Gremlin Nob","floor":7,"turns":3},{"damage":15,"enemies":"3 Sentries","floor":10,"turns":4},{"damage":45,"enemies":"Lagavulin","floor":12,"turns":8},{"damage":1,"enemies":"Exordium Thugs","floor":13,"turns":3},{"damage":6,"enemies":"Looter","floor":14,"turns":2},{"damage":39,"enemies":"Hexaghost","floor":16,"turns":9},{"damage":21,"enemies":"Chosen","floor":18,"turns":4},{"damage":17,"enemies":"Shell Parasite","floor":21,"turns":2},{"damage":6,"enemies":"3 Cultists","floor":22,"turns":3},{"damage":23,"enemies":"Slavers","floor":23,"turns":3},{"damage":16,"enemies":"Shelled Parasite and Fungi","floor":25,"turns":2},{"damage":0,"enemies":"Gremlin Leader","floor":29,"turns":3},{"damage":45,"enemies":"Chosen and Byrds","floor":31,"turns":4},{"damage":41,"enemies":"Champ","floor":33,"turns":5},{"damage":24,"enemies":"3 Darklings","floor":35,"turns":4},{"damage":16,"enemies":"3 Shapes","floor":38,"turns":2},{"damage":26,"enemies":"Spire Growth","floor":39,"turns":3},{"damage":83,"enemies":"Giant Head","floor":40,"turns":5}],"seed_played":"-6213312585884099014","potions_obtained":[{"floor":1,"key":"champ:CounterPotion"},{"floor":13,"key":"ColorlessPotion"},{"floor":29,"key":"Dexterity Potion"},{"floor":33,"key":"AttackPotion"}],"is_trial":false,"path_per_floor":["M","?","?","M","M","R","E","$","T","E","$","E","M","M","R","B",null,"M","$","?","M","M","E","R","M","T","R","?","E","T","M","R","B",null,"M","$","?","M","M","E"],"character_chosen":"IRONCLAD","items_purchased":["Ginger","Seeing Red","Regal Pillow","FairyPotion"],"campfire_rested":1,"item_purchase_floors":[8,8,19,36],"current_hp_per_floor":[74,48,48,47,52,52,50,50,50,53,53,26,43,55,55,34,65,50,50,50,51,51,46,46,48,48,48,48,54,54,29,67,44,69,67,67,63,53,47,0,0],"gold":83,"neow_bonus":"RANDOM_COLORLESS","is_daily":false,"chose_seed":false,"campfire_upgraded":4,"win_rate":0.0,"timestamp":1613499588,"path_taken":["M","?","?","?","M","R","E","?","T","E","$","E","M","M","R","BOSS","M","$","?","M","M","E","R","M","T","R","?","E","?","M","R","BOSS","M","?","?","M","?","E"],"items_purchased_type":["Relic","Card","Relic","Potion"],"build_version":"2020-12-22","purchased_purges":1,"victory":false,"max_hp_per_floor":[75,75,75,75,75,75,75,75,75,75,75,75,75,75,75,75,75,75,75,75,75,75,75,75,75,75,75,75,75,75,77,77,77,77,79,79,79,79,81,81,81],"relic_stats":{"Regal Pillow":15,"Torii":34,"Singing Bowl":6,"counters":[21,78],"Ginger":[5],"Letter Opener":[115],"Burning Blood":120,"Mercury Hourglass":[114],"Centennial Puzzle":[57],"Dream Catcher":1,"Busted Crown":6,"Tiny Chest":1,"obtain_stats":[{"Regal Pillow":19,"Torii":12,"Singing Bowl":30,"Ginger":8,"Letter Opener":10,"Ancient Tea Set":23,"Burning Blood":0,"Mercury Hourglass":26,"Centennial Puzzle":2,"Dream Catcher":29,"Busted Crown":34,"Tiny Chest":7,"Philosopher\u0027s Stone":17,"downfall:ExtraCursedKey":28,"Meat on the Bone":9},{"Regal Pillow":10,"Torii":6,"Singing Bowl":15,"Ginger":4,"Letter Opener":5,"Ancient Tea Set":13,"Burning Blood":0,"Mercury Hourglass":14,"Centennial Puzzle":1,"Dream Catcher":15,"Busted Crown":17,"Tiny Chest":4,"Philosopher\u0027s Stone":9,"downfall:ExtraCursedKey":14,"Meat on the Bone":4},{"Regal Pillow":42,"Torii":24,"Singing Bowl":55,"Ginger":12,"Letter Opener":16,"Ancient Tea Set":50,"Burning Blood":0,"Mercury Hourglass":52,"Centennial Puzzle":4,"Dream Catcher":55,"Busted Crown":64,"Tiny Chest":12,"Philosopher\u0027s Stone":38,"downfall:ExtraCursedKey":52,"Meat on the Bone":12}],"Meat on the Bone":132},"card_choices":[{"not_picked":["Trip","Discovery"],"picked":"Dramatic Entrance","floor":0},{"not_picked":["Anger","Sword Boomerang"],"picked":"Thunderclap","floor":1},{"not_picked":["Armaments","Anger"],"picked":"Whirlwind","floor":4},{"not_picked":["Iron Wave","Perfected Strike"],"picked":"Havoc","floor":5},{"not_picked":["Searing Blow","Hemokinesis"],"picked":"Inflame","floor":7},{"not_picked":["Blood for Blood","Shrug It Off"],"picked":"Pummel","floor":10},{"not_picked":["Intimidate","Warcry"],"picked":"Flex","floor":12},{"not_picked":["Clothesline","Armaments"],"picked":"Twin Strike","floor":13},{"not_picked":["Uppercut","Twin Strike","Clash"],"picked":"SKIP","floor":14},{"not_picked":["Bludgeon","Demon Form"],"picked":"Limit Break","floor":16},{"not_picked":["Thunderclap","Body Slam"],"picked":"Shrug It Off","floor":18},{"not_picked":["Bloodletting","Disarm"],"picked":"Infernal Blade+1","floor":21},{"not_picked":["Heavy Blade","Body Slam","Uppercut"],"picked":"SKIP","floor":22},{"not_picked":["True Grit","Sever Soul"],"picked":"Limit Break","floor":23},{"not_picked":["Dual Wield","Infernal Blade"],"picked":"Shrug It Off","floor":25},{"not_picked":["Spot Weakness+1","Cleave","Reckless Charge"],"picked":"SKIP","floor":29},{"not_picked":["Perfected Strike","Infernal Blade","Heavy Blade"],"picked":"Singing Bowl","floor":31},{"not_picked":["Clothesline","Iron Wave"],"picked":"Inflame","floor":32},{"not_picked":["Berserk","Juggernaut"],"picked":"Reaper","floor":33},{"not_picked":["Entrench"],"picked":"Singing Bowl","floor":35},{"not_picked":[],"picked":"Pommel Strike+1","floor":38},{"not_picked":["Havoc+1"],"picked":"Singing Bowl","floor":39}],"player_experience":1328497,"relics_obtained":[{"floor":7,"key":"Tiny Chest"},{"floor":9,"key":"Meat on the Bone"},{"floor":10,"key":"Letter Opener"},{"floor":12,"key":"Torii"},{"floor":23,"key":"Ancient Tea Set"},{"floor":26,"key":"Mercury Hourglass"},{"floor":29,"key":"Dream Catcher"},{"floor":30,"key":"Singing Bowl"}],"event_choices":[{"damage_healed":0,"gold_gain":0,"player_choice":"Success","damage_taken":26,"relics_obtained":["Centennial Puzzle"],"max_hp_gain":0,"max_hp_loss":0,"event_name":"Scrap Ooze","floor":2,"gold_loss":0},{"damage_healed":0,"gold_gain":0,"player_choice":"Upgraded","damage_taken":0,"max_hp_gain":0,"max_hp_loss":0,"event_name":"Upgrade Shrine","floor":3,"gold_loss":0,"cards_upgraded":["Dramatic Entrance"]},{"damage_healed":0,"gold_gain":0,"player_choice":"Bought 0 Potions","damage_taken":0,"max_hp_gain":0,"max_hp_loss":0,"event_name":"The Woman in Blue","floor":37,"gold_loss":0}],"is_beta":false,"boss_relics":[{"not_picked":["Runic Cube","SlaversCollar"],"picked":"Philosopher\u0027s Stone"},{"not_picked":["Black Blood","Calling Bell"],"picked":"Busted Crown"}],"items_purged_floors":[36],"is_endless":false,"potions_floor_spawned":[1,13,14,29,33,38,39],"killed_by":"Giant Head","ascension_level":20}}