{"host":"g1tdpkncg0il0eds","time":1613490476,"event":{"mods":["BaseMod","Downfall","Friendly Minions","HumanHunterMod(怪物杀人mod)","Minty Spire (QoL Compilation)","Prisma Mod","Reimu（博丽灵梦）","Reliquary","Remilia（蕾米莉亚）","Replay The Spire","RumiaBox-露米娅的神秘盒子","Shop Mod","Spicy Shops","StSLib","TestMod","The Administrix","The Construct","The Servant 0.9.4","Youmu（魂魄妖梦）","noobMod","【功能Mod】聪明的最终Boss","【遗物卡牌】REMEMod"],"gold_per_floor":[99,112,173,4,22,47,74,106,206,216,24,36,46,31,43,145,145,145,156,167,167,167,196,196,227,273,273,325,364,107,134,184,309,309,9,45,282,282,282,282,282,526,593,34,306,358,358,613,644,688,688,735,57,57,69,101],"floor_reached":57,"language":"ZHS","playtime":3736,"items_purged":["Pain","Pot Of Greed"],"score":1692,"play_id":"75429b74-3666-459e-bf90-f5cc2cb7c4a8","local_time":"20210216234756","is_ascension_mode":true,"campfire_choices":[{"floor":1,"key":"RECALL"},{"floor":18,"key":"DIG"},{"data":"DemonKingCradle","floor":35,"key":"SMITH"},{"data":"ScarletNetherworld","floor":40,"key":"SMITH"},{"data":"Slimebound:CheckThePlaybook","floor":47,"key":"SMITH"},{"data":"CurseOfVladTepes","floor":54,"key":"SMITH"}],"circlet_count":0,"master_deck":["Strike_RM","Strike_RM","Strike_RM","Strike_RM","Defend_RM","Defend_RM","Defend_RM","Defend_RM","RedMoon","Guardian:ExploitGems","DiffusionOfMisfortune","AfternoonTea","ScarletDream","EndlessAdversity","BombardNight","EquivalentExchange","FitfulNightmare","VampireKiss","ScarletNetherworld+1","ScarletSymphony+1","MastersStateliness","TwelveNightmare","TransientEternity","TransientEternity","Stigmanizer+1","Slimebound:CheckThePlaybook+1","downfall:Icky","ScarletNetherworld","CurseOfVladTepes+1","BloodyCatastrophe","SuperhumanBloodyKnife","DevilSight","GlobalNightmare+1","VampireKiss","DemonKingCradle+1","DemonKingCradle","DiffusionOfMisfortune","Injury","Stigmanizer","TwelveNightmare","TransientEternity","MastersStateliness+1","Shame","downfall:Haunted","FitfulNightmare+1","BloodyCatastrophe","expansioncontent:StudyTheSpire","ReplayTheSpireMod:IOU","BombardNight+1","Parasite","HellCatastrophe","Stigmanizer","BloodyTrap+1","Parasite","Doubt","Clumsy","QueenOfMidnight","EndlessAdversity+1","ForecastOfChange","EndlessAdversity","LeisurelyOfLord","BloodHunter","DevilSight","ScarletNetherworld","expansioncontent:DashGenerateEvil","ReplayTheSpireMod:Uncanny Aura","Pot Of Greed","Pot Of Greed","Pot Of Greed","Pot Of Greed","Pot Of Greed"],"relics":["ScarletHat","ice","testmod-TestBox","REME_ComplimentaryCards","testmod-ArcanaOfDestiny","Iron Hammer","MerchantsRug","reliquary:Stiletto","testmod-IndustrialRevolution","testmod-IWantAll","reliquary:KinkedSpring","Toy Ornithopter","Replay:Bandana","reliquary:FeatherDuster","WarpedTongs","testmod-TurbochargingSystem","MoreBug","REME_LimitBreaker","Chemical X","REME_DemonsWealth","downfall:HeartBlessingGreen","downfall:HeartBlessingRed","downfall:HeartBlessingBlue","Ring of Fangs","Ring of Searing","reliquary:Buckler","reliquary:HotPoker","Eternal Feather","testmod-Justice","Orrery","TentaclePot:ReiMu","Grinning Jar"],"acts_visited":["Exordium","TheCity","TheBeyond","TheEnding"],"potions_floor_usage":[11,11,14,16,23,30,33,50,50,50],"damage_taken":[{"damage":1,"enemies":"Small Slimes","floor":2,"turns":2},{"damage":12,"enemies":"3 Sentries","floor":3,"turns":6},{"damage":0,"enemies":"downfall:FleeingMerchant","floor":4,"turns":4},{"damage":7,"enemies":"Jaw Worm","floor":5,"turns":2},{"damage":6,"enemies":"Replay:BlueRogue","floor":6,"turns":4},{"damage":18,"enemies":"Lagavulin","floor":8,"turns":6},{"damage":0,"enemies":"Cultist","floor":10,"turns":3},{"damage":0,"enemies":"downfall:FleeingMerchant","floor":11,"turns":4},{"damage":0,"enemies":"3 Louse","floor":12,"turns":1},{"damage":0,"enemies":"Exordium Wildlife","floor":13,"turns":2},{"damage":11,"enemies":"downfall:FleeingMerchant","floor":14,"turns":4},{"damage":12,"enemies":"Gremlin Gang","floor":15,"turns":3},{"damage":26,"enemies":"DF_ARCHETYPE_STREAMLINE","floor":16,"turns":7},{"damage":17,"enemies":"Spheric Guardian","floor":19,"turns":6},{"damage":0,"enemies":"3 Byrds","floor":20,"turns":1},{"damage":53,"enemies":"REME_1_Revenger","floor":23,"turns":4},{"damage":14,"enemies":"Shelled Parasite and Fungi","floor":25,"turns":6},{"damage":22,"enemies":"Cultist and Chosen","floor":26,"turns":6},{"damage":36,"enemies":"Gremlin Leader","floor":28,"turns":3},{"damage":3,"enemies":"Centurion and Healer","floor":29,"turns":3},{"damage":15,"enemies":"downfall:FleeingMerchant","floor":30,"turns":4},{"damage":9,"enemies":"Shelled Parasite and Fungi","floor":31,"turns":3},{"damage":17,"enemies":"Snecko","floor":32,"turns":4},{"damage":138,"enemies":"SI_MIRROR_ARCHETYPE","floor":33,"turns":4},{"damage":64,"enemies":"3 Shapes","floor":36,"turns":4},{"damage":6,"enemies":"Orb Walker","floor":37,"turns":4},{"damage":18,"enemies":"Maw","floor":42,"turns":3},{"damage":1,"enemies":"R_Hoarder","floor":43,"turns":6},{"damage":54,"enemies":"Reptomancer","floor":45,"turns":3},{"damage":30,"enemies":"Spire Growth","floor":46,"turns":3},{"damage":20,"enemies":"Writhing Mass","floor":48,"turns":3},{"damage":54,"enemies":"4 Shapes","floor":49,"turns":2},{"damage":10,"enemies":"IC_BLOCK_ARCHETYPE","floor":50,"turns":4},{"damage":5,"enemies":"downfall:CharBossMerchant","floor":52,"turns":2},{"damage":78,"enemies":"downfall:NeowBoss","floor":55,"turns":7},{"damage":40,"enemies":"downfall:NeowBossFinal","floor":56,"turns":4}],"seed_played":"2771514078337891473","potions_obtained":[{"floor":5,"key":"SpeedPotion"},{"floor":8,"key":"Fire Potion"},{"floor":10,"key":"ZuzhouPotion:ReiMu"},{"floor":12,"key":"Fire Potion"},{"floor":15,"key":"FearPotion"},{"floor":16,"key":"Fire Potion"},{"floor":23,"key":"Cursed Concoction"},{"floor":25,"key":"SteroidPotion"},{"floor":29,"key":"Swift Potion"},{"floor":31,"key":"Slimebound:ThreeZeroPotion"},{"floor":32,"key":"Fire Potion"},{"floor":36,"key":"MagicPotion:ReiMu"},{"floor":43,"key":"Dexterity Potion"},{"floor":49,"key":"Fire Potion"}],"is_trial":false,"path_per_floor":["R","M","?","$","M","E","T","E","?","M","$","M","M","$","M","B",null,"R","M","M","?","?","E","T","M","M","?","E","M","$","M","M","B",null,"R","M","M","?","?","R","T","M","E","$","E","M","R","M","M","B",null,"E","$","R","B","B",null],"character_chosen":"REMILIA","items_purchased":["MerchantsRug","ScarletNetherworld","testmod-IWantAll","DiffusionOfMisfortune","MoreBug","REME_LimitBreaker","Chemical X","BloodyCatastrophe","expansioncontent:StudyTheSpire","testmod-Justice","Orrery","EndlessAdversity","LeisurelyOfLord","BloodHunter","DevilSight","ScarletNetherworld","expansioncontent:DashGenerateEvil","ReplayTheSpireMod:Uncanny Aura","TentaclePot:ReiMu","Grinning Jar"],"campfire_rested":0,"item_purchase_floors":[4,11,11,30,30,30,30,44,44,53,53,53,53,53,53,53,53,53,53,53],"current_hp_per_floor":[82,81,70,70,66,61,61,48,48,48,48,48,49,38,26,16,82,82,67,67,67,67,21,21,15,80,80,48,48,50,42,37,12,108,118,57,54,54,54,54,61,53,64,64,16,166,166,146,95,100,185,181,181,186,189,193],"gold":101,"neow_bonus":"TEN_PERCENT_HP_BONUS","is_daily":false,"chose_seed":false,"campfire_upgraded":4,"win_rate":0.0,"timestamp":1613490476,"path_taken":["R","M","?","$","M","E","T","E","?","M","$","?","M","$","M","BOSS","R","M","M","?","?","E","T","M","M","?","E","M","$","M","M","BOSS","R","M","M","?","?","R","T","M","E","?","E","?","R","M","M","BOSS","E","$","R","BOSS","BOSS"],"items_purchased_type":["Relic","Card","Relic","Card","Relic","Relic","Relic","Card","Card","Relic","Relic","Card","Card","Card","Card","Card","Card","Card","Relic","Relic"],"build_version":"2020-12-22","purchased_purges":2,"victory":true,"max_hp_per_floor":[82,82,82,82,82,82,82,82,82,82,82,82,82,82,82,82,82,82,82,82,82,82,82,82,85,87,87,92,96,101,102,104,108,108,118,126,129,129,129,129,136,136,140,140,147,169,169,169,177,185,185,186,186,186,189,193],"card_choices":[{"not_picked":["DevilSight","CharismaGuard"],"picked":"DiffusionOfMisfortune","floor":2},{"not_picked":["CharismaGuard","RedRainbow"],"picked":"AfternoonTea","floor":3},{"not_picked":["CharismaGuard","BlasphemousPunishment"],"picked":"ScarletDream","floor":4},{"not_picked":["Ultimatum","UnstableMagic"],"picked":"EndlessAdversity","floor":5},{"not_picked":["ScarletImprint","UnderTheZenith"],"picked":"BombardNight","floor":6},{"not_picked":["ScarletImprint","VampireKiss"],"picked":"EquivalentExchange","floor":8},{"not_picked":["BloodyMagicSquare","Maim"],"picked":"FitfulNightmare","floor":10},{"not_picked":["ChainGang","Maim"],"picked":"VampireKiss","floor":11},{"not_picked":["StarOfDavid","BloodyMagicSquare"],"picked":"NightDance","floor":12},{"not_picked":["StarOfDavid","BloodyMagicSquare"],"picked":"NightDance","floor":12},{"not_picked":["LeisurelyOfLord","HunterOfTheNight"],"picked":"ScarletSymphony","floor":13},{"not_picked":["DiffusionOfMisfortune","StarOfDavid"],"picked":"MastersStateliness","floor":14},{"not_picked":["NightDance","StarOfDavid"],"picked":"TwelveNightmare","floor":15},{"not_picked":["CeilingFear","ChaoticDestiny"],"picked":"TransientEternity","floor":16},{"not_picked":["CeilingFear","ChaoticDestiny"],"picked":"TransientEternity","floor":16},{"not_picked":["ScarletDevil","MillenniumVampire"],"picked":"RedRainbow","floor":19},{"not_picked":["BadLadyScramble+1","FavorOfDestiny"],"picked":"Stigmanizer","floor":20},{"not_picked":["BloodyCatastrophe","UltimateOffering"],"picked":"CurseOfVladTepes","floor":23},{"not_picked":["CurseOfVladTepes","UltimateOffering"],"picked":"BloodyCatastrophe","floor":23},{"not_picked":["EndlessAdversity","UnderTheZenith"],"picked":"SuperhumanBloodyKnife","floor":25},{"not_picked":["BadLadyScramble","ScarletDevil"],"picked":"DevilSight","floor":26},{"not_picked":["AfternoonTea","NightDance"],"picked":"GlobalNightmare+1","floor":28},{"not_picked":["NightDance","RedRainbow"],"picked":"VampireKiss","floor":29},{"not_picked":["TwelveNightmare","BlasphemousPunishment"],"picked":"DemonKingCradle","floor":30},{"not_picked":["TwelveNightmare","BlasphemousPunishment"],"picked":"DemonKingCradle","floor":30},{"not_picked":["ScarletImprint","RedRainbow"],"picked":"Stigmanizer","floor":31},{"not_picked":["NightDance+1","MastersStateliness"],"picked":"TwelveNightmare","floor":32},{"not_picked":["ForecastOfChange","BloodySeventeenLaser"],"picked":"TransientEternity","floor":33},{"not_picked":["Stigmanizer","EternalNight+1","ReplayTheSpireMod:Restless Dread"],"picked":"MastersStateliness+1","floor":36},{"not_picked":["BloodHunter+1","UnstableMagic","VampireKiss+1"],"picked":"Shame","floor":37},{"not_picked":["VampireFantasy","EndlessAdversity+1","BloodAndWine+1"],"picked":"downfall:Haunted","floor":42},{"not_picked":["BloodAndWine+1","BloodHunter","downfall:Aged"],"picked":"FitfulNightmare+1","floor":43},{"not_picked":["NightDance+1","ScarletImprint","TwelveNightmare+1"],"picked":"ReplayTheSpireMod:IOU","floor":45},{"not_picked":["BloodAndWine+1","Ultimatum","Parasite"],"picked":"BombardNight+1","floor":46},{"not_picked":["ScarletSymphony","Ultimatum+1","downfall:Aged"],"picked":"HellCatastrophe","floor":48},{"not_picked":["ScarletDevil","UnderTheZenith","Spreading Infection"],"picked":"Stigmanizer","floor":49},{"not_picked":["MastersStateliness+1","Ultimatum","ReplayTheSpireMod:Faulty Equipment"],"picked":"BloodyTrap+1","floor":52},{"not_picked":["MiserableFate","ReincarnationDial","MastersStateliness+1"],"picked":"Doubt","floor":53},{"not_picked":["MillenniumVampire","UltimateOffering","QueenOfMidnight"],"picked":"Clumsy","floor":53},{"not_picked":["ScarletDevil","MastersStateliness+1","Replay:Hysterical Blindness"],"picked":"QueenOfMidnight","floor":53},{"not_picked":["VampireKiss","UnderTheZenith+1","downfall:Malfunctioning"],"picked":"EndlessAdversity+1","floor":53},{"not_picked":["UnstableMagic+1","TwelveNightmare+1","Normality"],"picked":"ForecastOfChange","floor":53}],"player_experience":222155,"relics_obtained":[{"floor":6,"key":"reliquary:Stiletto"},{"floor":8,"key":"testmod-IndustrialRevolution"},{"floor":18,"key":"Toy Ornithopter"},{"floor":23,"key":"Replay:Bandana"},{"floor":24,"key":"reliquary:FeatherDuster"},{"floor":28,"key":"testmod-TurbochargingSystem"},{"floor":39,"key":"Ring of Fangs"},{"floor":39,"key":"Ring of Searing"},{"floor":41,"key":"Strawberry"},{"floor":43,"key":"Torii"},{"floor":45,"key":"reliquary:Buckler"},{"floor":52,"key":"reliquary:HotPoker"},{"floor":52,"key":"Eternal Feather"}],"event_choices":[{"damage_healed":0,"gold_gain":0,"player_choice":"Read","damage_taken":0,"max_hp_gain":0,"max_hp_loss":0,"event_name":"The Library","floor":22,"gold_loss":0,"cards_obtained":["ScarletNetherworld"]},{"damage_healed":0,"gold_gain":0,"player_choice":"Rummage","damage_taken":0,"relics_obtained":["WarpedTongs"],"max_hp_gain":0,"max_hp_loss":0,"event_name":"Accursed Blacksmith","floor":27,"gold_loss":0,"cards_obtained":["Pain"]},{"cards_removed":["ScarletShoot"],"damage_healed":0,"gold_gain":0,"player_choice":"Removed Attack","damage_taken":0,"max_hp_gain":0,"max_hp_loss":0,"event_name":"Falling","floor":38,"gold_loss":0}],"is_beta":false,"boss_relics":[{"not_picked":["Pandora\u0027s Box","Cursed Key"],"picked":"reliquary:KinkedSpring"},{"not_picked":["construct:WeddingRing","SacredBark"],"picked":"REME_DemonsWealth"}],"items_purged_floors":[30,53],"is_endless":false,"potions_floor_spawned":[5,8,10,12,15,16,23,25,29,31,32,36,43,49],"ascension_level":2}}