{"host":"fdyek91c29vizs79","time":1613499907,"event":{"mods":["AchievementEnabler","Aspiration","BaseMod","Conspire","Downfall","Halation","Hero for Fun","Hubris","Lobotomy","Minty Spire (QoL Compilation)","Replay The Spire","Shop Mod","StSLib","The Administrix","The Animator","TheBandit","Waifu the Spire","everything is the same but u backflip on backflip"],"gold_per_floor":[118,129,129,129,142,174,190,190,190],"floor_reached":8,"language":"FRA","playtime":958,"items_purged":[],"score":50,"play_id":"4f389da7-9958-4f54-abaa-9c5d2f7a2ee0","local_time":"20210216192507","is_ascension_mode":false,"campfire_choices":[],"circlet_count":0,"master_deck":["animator:Strike_Konosuba","animator:Defend_Konosuba","animator:Strike","animator:Strike","animator:Strike","animator:Defend+1","animator:Defend","animator:Kazuma","animator:Aqua+1","animator:LeleiLaLalena","animator:Kaijin","animator:Arpeggio","animator:Megumin+2","animator:Biyorigo"],"relics":["animator:LivingPicture","animator:TheMissingPiece","animator:PurgingStone"],"acts_visited":["Exordium"],"potions_floor_usage":[7,8],"damage_taken":[{"damage":4,"enemies":"Small Slimes","floor":1,"turns":7},{"damage":0,"enemies":"2 Louse","floor":2,"turns":4},{"damage":2,"enemies":"Jaw Worm","floor":5,"turns":9},{"damage":0,"enemies":"2 Fungi Beasts","floor":6,"turns":7},{"damage":26,"enemies":"Exordium Thugs","floor":7,"turns":8},{"damage":64,"enemies":"Gremlin Nob","floor":8,"turns":8}],"seed_played":"-5492731323986266133","potions_obtained":[{"floor":2,"key":"EssenceOfSteel"},{"floor":6,"key":"Explosive Potion"}],"is_trial":false,"path_per_floor":["M","M","?","?","M","M","M","E"],"character_chosen":"THE_ANIMATOR","items_purchased":[],"campfire_rested":0,"item_purchase_floors":[],"current_hp_per_floor":[65,66,71,64,65,68,45,0,0],"gold":190,"neow_bonus":"UPGRADE_CARD","is_daily":false,"chose_seed":false,"campfire_upgraded":0,"win_rate":0.0,"timestamp":1613499907,"path_taken":["M","M","?","?","M","M","M","E"],"items_purchased_type":[],"build_version":"2020-12-22","purchased_purges":0,"victory":false,"max_hp_per_floor":[66,66,71,71,71,71,71,71,71],"card_choices":[{"not_picked":["animator:Kuribayashi","animator:Benimaru"],"picked":"animator:LeleiLaLalena","floor":1},{"not_picked":["animator:Hakurou","animator:ElricEdward"],"picked":"animator:Kaijin","floor":2},{"not_picked":["animator:Evileye","animator:Shalltear"],"picked":"animator:Arpeggio","floor":5},{"not_picked":["animator:Mitsurugi","animator:Darkness"],"picked":"animator:Megumin","floor":6},{"not_picked":["animator:ZankiKiguchi","animator:SakuraMatou"],"picked":"animator:Biyorigo","floor":7}],"player_experience":289461,"relics_obtained":[],"event_choices":[{"damage_healed":0,"gold_gain":0,"player_choice":"Donut","damage_taken":0,"max_hp_gain":5,"max_hp_loss":0,"event_name":"Big Fish","floor":3,"gold_loss":0},{"cards_removed":["animator:Defend"],"damage_healed":0,"gold_gain":0,"player_choice":"Card Removal","damage_taken":7,"max_hp_gain":0,"max_hp_loss":0,"event_name":"Golden Wing","floor":4,"gold_loss":0}],"is_beta":false,"boss_relics":[],"items_purged_floors":[],"is_endless":false,"potions_floor_spawned":[2,6],"killed_by":"Gremlin Nob","ascension_level":0}}