{"host":"sav7uxregyirlf69","time":1613445275,"event":{"mods":["AchievementEnabler","BaseMod","Colored Map","DeckTracker","Keyboard Shortcuts","Minty Spire (QoL Compilation)","READ ME - Guardian Mod","StSLib","SuperFastMode"],"gold_per_floor":[112,21,71,88,88,88,99,99,99,114,131,131,166,166,166,166,166],"floor_reached":16,"language":"KOR","playtime":144,"items_purged":[],"score":200,"play_id":"c15f842e-cd5f-46a3-9da0-cd4129361524","local_time":"20210216121435","is_ascension_mode":true,"campfire_choices":[{"data":"Dash","floor":6,"key":"SMITH"},{"data":"Dagger Spray","floor":8,"key":"SMITH"},{"floor":12,"key":"REST"},{"floor":15,"key":"REST"}],"circlet_count":0,"master_deck":["AscendersBane","Strike_G","Strike_G","Strike_G","Strike_G+1","Strike_G","Defend_G","Defend_G","Defend_G","Defend_G","Defend_G","Survivor","Neutralize+1","Flash of Steel","Dash+1","Dagger Spray+1","Heel Hook"],"relics":["Ring of the Snake","NeowsBlessing","Akabeko","Paper Crane","Shuriken"],"acts_visited":["Exordium"],"potions_floor_usage":[16,16],"damage_taken":[{"damage":0,"enemies":"Small Slimes","floor":1,"turns":1},{"damage":0,"enemies":"Cultist","floor":4,"turns":1},{"damage":0,"enemies":"2 Louse","floor":7,"turns":1},{"damage":8,"enemies":"Blue Slaver","floor":10,"turns":2},{"damage":0,"enemies":"Red Slaver","floor":11,"turns":3},{"damage":48,"enemies":"Lagavulin","floor":13,"turns":7},{"damage":29,"enemies":"Slime Boss","floor":16,"turns":7}],"seed_played":"3734049284254918636","potions_obtained":[{"floor":4,"key":"GhostInAJar"},{"floor":11,"key":"Strength Potion"}],"is_trial":false,"path_per_floor":["M","$","?","M","?","R","M","R","T","M","M","R","E","T","R","B"],"character_chosen":"THE_SILENT","items_purchased":["Flash of Steel"],"campfire_rested":2,"item_purchase_floors":[2],"current_hp_per_floor":[59,59,59,59,39,39,39,39,39,31,31,50,2,2,21,0,0],"gold":166,"neow_bonus":"THREE_ENEMY_KILL","is_daily":false,"chose_seed":false,"campfire_upgraded":2,"win_rate":0.0,"timestamp":1613445275,"path_taken":["M","$","?","?","?","R","M","R","T","M","M","R","E","?","R","BOSS"],"items_purchased_type":["Card"],"build_version":"2020-12-22","purchased_purges":0,"victory":false,"max_hp_per_floor":[66,66,66,66,66,66,66,66,66,66,66,66,66,66,66,66,66],"card_choices":[{"not_picked":["Deadly Poison","Sucker Punch","Bane"],"picked":"SKIP","floor":1},{"not_picked":["Bane","Acrobatics"],"picked":"Dash","floor":4},{"not_picked":["Endless Agony","PiercingWail"],"picked":"Dagger Spray","floor":7},{"not_picked":["Poisoned Stab","Bane","Outmaneuver"],"picked":"SKIP","floor":10},{"not_picked":["Deadly Poison","All Out Attack","Cloak And Dagger"],"picked":"SKIP","floor":11},{"not_picked":["Wraith Form v2","Bane"],"picked":"Heel Hook","floor":13}],"player_experience":1590720,"relics_obtained":[{"floor":9,"key":"Akabeko"},{"floor":13,"key":"Paper Crane"},{"floor":14,"key":"Shuriken"}],"event_choices":[{"damage_healed":0,"gold_gain":50,"player_choice":"Pray","damage_taken":0,"max_hp_gain":0,"max_hp_loss":0,"event_name":"Golden Shrine","floor":3,"gold_loss":0},{"damage_healed":0,"gold_gain":0,"player_choice":"Entered Light","damage_taken":20,"max_hp_gain":0,"max_hp_loss":0,"event_name":"Shining Light","floor":5,"gold_loss":0,"cards_upgraded":["Strike_G","Neutralize"]}],"is_beta":false,"boss_relics":[],"items_purged_floors":[],"is_endless":false,"potions_floor_spawned":[4,11,13],"killed_by":"Slime Boss","ascension_level":20}}