{"host":"j2zti408atcvju3x","time":1613467389,"event":{"mods":["BaseMod","Minty Spire (QoL Compilation)","Quick Restart","StSLib"],"gold_per_floor":[110,128,128,145,145,145,162,179,179,189,189,199,219,238,238,334,334,345,355,280,280,294,294,304,317,317,317,317],"floor_reached":27,"language":"ZHS","playtime":1275,"items_purged":["Strike_R"],"score":213,"play_id":"affbbde5-1f8a-45b6-abd9-195f3805b8cc","local_time":"20210216172309","is_ascension_mode":false,"campfire_choices":[{"data":"Spot Weakness","floor":6,"key":"SMITH"},{"data":"Heavy Blade","floor":11,"key":"SMITH"},{"data":"Demon Form","floor":15,"key":"SMITH"},{"floor":23,"key":"REST"}],"circlet_count":0,"master_deck":["Strike_R","Strike_R","Defend_R","Defend_R","Defend_R","Bash","Spot Weakness+1","Anger","Perfected Strike","Demon Form+1","Heavy Blade+1","Warcry","Pummel","Rampage+1","Bash","Feed"],"relics":["Burning Blood","Bottled Flame","Empty Cage","HornCleat"],"acts_visited":["Exordium","TheCity"],"potions_floor_usage":[16,16,16,19,25],"damage_taken":[{"damage":5,"enemies":"2 Louse","floor":1,"turns":3},{"damage":9,"enemies":"Small Slimes","floor":2,"turns":4},{"damage":1,"enemies":"Cultist","floor":4,"turns":3},{"damage":5,"enemies":"Looter","floor":7,"turns":3},{"damage":5,"enemies":"Exordium Thugs","floor":8,"turns":3},{"damage":0,"enemies":"Large Slime","floor":10,"turns":6},{"damage":12,"enemies":"Lots of Slimes","floor":12,"turns":5},{"damage":0,"enemies":"Exordium Thugs","floor":13,"turns":3},{"damage":17,"enemies":"Large Slime","floor":14,"turns":4},{"damage":54,"enemies":"Hexaghost","floor":16,"turns":6},{"damage":36,"enemies":"2 Thieves","floor":18,"turns":4},{"damage":34,"enemies":"Spheric Guardian","floor":19,"turns":5},{"damage":15,"enemies":"Chosen and Byrds","floor":22,"turns":4},{"damage":0,"enemies":"Snecko","floor":24,"turns":3},{"damage":38,"enemies":"Cultist and Chosen","floor":25,"turns":5},{"damage":28,"enemies":"Shelled Parasite and Fungi","floor":27,"turns":4}],"seed_played":"8393602224502249559","potions_obtained":[{"floor":2,"key":"LiquidMemories"},{"floor":4,"key":"Regen Potion"},{"floor":5,"key":"SteroidPotion"},{"floor":8,"key":"Swift Potion"},{"floor":16,"key":"PowerPotion"},{"floor":24,"key":"DuplicationPotion"}],"is_trial":false,"path_per_floor":["M","M","?","M","?","R","M","M","T","M","R","M","M","M","R","B",null,"M","M","$","?","M","R","M","M","T","M"],"character_chosen":"IRONCLAD","items_purchased":[],"campfire_rested":1,"item_purchase_floors":[],"current_hp_per_floor":[88,85,85,88,88,88,88,88,88,88,88,82,88,77,77,43,88,58,30,30,30,21,47,53,21,21,0,0],"gold":317,"neow_bonus":"TEN_PERCENT_HP_BONUS","is_daily":false,"chose_seed":false,"campfire_upgraded":3,"win_rate":0.0,"timestamp":1613467389,"path_taken":["M","M","?","M","?","R","M","?","T","M","R","M","M","M","R","BOSS","M","M","$","?","M","R","M","M","T","M"],"items_purchased_type":[],"build_version":"2020-12-22","purchased_purges":1,"victory":false,"max_hp_per_floor":[88,88,88,88,88,88,88,88,88,88,88,88,88,88,88,88,88,88,88,88,88,88,88,88,88,88,91,91],"card_choices":[{"not_picked":["Iron Wave","Anger"],"picked":"Spot Weakness","floor":1},{"not_picked":["Dual Wield","Sword Boomerang"],"picked":"Anger","floor":2},{"not_picked":["Armaments","Dual Wield","Whirlwind"],"picked":"SKIP","floor":4},{"not_picked":["Ghostly Armor","Sword Boomerang"],"picked":"Perfected Strike","floor":7},{"not_picked":["Armaments","Cleave"],"picked":"Demon Form","floor":8},{"not_picked":["Dual Wield","Perfected Strike"],"picked":"Heavy Blade","floor":10},{"not_picked":["Combust","Shrug It Off"],"picked":"Warcry","floor":12},{"not_picked":["Dual Wield","Clothesline"],"picked":"Pummel","floor":13},{"not_picked":["Sever Soul","True Grit","Shrug It Off"],"picked":"SKIP","floor":14},{"not_picked":["Iron Wave","Cleave","Shrug It Off"],"picked":"SKIP","floor":18},{"not_picked":["Dropkick","Inflame"],"picked":"Rampage+1","floor":19},{"not_picked":["Clothesline+1","Sever Soul","Dropkick+1"],"picked":"SKIP","floor":22},{"not_picked":["Dark Embrace+1","Warcry","Body Slam"],"picked":"SKIP","floor":24},{"not_picked":["Hemokinesis","Body Slam"],"picked":"Feed","floor":25}],"player_experience":11700,"relics_obtained":[{"floor":9,"key":"Bottled Flame"},{"floor":26,"key":"HornCleat"}],"event_choices":[{"cards_removed":["Strike_R"],"damage_healed":0,"gold_gain":0,"player_choice":"Forget","damage_taken":0,"max_hp_gain":0,"max_hp_loss":0,"event_name":"Living Wall","floor":3,"gold_loss":0},{"damage_healed":0,"gold_gain":0,"player_choice":"Got Potions","damage_taken":0,"max_hp_gain":0,"max_hp_loss":0,"event_name":"Lab","floor":5,"gold_loss":0},{"damage_healed":0,"gold_gain":0,"player_choice":"1 cards matched","damage_taken":0,"max_hp_gain":0,"max_hp_loss":0,"event_name":"Match and Keep!","floor":21,"gold_loss":0,"cards_obtained":["Bash"]}],"is_beta":false,"boss_relics":[{"not_picked":["Cursed Key","Calling Bell"],"picked":"Empty Cage"}],"items_purged_floors":[20],"is_endless":false,"potions_floor_spawned":[2,4,8,16,24],"killed_by":"Shelled Parasite and Fungi","ascension_level":0}}