{"host":"wz0gxtmrae5vpfk6","time":1613445949,"event":{"mods":["Aspiration","Astrologer","BaseMod","Better Vampires","Bossed Relics","Challenge The Spire","Conspire","Downfall","Friendly Minions","FruityMod","GifTheSpireLib","Halation","Hermit","Hubris","Infinite Spire","Jedi Mod","Jorbs\u0027s Wanderer Trilogy","Mimic Mod","Minty Spire (QoL Compilation)","RatMod","Reliquary","Replay The Spire","SacredBarkPlus","Shop Mod","Spikes Relics","Spire Arcade","StSLib","Stuff the Spire","SuperFastMode","The Animator","The Blue Laboratory","The Construct","The Cursed","The Elementalist","The Gatherer","The Jungle","Wandering Minibosses","??????REMEMod"],"gold_per_floor":[99,111,1,1,1,15,15,15,0,0,20,30,30,41,54,54,54,54],"floor_reached":16,"language":"ENG","playtime":1416,"items_purged":[],"score":92,"play_id":"3be95447-cf4d-4138-8362-4496af9e3a6d","local_time":"20210215212549","is_ascension_mode":false,"campfire_choices":[{"data":"Slimebound:Split","floor":1,"key":"SMITH"},{"data":"Slimebound:SpikyOuterGoop","floor":8,"key":"PURGE"},{"data":"Slimebound:MassFeed","floor":10,"key":"SMITH"},{"data":"Slimebound:SlimeBrawl","floor":13,"key":"SMITH"}],"circlet_count":0,"master_deck":["Slimebound:Strike_Slimebound","Slimebound:Strike_Slimebound","Slimebound:Strike_Slimebound","Slimebound:Tackle","Slimebound:Defend_Slimebound","Slimebound:Defend_Slimebound","Slimebound:Defend_Slimebound","Slimebound:Defend_Slimebound","Slimebound:Split+1","Slimebound:CorrosiveSpit","Slimebound:MassFeed+1","Impervious","Slimebound:GoopSpray","Slimebound:LeechEnergy","Slimebound:GoopTackle","StuffTheSpire:CuriosityCurse","Slimebound:GoopTackle","Slimebound:MegaLick","Slimebound:SlimeBrawl+1","Slimebound:Nibble","Slimebound:RollThrough","Slimebound:GoopTackle"],"relics":["Slimebound:AbsorbEndCombat","REME_ComplimentaryCards","Slimebound:ScrapOozeRelic","reliquary:NewFriend"],"acts_visited":["Exordium"],"potions_floor_usage":[13,16],"damage_taken":[{"damage":7,"enemies":"Cultist","floor":2,"turns":4},{"damage":10,"enemies":"downfall:FleeingMerchant","floor":3,"turns":4},{"damage":14,"enemies":"Small Slimes","floor":6,"turns":2},{"damage":16,"enemies":"downfall:FleeingMerchant","floor":9,"turns":4},{"damage":8,"enemies":"2 Louse","floor":11,"turns":5},{"damage":15,"enemies":"Exordium Thugs","floor":12,"turns":3},{"damage":7,"enemies":"Large Slime","floor":14,"turns":2},{"damage":19,"enemies":"3 Louse","floor":15,"turns":5},{"damage":4,"enemies":"DF_ARCHETYPE_STREAMLINE","floor":16,"turns":1}],"seed_played":"1237721232687054721","potions_obtained":[{"floor":6,"key":"GamblersBrew"},{"floor":11,"key":"DistilledChaos"},{"floor":12,"key":"jedi:mysterypotion"},{"floor":14,"key":"Fire Potion"},{"floor":15,"key":"Slimebound:SpawnSlimePotion"}],"is_trial":false,"path_per_floor":["R","M","$","?","?","M","T","R","$","R","M","M","R","M","M","B"],"character_chosen":"SLIMEBOUND","items_purchased":["Slimebound:GoopTackle","Slimebound:SpikyOuterGoop"],"campfire_rested":0,"item_purchase_floors":[3,3],"current_hp_per_floor":[47,45,43,43,43,29,29,29,21,21,29,18,18,15,4,0,0,0],"gold":54,"neow_bonus":"THREE_RARE_CARDS","is_daily":false,"chose_seed":false,"campfire_upgraded":3,"win_rate":0.0,"timestamp":1613445949,"path_taken":["R","M","$","?","?","M","T","R","$","R","M","M","R","M","M","BOSS"],"items_purchased_type":["Card","Card"],"build_version":"2020-12-22","purchased_purges":0,"victory":false,"max_hp_per_floor":[65,68,68,68,68,68,68,68,68,68,76,76,76,76,76,76,76,76],"card_choices":[{"not_picked":["Slimebound:CheckThePlaybook","Slimebound:SelfFormingGoo"],"picked":"Slimebound:MassFeed","floor":0},{"not_picked":["Slimebound:Prepare","Slimebound:SpikyOuterGoop"],"picked":"Slimebound:GoopSpray","floor":2},{"not_picked":["Slimebound:MinionMaster","Slimebound:PressTheAttack"],"picked":"Slimebound:LeechEnergy","floor":3},{"not_picked":["Slimebound:LivingWall","Slimebound:PressTheAttack"],"picked":"Slimebound:GoopTackle","floor":6},{"not_picked":["Slimebound:PressTheAttack","Slimebound:GoopTackle"],"picked":"Slimebound:MegaLick","floor":9},{"not_picked":["Slimebound:FinishingTackle","Slimebound:Replication"],"picked":"Slimebound:SlimeBrawl","floor":11},{"not_picked":["Slimebound:ItLooksTasty","Slimebound:TongueLash"],"picked":"Slimebound:Nibble","floor":12},{"not_picked":["Slimebound:PressTheAttack","Slimebound:ItLooksTasty"],"picked":"Slimebound:RollThrough","floor":14},{"not_picked":["Slimebound:RollThrough","Slimebound:LivingWall"],"picked":"Slimebound:GoopTackle","floor":15}],"player_experience":3160515,"relics_obtained":[{"floor":7,"key":"reliquary:NewFriend"}],"event_choices":[],"is_beta":false,"boss_relics":[],"items_purged_floors":[],"is_endless":false,"potions_floor_spawned":[6,11,12,14,15],"killed_by":"DF_ARCHETYPE_STREAMLINE","ascension_level":0}}