{"host":"89iuq2p5kwriuwfq","time":1613494332,"event":{"mods":["BaseMod","Curses Come First","Minty Spire (QoL Compilation)","Permanent Neow","StSLib"],"gold_per_floor":[119,119,139,64,79,114,130,158,158,193,193,223,243,256,256,355,355,365,112,130,130,149,175,175,175,175],"floor_reached":25,"language":"ENG","playtime":1436,"items_purged":["Pain"],"score":430,"play_id":"68400bb8-a996-4b89-ac04-74fb3565c6c4","local_time":"20210216165212","is_ascension_mode":true,"campfire_choices":[{"floor":11,"key":"REST"},{"data":"Anger","floor":15,"key":"SMITH"},{"data":"Rage","floor":24,"key":"SMITH"}],"circlet_count":0,"master_deck":["AscendersBane","Bash","Hemokinesis","Cleave","Thunderclap","Pommel Strike","Warcry","Thunderclap","Iron Wave","Iron Wave","Anger+1","Impervious","Iron Wave","Rage+1","Blood for Blood","Bloodletting","Ghostly Armor","Second Wind","Hemokinesis","Cleave","Body Slam","Evolve","Battle Trance","Juggernaut"],"relics":["Burning Blood","WarpedTongs","Sundial","Kunai","Pear","HornCleat","Strawberry","Pandora\u0027s Box","Bottled Flame","FaceOfCleric","Orichalcum"],"acts_visited":["Exordium","TheCity"],"potions_floor_usage":[18,23,25],"damage_taken":[{"damage":9.0,"enemies":"Small Slimes","floor":1.0,"turns":3.0},{"damage":2.0,"enemies":"Cultist","floor":3.0,"turns":2.0},{"damage":9.0,"enemies":"Jaw Worm","floor":5.0,"turns":3.0},{"damage":29.0,"enemies":"Lagavulin","floor":6.0,"turns":6.0},{"damage":11.0,"enemies":"Looter","floor":7.0,"turns":3.0},{"damage":19.0,"enemies":"3 Sentries","floor":8.0,"turns":8.0},{"damage":18,"enemies":"Gremlin Nob","floor":10,"turns":3},{"damage":6,"enemies":"3 Sentries","floor":12,"turns":5},{"damage":8,"enemies":"Exordium Wildlife","floor":13,"turns":2},{"damage":2,"enemies":"3 Louse","floor":14,"turns":3},{"damage":41,"enemies":"Hexaghost","floor":16,"turns":10},{"damage":19,"enemies":"2 Thieves","floor":18,"turns":4},{"damage":0,"enemies":"Spheric Guardian","floor":20,"turns":4},{"damage":33,"enemies":"Snake Plant","floor":22,"turns":5},{"damage":42,"enemies":"Gremlin Leader","floor":23,"turns":7},{"damage":7,"enemies":"Book of Stabbing","floor":25,"turns":3}],"seed_played":"6503620557660659284","potions_obtained":[{"floor":1.0,"key":"Strength Potion"},{"floor":5.0,"key":"SteroidPotion"},{"floor":12,"key":"HeartOfIron"},{"floor":13,"key":"FearPotion"},{"floor":16,"key":"PowerPotion"},{"floor":23,"key":"ColorlessPotion"}],"is_trial":false,"path_per_floor":["M","?","M","$","M","E","M","E","T","E","R","E","M","M","R","B",null,"M","$","M","?","M","E","R","E"],"character_chosen":"IRONCLAD","items_purchased":["Bottled Flame"],"campfire_rested":1,"item_purchase_floors":[19],"current_hp_per_floor":[69,69,73,73,70,47,42,29,39,27,54,61,59,63,63,28,80,67,67,73,73,47,12,12,5,5],"gold":175,"neow_bonus":"TRANSFORM_CARD","is_daily":false,"chose_seed":false,"campfire_upgraded":2,"win_rate":0.0,"timestamp":1613494332,"path_taken":["M","?","M","?","M","E","M","E","T","E","R","E","?","M","R","BOSS","M","$","M","?","M","E","R","E"],"items_purchased_type":["Relic"],"build_version":"2020-12-22","purchased_purges":1,"victory":false,"max_hp_per_floor":[80,80,80,80,80,80,80,80,90,90,90,97,97,97,97,97,97,97,97,97,97,98,99,99,99,99],"card_choices":[{"not_picked":["Battle Trance","Evolve"],"picked":"Cleave","floor":1.0},{"not_picked":["Armaments","Evolve"],"picked":"Thunderclap","floor":3.0},{"not_picked":["Body Slam","Reckless Charge"],"picked":"Pommel Strike","floor":5.0},{"not_picked":["Bludgeon","Limit Break"],"picked":"Warcry","floor":6.0},{"not_picked":["Wild Strike","Pummel","Searing Blow"],"picked":"SKIP","floor":7.0},{"not_picked":["Flex","Warcry"],"picked":"Thunderclap","floor":8.0},{"not_picked":["Intimidate","Seeing Red"],"picked":"Iron Wave","floor":10},{"not_picked":["Reaper","Sword Boomerang"],"picked":"Iron Wave","floor":12},{"not_picked":["Carnage","Havoc"],"picked":"Anger","floor":13},{"not_picked":["Infernal Blade","Twin Strike","Armaments"],"picked":"SKIP","floor":14},{"not_picked":["Limit Break","Double Tap"],"picked":"Impervious","floor":16},{"not_picked":["Disarm+1","Evolve"],"picked":"Body Slam","floor":18},{"not_picked":["Clothesline","Twin Strike"],"picked":"Evolve","floor":20},{"not_picked":["Rage","Clothesline"],"picked":"Battle Trance","floor":22},{"not_picked":["Rupture","Carnage"],"picked":"Juggernaut","floor":23}],"player_experience":699083,"relics_obtained":[{"floor":6.0,"key":"Sundial"},{"floor":8.0,"key":"Kunai"},{"floor":9.0,"key":"Pear"},{"floor":10,"key":"HornCleat"},{"floor":12,"key":"Strawberry"},{"floor":23,"key":"Orichalcum"}],"event_choices":[{"damage_healed":0.0,"max_hp_gain":0.0,"max_hp_loss":0.0,"gold_gain":0.0,"event_name":"Accursed Blacksmith","player_choice":"Rummage","floor":2.0,"gold_loss":0.0,"damage_taken":0.0,"relics_obtained":["WarpedTongs"],"cards_obtained":["Pain"]},{"damage_healed":0,"gold_gain":0,"player_choice":"Trade","damage_taken":0,"relics_obtained":["FaceOfCleric"],"max_hp_gain":0,"max_hp_loss":0,"event_name":"FaceTrader","floor":21,"gold_loss":0}],"is_beta":false,"boss_relics":[{"not_picked":["Velvet Choker","Philosopher\u0027s Stone"],"picked":"Pandora\u0027s Box"}],"items_purged_floors":[4],"is_endless":false,"potions_floor_spawned":[1,5,12,13,14,16,23],"killed_by":"Book of Stabbing","ascension_level":12}}