{"host":"o0q01dgb4z8zpo6o","time":1613447600,"event":{"mods":["BaseMod","GifTheSpireLib","Minty Spire (QoL Compilation)","Relic Stats","StSLib"],"gold_per_floor":[117,131,36,36,49,49,67,96,96,128,41,58,58,74,74,149,149,169,179,179,179,199,199,224,224,301,315,79,104,104,4,4,78,78,98,98,98,78,90,119,60,60,139,139,158,158,158],"floor_reached":46,"language":"ENG","playtime":2193,"items_purged":["Strike_G+1","Writhe"],"score":1042,"play_id":"32a32c90-060f-4fa3-9222-7a36dedae8cd","local_time":"20210215195320","is_ascension_mode":true,"campfire_choices":[{"data":"Noxious Fumes","floor":6.0,"key":"SMITH"},{"data":"Crippling Poison","floor":13.0,"key":"SMITH"},{"data":"Burst","floor":15.0,"key":"SMITH"},{"data":"Burst","floor":23.0,"key":"SMITH"},{"data":"Acrobatics","floor":25.0,"key":"SMITH"},{"data":"Cloak And Dagger","floor":32.0,"key":"SMITH"},{"data":"Noxious Fumes","floor":42.0,"key":"SMITH"},{"data":"Deadly Poison","floor":44.0,"key":"SMITH"}],"circlet_count":0,"master_deck":["AscendersBane","Strike_G+1","Strike_G+1","Defend_G+1","Defend_G+1","Defend_G+1","Defend_G+1","Defend_G+1","Survivor","Neutralize","Blade Dance","Noxious Fumes+1","Cloak And Dagger+1","Crippling Poison+1","Deadly Poison+1","Flying Knee","Burst+1","Burst+1","Adrenaline","PiercingWail","Acrobatics+1","Noxious Fumes+1","The Bomb","Finesse","Finesse","Dodge and Roll+1","Heel Hook+1","Acrobatics","Leg Sweep+1"],"relics":["Ring of the Snake","NeowsBlessing","Happy Flower","Ginger","Coffee Dripper","WingedGreaves","Shuriken","Lee\u0027s Waffle","Bag of Marbles","Ninja Scroll","Empty Cage","Nunchaku","Mercury Hourglass"],"acts_visited":["Exordium","TheCity","TheBeyond"],"potions_floor_usage":[],"damage_taken":[{"damage":0.0,"enemies":"Cultist","floor":1.0,"turns":1.0},{"damage":0.0,"enemies":"Jaw Worm","floor":2.0,"turns":1.0},{"damage":0.0,"enemies":"2 Louse","floor":5.0,"turns":1.0},{"damage":12.0,"enemies":"Exordium Thugs","floor":7.0,"turns":5.0},{"damage":3.0,"enemies":"3 Sentries","floor":8.0,"turns":6.0},{"damage":9.0,"enemies":"Lagavulin","floor":10.0,"turns":6.0},{"damage":1.0,"enemies":"Looter","floor":12.0,"turns":4.0},{"damage":8.0,"enemies":"2 Fungi Beasts","floor":14.0,"turns":2.0},{"damage":28.0,"enemies":"The Guardian","floor":16.0,"turns":9.0},{"damage":13.0,"enemies":"2 Thieves","floor":18.0,"turns":5.0},{"damage":3.0,"enemies":"Shell Parasite","floor":19.0,"turns":5.0},{"damage":8.0,"enemies":"Snake Plant","floor":22.0,"turns":4.0},{"damage":12.0,"enemies":"Slavers","floor":24.0,"turns":7.0},{"damage":0.0,"enemies":"Centurion and Healer","floor":27.0,"turns":4.0},{"damage":34.0,"enemies":"Book of Stabbing","floor":29.0,"turns":6.0},{"damage":25.0,"enemies":"Automaton","floor":33.0,"turns":7.0},{"damage":0.0,"enemies":"Orb Walker","floor":35.0,"turns":3.0},{"damage":0.0,"enemies":"3 Shapes","floor":39.0,"turns":3.0},{"damage":17.0,"enemies":"Reptomancer","floor":40.0,"turns":8.0},{"damage":34,"enemies":"Writhing Mass","floor":45,"turns":5},{"damage":2,"enemies":"Maw","floor":46,"turns":5}],"seed_played":"-4829725580113309295","potions_obtained":[{"floor":7.0,"key":"Fire Potion"},{"floor":8.0,"key":"LiquidBronze"},{"floor":10.0,"key":"BlessingOfTheForge"},{"floor":16.0,"key":"DistilledChaos"},{"floor":24.0,"key":"Strength Potion"},{"floor":29.0,"key":"LiquidBronze"},{"floor":35.0,"key":"PowerPotion"},{"floor":38.0,"key":"Dexterity Potion"},{"floor":40.0,"key":"Poison Potion"}],"is_trial":false,"path_per_floor":["M","M","$","?","M","R","M","E","T","E","$","M","R","M","R","B",null,"M","M","?","?","M","R","E","R","T","M","$","E","?","$","R","B",null,"M","?","?","?","M","E","$","R","T","R","M","M"],"character_chosen":"THE_SILENT","items_purchased":["Noxious Fumes","Cloak And Dagger","Burst","Lee\u0027s Waffle","Acrobatics"],"campfire_rested":0,"item_purchase_floors":[3,3,11,28,41],"current_hp_per_floor":[59,59,59,64,64,64,52,49,49,40,40,39,39,31,31,3,54,41,38,38,38,30,30,18,18,18,18,78,44,44,44,44,19,63,63,53,53,53,53,36,36,36,36,36,2,0,0],"gold":158,"neow_bonus":"THREE_ENEMY_KILL","is_daily":false,"chose_seed":false,"campfire_upgraded":8,"win_rate":0.0,"timestamp":1613447600,"path_taken":["M","M","?","?","M","R","M","E","T","E","$","M","R","M","R","BOSS","M","M","?","?","M","R","E","R","T","?","$","E","?","$","R","BOSS","M","?","?","?","?","E","$","R","T","R","M","M"],"items_purchased_type":["Card","Card","Card","Relic","Card"],"build_version":"2020-12-22","purchased_purges":2,"victory":false,"max_hp_per_floor":[66,66,66,71,71,71,71,71,71,71,71,71,71,71,71,71,71,71,71,71,71,71,71,71,71,71,71,78,78,78,78,78,78,78,78,78,78,78,78,78,78,78,78,78,78,78,78],"relic_stats":{"Lee\u0027s Waffle":60,"Nunchaku":[2],"Happy Flower":[27],"counters":[21,97],"Shuriken":[23],"Ginger":[17],"obtain_stats":[{"Lee\u0027s Waffle":28,"NeowsBlessing":0,"Happy Flower":8,"Ginger":10,"Empty Cage":34,"Mercury Hourglass":43,"Nunchaku":40,"Shuriken":26,"Ninja Scroll":30,"WingedGreaves":24,"Coffee Dripper":17,"Bag of Marbles":29,"Ring of the Snake":0},{"Lee\u0027s Waffle":14,"NeowsBlessing":0,"Happy Flower":5,"Ginger":6,"Empty Cage":16,"Mercury Hourglass":19,"Nunchaku":19,"Shuriken":13,"Ninja Scroll":15,"WingedGreaves":13,"Coffee Dripper":9,"Bag of Marbles":15,"Ring of the Snake":0},{"Lee\u0027s Waffle":60,"NeowsBlessing":0,"Happy Flower":14,"Ginger":20,"Empty Cage":73,"Mercury Hourglass":87,"Nunchaku":87,"Shuriken":56,"Ninja Scroll":66,"WingedGreaves":56,"Coffee Dripper":35,"Bag of Marbles":66,"Ring of the Snake":0}],"Ring of the Snake":[42],"Mercury Hourglass":[27]},"card_choices":[{"not_picked":["Prepared","Deflect","Blur"],"picked":"SKIP","floor":1.0},{"not_picked":["Outmaneuver","Blur"],"picked":"Blade Dance","floor":2.0},{"not_picked":["Escape Plan","Acrobatics"],"picked":"Crippling Poison","floor":5.0},{"not_picked":["Concentrate","Poisoned Stab"],"picked":"Deadly Poison","floor":7.0},{"not_picked":["Setup","Eviscerate","Flechettes"],"picked":"SKIP","floor":8.0},{"not_picked":["Slice","Blade Dance"],"picked":"Flying Knee","floor":10.0},{"not_picked":["Bane","Dagger Throw"],"picked":"Burst","floor":12.0},{"not_picked":["Cloak And Dagger","Dagger Spray","Quick Slash"],"picked":"SKIP","floor":14.0},{"not_picked":["Unload","Storm of Steel"],"picked":"Adrenaline","floor":16.0},{"not_picked":["Deflect","Slice"],"picked":"PiercingWail","floor":18.0},{"not_picked":["Terror","Infinite Blades"],"picked":"Dash","floor":19.0},{"not_picked":["Deadly Poison+1","Reflex"],"picked":"Acrobatics","floor":22.0},{"not_picked":["Backstab","Terror"],"picked":"Noxious Fumes","floor":24.0},{"not_picked":["Flechettes","Dagger Throw","Sucker Punch"],"picked":"SKIP","floor":27.0},{"not_picked":["Bane","Dagger Spray","Flying Knee"],"picked":"SKIP","floor":29.0},{"not_picked":["Infinite Blades","Dagger Throw","Blade Dance"],"picked":"SKIP","floor":35.0},{"not_picked":["Dramatic Entrance","HandOfGreed"],"picked":"The Bomb","floor":36.0},{"not_picked":["Enlightenment","Mind Blast"],"picked":"Finesse","floor":36.0},{"not_picked":["Trip","Jack Of All Trades"],"picked":"Finesse","floor":36.0},{"not_picked":["Slice+1","Bouncing Flask"],"picked":"Dodge and Roll+1","floor":39.0},{"not_picked":["Poisoned Stab","Outmaneuver"],"picked":"Heel Hook+1","floor":40.0},{"not_picked":["Dodge and Roll","Dagger Throw"],"picked":"Leg Sweep+1","floor":45}],"player_experience":1229851,"relics_obtained":[{"floor":8.0,"key":"Happy Flower"},{"floor":10.0,"key":"Ginger"},{"floor":24.0,"key":"WingedGreaves"},{"floor":26.0,"key":"Shuriken"},{"floor":29.0,"key":"Bag of Marbles"},{"floor":40.0,"key":"Nunchaku"},{"floor":43.0,"key":"Mercury Hourglass"}],"event_choices":[{"damage_healed":0.0,"max_hp_gain":5.0,"max_hp_loss":0.0,"gold_gain":0.0,"event_name":"Big Fish","player_choice":"Donut","floor":4.0,"gold_loss":0.0,"damage_taken":0.0},{"damage_healed":0.0,"max_hp_gain":0.0,"max_hp_loss":0.0,"gold_gain":0.0,"event_name":"Back to Basics","player_choice":"Simplicity","floor":20.0,"gold_loss":0.0,"damage_taken":0.0,"cards_upgraded":["Strike_G","Strike_G","Strike_G","Strike_G","Strike_G","Defend_G","Defend_G","Defend_G","Defend_G","Defend_G"]},{"damage_healed":0.0,"max_hp_gain":0.0,"max_hp_loss":0.0,"gold_gain":0.0,"event_name":"Match and Keep!","player_choice":"0 cards matched","floor":21.0,"gold_loss":0.0,"damage_taken":0.0,"cards_obtained":[]},{"damage_healed":0.0,"max_hp_gain":0.0,"max_hp_loss":0.0,"gold_gain":0.0,"event_name":"The Mausoleum","player_choice":"Opened","floor":30.0,"gold_loss":0.0,"damage_taken":0.0,"relics_obtained":["Ninja Scroll"],"cards_obtained":["Writhe"]},{"damage_healed":0.0,"max_hp_gain":0.0,"max_hp_loss":0.0,"gold_gain":0.0,"event_name":"SensoryStone","player_choice":"Memory 3","floor":36.0,"gold_loss":0.0,"damage_taken":10.0},{"cards_removed":["Dash"],"damage_healed":0.0,"max_hp_gain":0.0,"max_hp_loss":0.0,"gold_gain":0.0,"event_name":"Falling","player_choice":"Removed Attack","floor":37.0,"gold_loss":0.0,"damage_taken":0.0},{"damage_healed":0.0,"max_hp_gain":0.0,"max_hp_loss":0.0,"gold_gain":0.0,"event_name":"The Woman in Blue","player_choice":"Bought 1 Potion","floor":38.0,"gold_loss":0.0,"damage_taken":0.0}],"is_beta":false,"boss_relics":[{"not_picked":["Cursed Key","Astrolabe"],"picked":"Coffee Dripper"},{"not_picked":["Sozu","Busted Crown"],"picked":"Empty Cage"}],"items_purged_floors":[28,31],"is_endless":false,"potions_floor_spawned":[7,8,10,16,18,24,29,35,40],"killed_by":"Maw","ascension_level":20}}