{"host":"opdum64sdiqzxm7l","time":1613479679,"event":{"mods":["Act Like it!","Aspiration","BaseMod","Conspire","Friendly Minions","Jedi Mod","Minty Spire (QoL Compilation)","MostiFishMod","Pale of the Ancients","Reliquary","Replay The Spire","StSLib","Waifu the Spire","Yuri Mod","[功能]功能增强和修复MOD","【遗物卡牌】REMEMod"],"gold_per_floor":[116,136,136,154,37,37,62,62,62,90,103,132,155,167,167,268,268,281,231,135,135,66,66,93,93,143,143,178,178,178,2,2,104,104,115,165,19,0,0,26,26,58,58,58,58,1,1,1,1,1,1,21,103,14,14,14,14],"floor_reached":56,"language":"ZHS","playtime":1914,"items_purged":["yuri:yuriDefend","Spreading Infection","yuri:yuriDefend","yuri:yuriStrike"],"score":976,"play_id":"a96b1349-15b1-4449-9006-82ef7230a9f8","local_time":"20210216204759","is_ascension_mode":false,"campfire_choices":[{"data":"Double Tap","floor":6,"key":"SMITH"},{"data":"Bludgeon","floor":8,"key":"SMITH"},{"data":"MostiFishMod:SparklingWater","floor":15,"key":"SMITH"},{"data":"yuri:SturdyUniform","floor":23,"key":"SMITH"},{"data":"yuri:JumpScare","floor":25,"key":"SMITH"},{"data":"MostiFishMod:TheEndOfMoonlight","floor":27,"key":"SMITH"},{"data":"yuri:BlackTea","floor":30,"key":"SMITH"},{"data":"yuri:NerfBat","floor":32,"key":"SMITH"},{"data":"yuri:JumpScare","floor":44,"key":"SMITH"},{"data":"MostiFishMod:JungleRules","floor":55,"key":"SMITH"}],"circlet_count":0,"master_deck":["yuri:yuriStrike","yuri:yuriStrike","yuri:yuriStrike","yuri:yuriStrike","yuri:yuriDefend","yuri:yuriDefend","yuri:yuriDefend","yuri:Oolong","Crescendo","yuri:yuriHeavyStrike","yuri:yuriQuickStrike","Bludgeon+1","Tantrum","MostiFishMod:Neptune","MostiFishMod:TheEndOfMoonlight+1","MostiFishMod:SparklingWater+1","MostiFishMod:FantasySummer","MostiFishMod:NightSea","Double Tap+1","yuri:BookRed","yuri:BookPurple","yuri:WickedSlash","Reaper+1","yuri:HoldBack","yuri:JumpScare+1","yuri:Stalk","REME_BodyOfCthun","MostiFishMod:ButterFly","REME_MagicPocketWatch","yuri:SturdyUniform+1","yuri:NerfBat+1","yuri:BlackTea+1","jedi:forcepull","yuri:JumpScare+1","yuri:Virus","yuri:GrowingInsanity","Looming Evil","yuri:GrowingInsanity+1","yuri:JumpScare+1","MostiFishMod:JungleRules+1","yuri:MPose","yuri:TPose"],"relics":["yuri:yuriKnife","REME_ComplimentaryCards","DaveBox","aspiration:Nostalgia","Replay:M_SmolderingBlood","NlothsMask","MoonlightInvasionPlan","reliquary:SilkGlove","Simple Rune","Odd Mushroom","reliquary:TuningFork","conspire:SlowCooker","ReplayTheSpireMod:ShopPack","Gremlin Horn","SynthV:C4","reliquary:FerryPass","Juzu Bracelet","reliquary:NewFriend","Counterbalance","DollysMirror","RhineSuit","WingedGreaves","Replay:Ringing Soul","Red Mask","Ring of Searing","ReplayTheSpireMod:Lightbulb","Potion Belt","Bottled Flame","Membership Card","paleoftheancients:Timepiece","paleoftheancients:KeyRelic","paleoftheancients:SoulOfTheShapes","reliquary:Stiletto","Civilization"],"acts_visited":["Exordium","TheCity","TheBeyond","paleoftheancients:PaleOfTheAncients"],"potions_floor_usage":[7,16,33,50,51,51],"damage_taken":[{"damage":3,"enemies":"Cultist","floor":1,"turns":5},{"damage":0,"enemies":"2 Louse","floor":2,"turns":2},{"damage":2,"enemies":"conspire:RoseBush","floor":4,"turns":3},{"damage":6,"enemies":"3 Sentries","floor":7,"turns":3},{"damage":3,"enemies":"Lagavulin","floor":10,"turns":4},{"damage":6,"enemies":"Blue Slaver","floor":11,"turns":4},{"damage":0,"enemies":"The Mushroom Lair","floor":12,"turns":2},{"damage":5,"enemies":"Gremlin Gang","floor":14,"turns":2},{"damage":26,"enemies":"Hexaghost","floor":16,"turns":4},{"damage":6,"enemies":"Chosen","floor":18,"turns":2},{"damage":17,"enemies":"Gremlin Leader","floor":28,"turns":2},{"damage":24,"enemies":"Champ","floor":33,"turns":7},{"damage":8,"enemies":"3 Shapes","floor":35,"turns":2},{"damage":22,"enemies":"Mind Bloom Boss Battle","floor":36,"turns":3},{"damage":0,"enemies":"Nemesis","floor":40,"turns":1},{"damage":37,"enemies":"R_Hoarder","floor":42,"turns":3},{"damage":44,"enemies":"Donu and Deca","floor":50,"turns":3},{"damage":140,"enemies":"Donu and Deca","floor":51,"turns":6},{"damage":67,"enemies":"Donu and Deca","floor":52,"turns":6},{"damage":522,"enemies":"Donu and Deca","floor":56,"turns":4}],"seed_played":"3586887774910173971","potions_obtained":[{"floor":2,"key":"BlessingOfTheForge"},{"floor":2,"key":"Block Potion"},{"floor":4,"key":"SkillPotion"},{"floor":7,"key":"BlessingOfTheForge"},{"floor":28,"key":"Swift Potion"},{"floor":35,"key":"Swift Potion"},{"floor":42,"key":"Block Potion"},{"floor":42,"key":"SpeedPotion"},{"floor":52,"key":"AttackPotion"}],"is_trial":false,"path_per_floor":["M","M","?","M","$","R","E","R","T","E","M","?","T","M","R","B",null,"M","$","$","?","$","R","T","R","T","R","E","?","R","$","R","B",null,"M","?","$","?","?","E","?","E","T","R","?","$","?","?","R","B","M","M","?","$","R","M"],"character_chosen":"YURI","items_purchased":["Bludgeon","Tantrum","ReplayTheSpireMod:ShopPack","Gremlin Horn","yuri:SturdyUniform","Counterbalance","DollysMirror","Replay:Ringing Soul","Membership Card","Civilization"],"campfire_rested":0,"item_purchase_floors":[5,5,19,20,22,31,31,37,46,54],"current_hp_per_floor":[77,77,77,75,75,75,73,73,73,77,77,80,80,75,75,65,80,74,74,74,74,74,74,74,74,74,74,63,63,63,63,63,58,80,74,55,55,55,58,61,61,27,27,27,27,27,27,30,57,101,101,77,80,80,80,0,0],"gold":14,"neow_bonus":"NOSTALGIA","is_daily":false,"chose_seed":false,"campfire_upgraded":10,"win_rate":0.0,"timestamp":1613479679,"path_taken":["M","?","?","?","$","R","E","R","T","E","?","?","?","?","R","BOSS","M","?","$","?","$","R","?","R","T","R","E","?","R","$","R","BOSS","M","?","$","?","?","E","?","E","T","R","?","$","?","?","R","BOSS","M","M","?","$","R","M"],"items_purchased_type":["Card","Card","Relic","Relic","Card","Relic","Relic","Relic","Relic","Relic"],"build_version":"2020-12-22","purchased_purges":4,"victory":false,"max_hp_per_floor":[80,80,80,80,80,80,80,80,80,80,80,80,80,80,80,80,80,80,80,80,80,80,80,80,80,80,80,80,80,80,80,80,80,80,80,80,80,80,83,86,86,89,89,89,89,89,89,92,92,101,101,101,104,104,104,104,104],"card_choices":[{"not_picked":["yuri:WickedSlash","Halt"],"picked":"Crescendo","floor":1},{"not_picked":["Searing Blow","yuri:ArmBrace"],"picked":"yuri:yuriHeavyStrike","floor":2},{"not_picked":["Whirlwind","yuri:RepairCode"],"picked":"yuri:yuriQuickStrike","floor":4},{"not_picked":["yuri:RepairCode","yuri:AdaptiveAI"],"picked":"yuri:BookRed","floor":7},{"not_picked":["FlyingSleeves","yuri:yuriQuickStrike"],"picked":"yuri:BookPurple","floor":10},{"not_picked":["yuri:HeavierStrike","EmptyFist"],"picked":"yuri:WickedSlash","floor":11},{"not_picked":["Swivel","yuri:yuriQuickStrike"],"picked":"Reaper","floor":12},{"not_picked":["yuri:WickedSlash","yuri:yuriQuickStrike"],"picked":"yuri:HoldBack","floor":14},{"not_picked":["yuri:GhostForm","yuri:MagneticKnives"],"picked":"yuri:JumpScare","floor":16},{"not_picked":["yuri:Skip","yuri:Stare+1"],"picked":"yuri:Stalk","floor":18},{"not_picked":["Sadistic Nature","REME_MawOfCthun"],"picked":"REME_BodyOfCthun","floor":19},{"not_picked":["HandOfGreed","Swift Strike"],"picked":"MostiFishMod:ButterFly","floor":19},{"not_picked":["Forethought","Replay:BasicMightCard"],"picked":"REME_MagicPocketWatch","floor":19},{"not_picked":["yuri:RecklessStrike","yuri:yuriHeavyStrike+1"],"picked":"yuri:NerfBat","floor":28},{"not_picked":["yuri:MagneticKnives","yuri:DistillInsanity"],"picked":"yuri:Virus","floor":33},{"not_picked":["yuri:RecklessStrike+1","yuri:ThornRemove+1"],"picked":"yuri:GrowingInsanity","floor":35},{"not_picked":["yuri:CalmingAura","yuri:ThrowBook"],"picked":"yuri:GrowingInsanity+1","floor":40},{"not_picked":["yuri:BookBlue","yuri:AdaptiveAI"],"picked":"yuri:JumpScare","floor":42},{"not_picked":["Panacea","Flash of Steel"],"picked":"MostiFishMod:JungleRules","floor":48},{"not_picked":["yuri:yuriHeavyStrike","yuri:BookBlue","yuri:WickedSlash+1"],"picked":"SKIP","floor":52},{"not_picked":["yuri:WickedSlash","yuri:yuriHeavyStrike"],"picked":"yuri:MPose","floor":53},{"not_picked":["yuri:MPose","yuri:HoldBack"],"picked":"yuri:TPose","floor":53}],"player_experience":37,"relics_obtained":[{"floor":7,"key":"reliquary:SilkGlove"},{"floor":10,"key":"Simple Rune"},{"floor":12,"key":"Odd Mushroom"},{"floor":13,"key":"reliquary:TuningFork"},{"floor":24,"key":"reliquary:FerryPass"},{"floor":26,"key":"Juzu Bracelet"},{"floor":28,"key":"reliquary:NewFriend"},{"floor":36,"key":"WingedGreaves"},{"floor":39,"key":"Ring of Searing"},{"floor":40,"key":"ReplayTheSpireMod:Lightbulb"},{"floor":42,"key":"Potion Belt"},{"floor":43,"key":"Bottled Flame"},{"floor":52,"key":"paleoftheancients:SoulOfTheShapes"},{"floor":53,"key":"reliquary:Stiletto"}],"event_choices":[{"damage_healed":0,"gold_gain":0,"player_choice":"Trade","damage_taken":0,"relics_obtained":["NlothsMask"],"max_hp_gain":0,"max_hp_loss":0,"event_name":"FaceTrader","floor":3,"gold_loss":0},{"damage_healed":0,"gold_gain":0,"player_choice":"Fought Mushrooms","damage_taken":0,"max_hp_gain":0,"max_hp_loss":0,"event_name":"Mushrooms","floor":12,"gold_loss":0},{"damage_healed":0,"gold_gain":0,"player_choice":"2 cards matched","damage_taken":0,"max_hp_gain":0,"max_hp_loss":0,"event_name":"Match and Keep!","floor":29,"gold_loss":0,"cards_obtained":["yuri:BlackTea","jedi:forcepull"]},{"damage_healed":0,"gold_gain":0,"player_choice":"Fight","damage_taken":0,"max_hp_gain":0,"max_hp_loss":0,"event_name":"MindBloom","floor":36,"gold_loss":0},{"damage_healed":0,"gold_gain":0,"player_choice":"Paid","damage_taken":0,"relics_obtained":["Red Mask"],"max_hp_gain":0,"max_hp_loss":0,"event_name":"Tomb of Lord Red Mask","floor":38,"gold_loss":19},{"cards_removed":["yuri:yuriStab"],"damage_healed":0,"gold_gain":0,"player_choice":"Removed Attack","damage_taken":0,"max_hp_gain":0,"max_hp_loss":0,"event_name":"Falling","floor":41,"gold_loss":0},{"damage_healed":0,"gold_gain":0,"player_choice":"Ignored","damage_taken":0,"max_hp_gain":0,"max_hp_loss":0,"event_name":"The Moai Head","floor":45,"gold_loss":0},{"damage_healed":0,"gold_gain":0,"player_choice":"Leave","damage_taken":0,"max_hp_gain":0,"max_hp_loss":0,"event_name":"conspire:Investor","floor":47,"gold_loss":0},{"damage_healed":0,"gold_gain":0,"player_choice":"Memory 1","damage_taken":0,"max_hp_gain":0,"max_hp_loss":0,"event_name":"SensoryStone","floor":48,"gold_loss":0}],"is_beta":false,"boss_relics":[{"not_picked":["yuri:PortraitOfMarkov","GuanYuAspect"],"picked":"conspire:SlowCooker"},{"not_picked":["ChewingGum","REME_ChargedStone"],"picked":"RhineSuit"}],"items_purged_floors":[5,22,37,54],"is_endless":false,"potions_floor_spawned":[2,2,4,4,7,12,14,16,16,28,35,36,42,42,52],"killed_by":"Donu and Deca","ascension_level":0}}