{"host":"kybn6ox37urbij4t","time":1613474157,"event":{"mods":["Aspiration","BaseMod","Better Third Choice","Dota2Spire","Downfall","Minty Spire (QoL Compilation)","Reliquary","Replay The Spire","StSLib","The Blue Laboratory","TheWitcher"],"gold_per_floor":[99,113,128,146,146,164,164,74,91,106,106,126,141,167,178,178,178,178],"floor_reached":16,"language":"ENG","playtime":1327,"items_purged":["Slimebound:Tackle"],"score":133,"play_id":"d7c278fd-638a-4b59-b959-2d0bb2cf2cc5","local_time":"20210216121557","is_ascension_mode":false,"campfire_choices":[{"data":"Slimebound:Split","floor":1,"key":"SMITH"}],"circlet_count":0,"master_deck":["Slimebound:Strike_Slimebound","Slimebound:Strike_Slimebound","Slimebound:Strike_Slimebound","Slimebound:Defend_Slimebound","Slimebound:Defend_Slimebound","Slimebound:Defend_Slimebound","Slimebound:Defend_Slimebound","Slimebound:Split+1","Slimebound:CorrosiveSpit","Slimebound:SlimeTap","Slimebound:SplitBruiser","Slimebound:HauntingLick","Slimebound:SplitMire","Slimebound:MassFeed","Slimebound:GoopSpray","Slimebound:Split","Slimebound:MassRepurpose","Slimebound:SplitAcid","Slimebound:LevelUp","Slimebound:SplitBruiser"],"relics":["Slimebound:AbsorbEndCombat","aspiration:BabyByrd","Mummified Hand","reliquary:TatteredRug"],"acts_visited":["Exordium"],"potions_floor_usage":[],"damage_taken":[{"damage":8,"enemies":"Small Slimes","floor":2,"turns":3},{"damage":1,"enemies":"Cultist","floor":3,"turns":5},{"damage":0,"enemies":"Jaw Worm","floor":4,"turns":3},{"damage":8,"enemies":"downfall:LooterAlt","floor":6,"turns":3},{"damage":5,"enemies":"downfall:FleeingMerchant","floor":8,"turns":4},{"damage":8,"enemies":"Blue Slaver","floor":9,"turns":4},{"damage":3,"enemies":"2 Fungi Beasts","floor":10,"turns":4},{"damage":7,"enemies":"Large Slime","floor":12,"turns":7},{"damage":1,"enemies":"Exordium Wildlife","floor":13,"turns":3},{"damage":28,"enemies":"Gremlin Nob","floor":14,"turns":4},{"damage":17,"enemies":"Exordium Thugs","floor":15,"turns":4},{"damage":45,"enemies":"WA_ARCHETYPE_RETAIN","floor":16,"turns":9}],"seed_played":"6317502708598079044","potions_obtained":[{"floor":4,"key":"Slimebound:SlimedPotion"},{"floor":10,"key":"blueLaboratory:SavagePotion"},{"floor":12,"key":"sneckomod:MuddlingPotion"},{"floor":14,"key":"Strength Potion"}],"is_trial":false,"path_per_floor":["R","M","M","M","?","M","T","$","M","M","?","M","M","E","M","B"],"character_chosen":"SLIMEBOUND","items_purchased":[],"campfire_rested":0,"item_purchase_floors":[],"current_hp_per_floor":[71,63,64,68,68,60,60,61,58,62,62,67,68,44,33,0,0,0],"gold":178,"neow_bonus":"TEN_PERCENT_HP_BONUS","is_daily":false,"chose_seed":false,"campfire_upgraded":1,"win_rate":0.0,"timestamp":1613474157,"path_taken":["R","M","M","M","?","M","T","$","M","M","?","?","M","E","M","BOSS"],"items_purchased_type":[],"build_version":"2020-12-22","purchased_purges":1,"victory":false,"max_hp_per_floor":[71,71,71,71,71,71,71,71,74,77,77,83,83,83,83,83,83,83],"card_choices":[{"not_picked":["Slimebound:PressTheAttack","Slimebound:RejuvenatingLick"],"picked":"Slimebound:SlimeTap","floor":2},{"not_picked":["Slimebound:RejuvenatingLick","Slimebound:MegaLick"],"picked":"Slimebound:SplitBruiser","floor":3},{"not_picked":["Slimebound:LeechingTouch","Slimebound:BestDefense"],"picked":"Slimebound:HauntingLick","floor":4},{"not_picked":["Slimebound:ProtectTheBoss","Slimebound:PressTheAttack"],"picked":"Slimebound:SplitMire","floor":6},{"not_picked":["Slimebound:ItLooksTasty","Slimebound:LeechingTouch"],"picked":"Slimebound:MassFeed","floor":8},{"not_picked":["Slimebound:Equalize","Slimebound:RollThrough","Slimebound:FinishingTackle"],"picked":"SKIP","floor":9},{"not_picked":["Slimebound:ForwardTackle","Slimebound:RallyTheTroops"],"picked":"Slimebound:GoopSpray","floor":10},{"not_picked":["Slimebound:Nibble","Slimebound:GoopSpray"],"picked":"Slimebound:SplitAcid","floor":12},{"not_picked":["Slimebound:HauntingLick","Slimebound:Replication","Slimebound:BestDefense"],"picked":"SKIP","floor":13},{"not_picked":["Slimebound:GoopTackle","Slimebound:SelfFormingGoo"],"picked":"Slimebound:LevelUp","floor":14},{"not_picked":["Slimebound:LeechEnergy","Slimebound:FinishingTackle"],"picked":"Slimebound:SplitBruiser","floor":15}],"player_experience":403912,"relics_obtained":[{"floor":7,"key":"Mummified Hand"},{"floor":14,"key":"reliquary:TatteredRug"}],"event_choices":[],"is_beta":false,"boss_relics":[],"items_purged_floors":[8],"is_endless":false,"potions_floor_spawned":[4,10,12,14],"killed_by":"WA_ARCHETYPE_RETAIN","ascension_level":0}}