{"host":"a6ztjasp7lxlo10n","time":1613476201,"event":{"mods":["Act Like it!","BaseMod","Colored Map","Marisa£®ÏF”Í°°ƒß¿Ì…≥£©","Minty Spire (QoL Compilation)","Quick Restart","StSLib","SuperFastMode"],"gold_per_floor":[118,193,13,13,28,57,57,90,115,130,155,169,169,94,94,196,196,215,225,225,235,65,90,90,125,150,160,160,91,91,107,107,212,212,225,225,244,119,134,134,163,163,242,242,242],"floor_reached":44,"language":"ZHS","playtime":1300,"items_purged":["Decay","Strike_R","Strike_R"],"score":875,"play_id":"1de09420-d945-4907-8807-9bff71eb678c","local_time":"20210216195001","is_ascension_mode":true,"campfire_choices":[{"data":"Apotheosis","floor":7.0,"key":"SMITH"},{"data":"Body Slam","floor":15.0,"key":"SMITH"},{"data":"Spot Weakness","floor":24.0,"key":"SMITH"},{"floor":32.0,"key":"REST"},{"data":"Limit Break","floor":40.0,"key":"SMITH"},{"floor":42,"key":"REST"}],"circlet_count":0,"master_deck":["Strike_R","Strike_R+1","Strike_R","Defend_R","Defend_R","Defend_R+1","Defend_R","Bash","Body Slam+1","Apotheosis+1","Sword Boomerang","Pommel Strike","Spot Weakness+1","Feed","Offering","Offering","Inflame","Inflame","Power Through","Necronomicurse","Limit Break+1","True Grit","Whirlwind+1"],"relics":["Burning Blood","NeowsBlessing","Bag of Marbles","Tiny Chest","Anchor","Art of War","Sozu","Oddly Smooth Stone","Singing Bowl","Vajra","Ice Cream","Necronomicon","Philosopher\u0027s Stone","Omamori","Pear"],"acts_visited":["Exordium","TheCity","TheBeyond"],"potions_floor_usage":[],"damage_taken":[{"damage":0.0,"enemies":"Cultist","floor":1.0,"turns":1.0},{"damage":0.0,"enemies":"2 Louse","floor":5.0,"turns":1.0},{"damage":0.0,"enemies":"Gremlin Nob","floor":6.0,"turns":1.0},{"damage":24.0,"enemies":"Lagavulin","floor":8.0,"turns":6.0},{"damage":0.0,"enemies":"Small Slimes","floor":10.0,"turns":3.0},{"damage":18.0,"enemies":"3 Sentries","floor":11.0,"turns":8.0},{"damage":0.0,"enemies":"Exordium Thugs","floor":12.0,"turns":3.0},{"damage":0.0,"enemies":"Slime Boss","floor":16.0,"turns":7.0},{"damage":10.0,"enemies":"2 Thieves","floor":18.0,"turns":2.0},{"damage":9.0,"enemies":"Spheric Guardian","floor":19.0,"turns":3.0},{"damage":12.0,"enemies":"Cultist and Chosen","floor":21.0,"turns":3.0},{"damage":25.0,"enemies":"Slavers","floor":23.0,"turns":3.0},{"damage":15.0,"enemies":"Book of Stabbing","floor":25.0,"turns":4.0},{"damage":16.0,"enemies":"Shelled Parasite and Fungi","floor":27.0,"turns":2.0},{"damage":0.0,"enemies":"Centurion and Healer","floor":31.0,"turns":4.0},{"damage":36.0,"enemies":"Automaton","floor":33.0,"turns":6.0},{"damage":14.0,"enemies":"3 Shapes","floor":35.0,"turns":3.0},{"damage":21.0,"enemies":"Orb Walker","floor":37.0,"turns":3.0},{"damage":36.0,"enemies":"Jaw Worm Horde","floor":39.0,"turns":3.0},{"damage":49,"enemies":"Reptomancer","floor":41,"turns":4},{"damage":61,"enemies":"Nemesis","floor":44,"turns":6}],"seed_played":"-7380901487449542553","potions_obtained":[{"floor":1.0,"key":"Dexterity Potion"},{"floor":8.0,"key":"Energy Potion"},{"floor":16.0,"key":"HeartOfIron"}],"is_trial":false,"path_per_floor":["M","?","$","?","M","E","R","E","T","M","E","M","?","$","R","B",null,"M","M","?","M","$","E","R","E","T","M","T","$","?","M","R","B",null,"M","?","M","$","M","R","E","R","T","E"],"character_chosen":"IRONCLAD","items_purchased":["Apotheosis","Inflame","Power Through"],"campfire_rested":2,"item_purchase_floors":[3,22,29],"current_hp_per_floor":[78,67,67,51,57,63,63,45,45,51,39,49,49,49,49,59,81,81,82,82,80,80,65,65,56,56,48,48,48,32,43,76,46,95,93,93,80,80,54,54,11,47,57,0,0],"gold":242,"neow_bonus":"THREE_ENEMY_KILL","is_daily":false,"chose_seed":false,"campfire_upgraded":4,"win_rate":0.0,"timestamp":1613476201,"path_taken":["M","?","$","?","M","E","R","E","T","M","E","M","?","$","R","BOSS","M","?","?","M","$","E","R","E","T","M","?","$","?","M","R","BOSS","M","?","?","$","M","R","E","R","T","E"],"items_purchased_type":["Card","Card","Card"],"build_version":"2020-12-22","purchased_purges":3,"victory":false,"max_hp_per_floor":[80,80,80,80,80,80,80,80,80,80,80,84,84,84,84,88,88,92,96,96,100,100,104,104,104,104,106,106,106,106,111,111,111,111,117,117,119,119,123,123,123,123,133,133,133],"card_choices":[{"not_picked":["Ghostly Armor","Shockwave"],"picked":"Body Slam","floor":1.0},{"not_picked":["Wild Strike","Evolve","Headbutt"],"picked":"SKIP","floor":5.0},{"not_picked":["Headbutt","Perfected Strike"],"picked":"Sword Boomerang","floor":6.0},{"not_picked":["Wild Strike","Flex"],"picked":"Pommel Strike","floor":8.0},{"not_picked":["Rage","Anger"],"picked":"Spot Weakness","floor":10.0},{"not_picked":["Warcry","Seeing Red"],"picked":"Feed","floor":11.0},{"not_picked":["Body Slam","Twin Strike","Shockwave"],"picked":"SKIP","floor":12.0},{"not_picked":["Impervious","Exhume"],"picked":"Offering","floor":16.0},{"not_picked":["Heavy Blade","Anger+1","Clash"],"picked":"SKIP","floor":18.0},{"not_picked":["Anger","Iron Wave+1"],"picked":"Offering","floor":19.0},{"not_picked":["Perfected Strike","Havoc","Flex+1"],"picked":"SKIP","floor":21.0},{"not_picked":["Infernal Blade","Havoc","Sever Soul"],"picked":"SKIP","floor":23.0},{"not_picked":["Evolve","Offering"],"picked":"Inflame","floor":25.0},{"not_picked":["Cleave","Evolve","Shrug It Off"],"picked":"Singing Bowl","floor":27.0},{"not_picked":["Clash","Body Slam","Shockwave"],"picked":"Singing Bowl","floor":31.0},{"not_picked":["Immolate","Offering"],"picked":"Limit Break","floor":33.0},{"not_picked":["Flex","Twin Strike","Warcry"],"picked":"Singing Bowl","floor":35.0},{"not_picked":["Anger+1","Ghostly Armor","Uppercut+1"],"picked":"Singing Bowl","floor":37.0},{"not_picked":["Combust+1","Perfected Strike+1"],"picked":"True Grit","floor":39.0},{"not_picked":["Juggernaut","Perfected Strike+1"],"picked":"Whirlwind+1","floor":41}],"player_experience":341451,"relics_obtained":[{"floor":6.0,"key":"Bag of Marbles"},{"floor":8.0,"key":"Tiny Chest"},{"floor":9.0,"key":"Anchor"},{"floor":11.0,"key":"Art of War"},{"floor":23.0,"key":"Oddly Smooth Stone"},{"floor":25.0,"key":"Singing Bowl"},{"floor":26.0,"key":"Vajra"},{"floor":28.0,"key":"Ice Cream"},{"floor":30.0,"key":"Necronomicon"},{"floor":41,"key":"Omamori"},{"floor":43,"key":"Pear"}],"event_choices":[{"damage_healed":0.0,"max_hp_gain":0.0,"max_hp_loss":0.0,"gold_gain":75.0,"event_name":"World of Goop","player_choice":"Gather Gold","floor":2.0,"gold_loss":0.0,"damage_taken":11.0},{"damage_healed":0.0,"max_hp_gain":0.0,"max_hp_loss":0.0,"gold_gain":0.0,"event_name":"Shining Light","player_choice":"Entered Light","floor":4.0,"gold_loss":0.0,"damage_taken":16.0,"cards_upgraded":["Defend_R","Strike_R"]},{"damage_healed":0.0,"max_hp_gain":0.0,"max_hp_loss":0.0,"gold_gain":0.0,"event_name":"Wheel of Change","player_choice":"Cursed","floor":13.0,"gold_loss":0.0,"damage_taken":0.0,"cards_obtained":["Decay"]},{"damage_healed":0.0,"max_hp_gain":0.0,"max_hp_loss":0.0,"gold_gain":0.0,"event_name":"Match and Keep!","player_choice":"0 cards matched","floor":20.0,"gold_loss":0.0,"damage_taken":0.0,"cards_obtained":[]},{"damage_healed":0.0,"max_hp_gain":0.0,"max_hp_loss":0.0,"gold_gain":0.0,"event_name":"Cursed Tome","player_choice":"Obtained Book","floor":30.0,"gold_loss":0.0,"damage_taken":16.0},{"damage_healed":0.0,"max_hp_gain":0.0,"max_hp_loss":0.0,"gold_gain":0.0,"event_name":"The Woman in Blue","player_choice":"Bought 0 Potions","floor":36.0,"gold_loss":0.0,"damage_taken":0.0}],"is_beta":false,"boss_relics":[{"not_picked":["Snecko Eye","Tiny House"],"picked":"Sozu"},{"not_picked":["Runic Cube","Black Blood"],"picked":"Philosopher\u0027s Stone"}],"items_purged_floors":[14,22,38],"is_endless":false,"potions_floor_spawned":[1,8,16,19,31,33],"killed_by":"Nemesis","ascension_level":9}}