{"host":"k0d0avqto4hu4k85","time":1613453960,"event":{"mods":["AchievementEnabler","BaseMod","BetterRewards","Colored Map","Colored Powertips","Minty Spire (QoL Compilation)"],"gold_per_floor":[216,216,229,5,25,25,55,55,55,75,107,107,127,108,108,204,204,221,184,184,198,217,217,251,251,251,263,288,288,288,288],"floor_reached":30,"language":"ENG","playtime":1032,"items_purged":[],"score":331,"play_id":"ad385a3d-3a86-47cd-a967-b24686e91d3b","local_time":"20210216003920","is_ascension_mode":true,"campfire_choices":[{"data":"Apotheosis","floor":6,"key":"SMITH"},{"floor":8,"key":"REST"},{"floor":12,"key":"REST"},{"floor":15,"key":"REST"},{"floor":23,"key":"REST"},{"floor":25,"key":"REST"},{"floor":29,"key":"REST"}],"circlet_count":0,"master_deck":["Strike_R","Strike_R","Strike_R","Defend_R","Defend_R","Defend_R","Defend_R","Bash","Apotheosis+1","Iron Wave","Anger","Cleave","Shrug It Off","Twin Strike","Feed+1","Clash","Iron Wave","Cleave","Twin Strike","Pommel Strike","Iron Wave+1"],"relics":["Burning Blood","The Courier","Pear","InkBottle","Empty Cage","Ancient Tea Set","Paper Frog","Tiny Chest"],"acts_visited":["Exordium","TheCity"],"potions_floor_usage":[16,16,24,30],"damage_taken":[{"damage":18,"enemies":"Jaw Worm","floor":1,"turns":4},{"damage":1,"enemies":"Cultist","floor":3,"turns":4},{"damage":7,"enemies":"2 Louse","floor":5,"turns":3},{"damage":13,"enemies":"Gremlin Nob","floor":7,"turns":4},{"damage":11,"enemies":"Blue Slaver","floor":10,"turns":3},{"damage":14,"enemies":"3 Sentries","floor":11,"turns":7},{"damage":15,"enemies":"Gremlin Gang","floor":13,"turns":3},{"damage":38,"enemies":"The Guardian","floor":16,"turns":11},{"damage":26,"enemies":"Spheric Guardian","floor":18,"turns":4},{"damage":18,"enemies":"2 Thieves","floor":21,"turns":4},{"damage":28,"enemies":"Snake Plant","floor":22,"turns":4},{"damage":31,"enemies":"Slavers","floor":24,"turns":4},{"damage":42,"enemies":"Snecko","floor":27,"turns":6},{"damage":38,"enemies":"Gremlin Leader","floor":28,"turns":9},{"damage":2,"enemies":"3 Cultists","floor":30,"turns":3}],"seed_played":"8024817949916527713","potions_obtained":[{"floor":3,"key":"LiquidBronze"},{"floor":10,"key":"Block Potion"},{"floor":11,"key":"FairyPotion"},{"floor":13,"key":"PowerPotion"},{"floor":18,"key":"Ancient Potion"},{"floor":22,"key":"Fire Potion"},{"floor":28,"key":"Dexterity Potion"}],"is_trial":false,"path_per_floor":["M","?","M","$","M","R","E","R","T","M","E","R","M","$","R","B",null,"M","$","?","M","M","R","E","R","T","M","E","R","M"],"character_chosen":"IRONCLAD","items_purchased":["Apotheosis","Iron Wave","Twin Strike","Iron Wave"],"campfire_rested":6,"item_purchase_floors":[4,4,14,19],"current_hp_per_floor":[68,73,78,78,77,77,70,80,90,85,77,90,81,81,90,58,90,70,70,70,58,40,68,47,76,76,44,12,42,40,40],"gold":288,"neow_bonus":"HUNDRED_GOLD","is_daily":false,"chose_seed":false,"campfire_upgraded":1,"win_rate":0.0,"timestamp":1613453960,"path_taken":["M","?","M","$","M","R","E","R","T","M","E","R","M","$","R","BOSS","M","$","?","M","M","R","E","R","T","M","E","R","M"],"items_purchased_type":["Card","Card","Card","Card"],"build_version":"2020-12-22","purchased_purges":0,"victory":false,"max_hp_per_floor":[80,80,80,80,80,80,80,80,90,90,90,90,90,90,90,90,90,90,90,90,90,94,94,98,98,98,102,102,102,102,102],"card_choices":[{"not_picked":["Sword Boomerang","Thunderclap"],"picked":"Shrug It Off","floor":1},{"not_picked":["Ghostly Armor","Headbutt","Warcry"],"picked":"SKIP","floor":3},{"not_picked":["Thunderclap","Power Through","Feel No Pain"],"picked":"SKIP","floor":5},{"not_picked":["Sword Boomerang","Shrug It Off"],"picked":"Anger","floor":7},{"not_picked":["Rampage","Flex"],"picked":"Cleave","floor":10},{"not_picked":["Blood for Blood","Wild Strike"],"picked":"Shrug It Off","floor":11},{"not_picked":["Flex","Thunderclap","Feel No Pain"],"picked":"SKIP","floor":13},{"not_picked":["Fiend Fire","Barricade"],"picked":"Feed","floor":16},{"not_picked":["Rupture","Perfected Strike+1"],"picked":"Clash","floor":18},{"not_picked":["Havoc+1","Heavy Blade"],"picked":"Cleave","floor":21},{"not_picked":["Shockwave","Rupture"],"picked":"Twin Strike","floor":22},{"not_picked":["Pummel","Intimidate"],"picked":"Pommel Strike","floor":24},{"not_picked":["Pommel Strike","Intimidate","Immolate"],"picked":"SKIP","floor":27},{"not_picked":["Pommel Strike","Reckless Charge"],"picked":"Iron Wave+1","floor":28}],"player_experience":1171689,"relics_obtained":[{"floor":7,"key":"The Courier"},{"floor":9,"key":"Pear"},{"floor":11,"key":"InkBottle"},{"floor":24,"key":"Ancient Tea Set"},{"floor":26,"key":"Paper Frog"},{"floor":28,"key":"Tiny Chest"}],"event_choices":[{"cards_removed":["Shrug It Off"],"damage_healed":5,"gold_gain":0,"player_choice":"Offered Common","damage_taken":0,"max_hp_gain":0,"max_hp_loss":0,"event_name":"Bonfire Elementals","floor":2,"gold_loss":0},{"cards_removed":["Shrug It Off"],"damage_healed":5,"gold_gain":0,"player_choice":"Offered Special","damage_taken":0,"max_hp_gain":0,"max_hp_loss":0,"event_name":"Bonfire Elementals","floor":2,"gold_loss":0},{"damage_healed":0,"gold_gain":0,"player_choice":"Upgraded","damage_taken":0,"max_hp_gain":0,"max_hp_loss":0,"event_name":"Upgrade Shrine","floor":20,"gold_loss":0,"cards_upgraded":["Feed"]}],"is_beta":false,"boss_relics":[{"not_picked":["Runic Dome","Snecko Eye"],"picked":"Empty Cage"}],"items_purged_floors":[],"is_endless":false,"potions_floor_spawned":[3,10,11,13,18,22,28],"killed_by":"3 Cultists","ascension_level":2}}