{"host":"e1dlxrn9xf91lno8","time":1613501345,"event":{"mods":["AchievementEnabler","Aspiration","Bard","BaseMod","Beaked The Cultist","Bestiary","Better Altar","Better Sensory Stone","Better Third Choice","BetterRewards","Bossed Relics","Colored Map","Colored Powertips","Energized Spire","Filter the Spire","GungeonMod","Hermit","Highlight Path","Hubris","Infinite Spire","Mimic Mod","Minty Spire (QoL Compilation)","Morshu Shopkeeper","Morshu Shopkeeper - ENHANCED","Quick Restart","Rare Cards Sparkle","Reliquary","Replay The Spire","Shop Mod","Smile Girya","Somnambulant","StSLib","The Blue Laboratory","The Cursed","The Disciple","The Runesmith","Together in Spire","Uncapped","everything is the same but u backflip on backflip","slay the spire mod where everything is the same but ironclad has a cowboy hat"],"gold_per_floor":[112,52,72,72,88,88,102,137,163,163,179,208,218,229,229,325,325,337,337,350,364,0,0,0],"floor_reached":23,"language":"ENG","playtime":650,"items_purged":[],"score":205,"play_id":"71d8e819-f37e-4895-b330-b5d8f82dfdfb","local_time":"20210216134905","is_ascension_mode":false,"campfire_choices":[{"data":"hermit:Combo","floor":6,"key":"SMITH"},{"floor":10,"key":"REST"},{"floor":15,"key":"REST"}],"circlet_count":0,"master_deck":["hermit:Strike_Hermit+1","hermit:Strike_Hermit","hermit:Strike_Hermit","hermit:Strike_Hermit","hermit:Defend_Hermit","hermit:Defend_Hermit","hermit:Defend_Hermit","hermit:Defend_Hermit","hermit:Snapshot","hermit:Covet","hermit:Ricochet+1","hermit:Combo","hermit:Combo+1","hermit:TrackingShot","hermit:Quickdraw","Clash","hermit:Misfire","Tantrum","hermit:Showdown","hermit:CursedWeapon","hermit:EyeOfTheStorm","Feed"],"relics":["hermit:Momento","aspiration:Nostalgia","Replay:M_SmolderingBlood","Anchor","Whetstone","Busted Crown","Nloth\u0027s Gift"],"acts_visited":["Exordium","TheCity"],"potions_floor_usage":[8,16],"damage_taken":[{"damage":1,"enemies":"Cultist","floor":1,"turns":4},{"damage":8,"enemies":"2 Louse","floor":3,"turns":3},{"damage":0,"enemies":"Small Slimes","floor":5,"turns":2},{"damage":6,"enemies":"Looter","floor":7,"turns":2},{"damage":25,"enemies":"Lagavulin","floor":8,"turns":3},{"damage":2,"enemies":"Red Slaver","floor":11,"turns":2},{"damage":26,"enemies":"Gremlin Nob","floor":12,"turns":3},{"damage":0,"enemies":"Large Slime","floor":13,"turns":2},{"damage":6,"enemies":"Exordium Wildlife","floor":14,"turns":3},{"damage":32,"enemies":"The Guardian","floor":16,"turns":7},{"damage":10,"enemies":"Shell Parasite","floor":18,"turns":2},{"damage":19,"enemies":"3 Byrds","floor":20,"turns":6},{"damage":33,"enemies":"Shelled Parasite and Fungi","floor":21,"turns":5},{"damage":30,"enemies":"Nightmare","floor":23,"turns":3}],"seed_played":"-7314866404700972067","potions_obtained":[{"floor":1,"key":"Death Potion"},{"floor":3,"key":"AttackPotion"},{"floor":7,"key":"ColorlessPotion"},{"floor":18,"key":"blueLaboratory:Moonshine"}],"is_trial":false,"path_per_floor":["M","$","M","$","M","R","M","E","T","R","M","E","M","M","R","B",null,"M","?","M","M","?","NM"],"character_chosen":"HERMIT","items_purchased":["hermit:Combo"],"campfire_rested":2,"item_purchase_floors":[2],"current_hp_per_floor":[74,74,66,66,66,66,60,35,35,57,55,29,29,23,45,13,75,65,65,49,19,19,0,0],"gold":0,"neow_bonus":"NOSTALGIA","is_daily":false,"chose_seed":false,"campfire_upgraded":1,"win_rate":0.0,"timestamp":1613501345,"path_taken":["M","$","?","$","M","R","M","E","T","R","?","E","M","M","R","BOSS","M","?","?","M","?","NM"],"items_purchased_type":["Card"],"build_version":"2020-12-22","purchased_purges":0,"victory":false,"max_hp_per_floor":[75,75,75,75,75,75,75,75,75,75,75,75,75,75,75,75,75,75,75,78,81,81,81,81],"card_choices":[{"not_picked":["Searing Blow","hermit:FlashPowder"],"picked":"hermit:Ricochet","floor":1},{"not_picked":["hermit:Roulette","hermit:LoneWolf"],"picked":"hermit:TrackingShot","floor":3},{"not_picked":["hermit:FlashPowder","hermit:Horror"],"picked":"hermit:Quickdraw","floor":5},{"not_picked":["hermit:Roulette","BowlingBash"],"picked":"Clash","floor":7},{"not_picked":["Clash","hermit:LowProfile"],"picked":"hermit:Misfire","floor":8},{"not_picked":["hermit:EternalForm","WreathOfFlame"],"picked":"Tantrum","floor":11},{"not_picked":["hermit:FatalDesire","hermit:Glare"],"picked":"hermit:Showdown","floor":12},{"not_picked":["hermit:Coalescence","Swivel"],"picked":"hermit:CursedWeapon","floor":13},{"not_picked":["hermit:Glare","BowlingBash"],"picked":"hermit:EyeOfTheStorm","floor":14},{"not_picked":["hermit:FinalCanter","hermit:Purgatory"],"picked":"Feed","floor":16},{"not_picked":["hermit:Snipe"],"picked":"SKIP","floor":18},{"not_picked":["hermit:Glare"],"picked":"SKIP","floor":20},{"not_picked":["hermit:WideOpen"],"picked":"SKIP","floor":21}],"player_experience":26114,"relics_obtained":[{"floor":8,"key":"Anchor"},{"floor":9,"key":"aspiration:EmptySkull"},{"floor":12,"key":"Whetstone"}],"event_choices":[{"damage_healed":0,"gold_gain":0,"player_choice":"Traded Relic","damage_taken":0,"relics_obtained":["Nloth\u0027s Gift"],"max_hp_gain":0,"max_hp_loss":0,"event_name":"N\u0027loth","floor":19,"relics_lost":["aspiration:EmptySkull"],"gold_loss":0},{"damage_healed":0,"gold_gain":0,"player_choice":"Paid Fearfully","damage_taken":0,"max_hp_gain":0,"max_hp_loss":0,"event_name":"Masked Bandits","floor":22,"gold_loss":364}],"is_beta":false,"boss_relics":[{"not_picked":["hubris:BlackHole","Fusion Hammer"],"picked":"Busted Crown"}],"items_purged_floors":[],"is_endless":false,"potions_floor_spawned":[1,3,7,18],"killed_by":"Nightmare","ascension_level":0}}