{"host":"qy6st0zp32tctd9l","time":1613468645,"event":{"mods":["BaseMod","Colored Map","Downfall","GifTheSpireLib","Hermit","Marisa£®ÏF”Í°°ƒß¿Ì…≥£©","Minty Spire (QoL Compilation)","Remilia£®¿Ÿ√◊¿Ú—«£©","StSLib","The Cursed","The Servant 0.9.4","UnlockEverythingMod"],"gold_per_floor":[111,124,124,22,42,42,76,76,76,16,34,45,77,96,96,96,96],"floor_reached":16,"language":"ZHS","playtime":625,"items_purged":["Strike_S"],"score":202,"play_id":"406099ff-774e-42c6-b3e1-7c9693e8f86a","local_time":"20210216174405","is_ascension_mode":true,"campfire_choices":[{"data":"SilverBlades","floor":6,"key":"SMITH"},{"floor":8,"key":"RECALL"},{"floor":15,"key":"REST"}],"circlet_count":0,"master_deck":["AscendersBane","Strike_S","Strike_S","Strike_S","Defend_S","Defend_S","Defend_S","Defend_S","KidneyShot","Exchange","TheWorld","Starlight","SilverBlades+1","DoubleEdge","Contraction","SilverMatrix","Read","Dilation"],"relics":["Uniform","The Courier","Lantern","KneeBrace"],"acts_visited":["Exordium"],"potions_floor_usage":[13,13,14],"damage_taken":[{"damage":0,"enemies":"Small Slimes","floor":1,"turns":3},{"damage":0,"enemies":"Cultist","floor":2,"turns":3},{"damage":12,"enemies":"2 Louse","floor":5,"turns":3},{"damage":17,"enemies":"Lagavulin","floor":7,"turns":5},{"damage":0,"enemies":"Looter","floor":11,"turns":2},{"damage":21,"enemies":"Exordium Thugs","floor":12,"turns":6},{"damage":7,"enemies":"3 Sentries","floor":13,"turns":8},{"damage":0,"enemies":"2 Fungi Beasts","floor":14,"turns":2},{"damage":21,"enemies":"Hexaghost","floor":16,"turns":11}],"seed_played":"-5423810816768459475","potions_obtained":[{"floor":2,"key":"Fire Potion"},{"floor":12,"key":"SpeedPotion"},{"floor":13,"key":"champ:CounterPotion"}],"is_trial":false,"path_per_floor":["M","M","?","$","M","R","E","R","T","$","M","M","E","M","R","B"],"character_chosen":"THE_SERVANT","items_purchased":["SilverBlades","DoubleEdge"],"campfire_rested":1,"item_purchase_floors":[4,4],"current_hp_per_floor":[39,39,60,60,48,48,31,31,31,31,31,10,3,3,21,0,0],"gold":96,"neow_bonus":"THREE_RARE_CARDS","is_daily":false,"chose_seed":false,"campfire_upgraded":1,"win_rate":0.0,"timestamp":1613468645,"path_taken":["M","M","?","$","M","R","E","R","T","?","M","M","E","M","R","BOSS"],"items_purchased_type":["Card","Card"],"build_version":"2020-12-22","purchased_purges":1,"victory":false,"max_hp_per_floor":[60,60,60,60,60,60,60,60,60,60,60,60,60,60,60,60,60],"card_choices":[{"not_picked":["ForgedInTime","TrueSight"],"picked":"TheWorld","floor":0},{"not_picked":["Collapse","Defy"],"picked":"Starlight","floor":1},{"not_picked":["Collapse","Starlight"],"picked":"Deadline","floor":2},{"not_picked":["StarChef","Potential"],"picked":"Contraction","floor":5},{"not_picked":["ShatteredReality","TimeWarp"],"picked":"SilverMatrix","floor":7},{"not_picked":["Defy","Replace"],"picked":"Read","floor":11},{"not_picked":["Ricochet","Rewind","Revamp"],"picked":"SKIP","floor":12},{"not_picked":["DoubleEdge","SilverMatrix"],"picked":"Dilation","floor":13},{"not_picked":["Starlight","Read","ShatteredReality"],"picked":"SKIP","floor":14}],"player_experience":219275,"relics_obtained":[{"floor":7,"key":"The Courier"},{"floor":9,"key":"Lantern"},{"floor":13,"key":"KneeBrace"}],"event_choices":[{"cards_removed":["Deadline"],"damage_healed":21,"gold_gain":0,"player_choice":"Offered Uncommon","damage_taken":0,"max_hp_gain":0,"max_hp_loss":0,"event_name":"Bonfire Elementals","floor":3,"gold_loss":0}],"is_beta":false,"boss_relics":[],"items_purged_floors":[10],"is_endless":false,"potions_floor_spawned":[2,12,13],"killed_by":"Hexaghost","ascension_level":16}}