{"host":"cpsutu8lprjuipd6","time":1613444371,"event":{"mods":["BaseMod","Colored Map","Minty Spire (QoL Compilation)","Permanent Neow","StSLib","SuperFastMode","The Bug Knight","Together in Spire"],"gold_per_floor":[109,109,109,120,133,164,181,201,201,215,229,229,100,120,120,216,216,235,235,254,254,270,270,284,314,337,337,93,124,124,141,141,246,246,258,308,85,95,111,146,146,161,210,210,230,230,241,255,255,255,255,255,5,38,38],"floor_reached":56,"language":"KOR","playtime":4621,"items_purged":["HollowMod:NailStrikeStart"],"score":1432,"play_id":"e9e14e32-0ff6-4455-9d43-092655df934c","local_time":"20210216115931","is_ascension_mode":true,"campfire_choices":[{"data":"HollowMod:DashSlash","floor":12,"key":"SMITH"},{"data":"HollowMod:SoulStrike","floor":15,"key":"SMITH"},{"floor":23,"key":"REST"},{"floor":27,"key":"RECALL"},{"data":"HollowMod:PogoStrike","floor":32,"key":"SMITH"},{"data":"HollowMod:LifebloodCore","floor":41,"key":"SMITH"},{"floor":46,"key":"REST"},{"data":"HollowMod:Weaversong","floor":49,"key":"SMITH"},{"data":"HollowMod:CloakDash","floor":52,"key":"SMITH"}],"circlet_count":0,"master_deck":["HollowMod:NailStrikeStart+1","HollowMod:NailStrikeStart+1","HollowMod:NailStrikeStart+1","HollowMod:QuickDashStart+1","HollowMod:QuickDashStart+1","HollowMod:QuickDashStart+1","HollowMod:FocusHealStart","HollowMod:PogoStrike+1","HollowMod:SharpenedNail","HollowMod:SharpenedNail","HollowMod:SoulStrike+1","HollowMod:ChannelNail","HollowMod:DashSlash+1","HollowMod:CycloneSlash","HollowMod:ChannelNail","HollowMod:CornifersMapStart","HollowMod:ChannelNail","HollowMod:LifebloodCore+1","CurseOfTheBell","HollowMod:CloakDash+1","HollowMod:HeavyBlow+1","HollowMod:CornifersMapStart+1","HollowMod:NewLittleFool+1","HollowMod:DashSlash+1","HollowMod:SoulSplash","HollowMod:ChannelNail","RitualDagger","HollowMod:HuntersJournal+1","HollowMod:Weaversong+1","HollowMod:GrimmsGift+1","HollowMod:CloakDash","HollowMod:CloakDash","HollowMod:SoulStrike","HollowMod:DashSlash+1","Parasite","HollowMod:CloakDash+1","HollowMod:DoubleDash+1","HollowMod:SoulStrike","HollowMod:MonarchWings+1","HollowMod:SoulStrike","HollowMod:CoiledNail+1","HollowMod:CloakDash+1","Violence","HollowMod:CycloneSlash","HollowMod:DesolateDive"],"relics":["HollowMod:VesselMask","Happy Flower","Pocketwatch","Calling Bell","Dream Catcher","Question Card","WingedGreaves","HollowMod:MillibellesNoteRelic","Lantern","HollowMod:MantisClawRelic","HollowMod:GreatKnightMask","SlaversCollar","Lizard Tail","HandDrill","FossilizedHelix","Akabeko","Thread and Needle","HollowMod:IsmasTear"],"acts_visited":["Exordium","TheCity","TheBeyond","TheEnding"],"potions_floor_usage":[7,16,16,16,25,25,31,40,40,54,55],"damage_taken":[{"damage":0,"enemies":"Cultist","floor":1,"turns":3},{"damage":0,"enemies":"Small Slimes","floor":4,"turns":2},{"damage":2,"enemies":"2 Louse","floor":5,"turns":2},{"damage":25,"enemies":"3 Sentries","floor":6,"turns":7},{"damage":0,"enemies":"Lots of Slimes","floor":7,"turns":1},{"damage":0,"enemies":"Large Slime","floor":8,"turns":5},{"damage":2,"enemies":"2 Fungi Beasts","floor":10,"turns":2},{"damage":5,"enemies":"Blue Slaver","floor":11,"turns":3},{"damage":2,"enemies":"Gremlin Gang","floor":14,"turns":3},{"damage":30,"enemies":"Slime Boss","floor":16,"turns":10},{"damage":25,"enemies":"2 Thieves","floor":18,"turns":5},{"damage":0,"enemies":"Spheric Guardian","floor":20,"turns":4},{"damage":24,"enemies":"Shelled Parasite and Fungi","floor":22,"turns":6},{"damage":4,"enemies":"Centurion and Healer","floor":24,"turns":6},{"damage":0,"enemies":"Gremlin Leader","floor":25,"turns":9},{"damage":0,"enemies":"HollowMod:Zote","floor":29,"turns":2},{"damage":2,"enemies":"Snake Plant","floor":31,"turns":3},{"damage":69,"enemies":"Champ","floor":33,"turns":14},{"damage":3,"enemies":"3 Shapes","floor":35,"turns":3},{"damage":0,"enemies":"Mind Bloom Boss Battle","floor":36,"turns":4},{"damage":15,"enemies":"3 Darklings","floor":38,"turns":4},{"damage":0,"enemies":"Writhing Mass","floor":39,"turns":5},{"damage":0,"enemies":"Reptomancer","floor":40,"turns":7},{"damage":18,"enemies":"4 Shapes","floor":42,"turns":6},{"damage":8,"enemies":"3 Darklings","floor":45,"turns":4},{"damage":0,"enemies":"Writhing Mass","floor":47,"turns":4},{"damage":0,"enemies":"Transient","floor":48,"turns":5},{"damage":0,"enemies":"HollowMod:Radiance","floor":50,"turns":11},{"damage":0,"enemies":"Shield and Spear","floor":54,"turns":7},{"damage":91,"enemies":"The Heart","floor":55,"turns":11}],"seed_played":"-5347846442317527206","potions_obtained":[{"floor":1,"key":"Explosive Potion"},{"floor":3,"key":"EntropicBrew"},{"floor":3,"key":"AttackPotion"},{"floor":6,"key":"AttackPotion"},{"floor":10,"key":"Energy Potion"},{"floor":22,"key":"LiquidMemories"},{"floor":24,"key":"Block Potion"},{"floor":29,"key":"Swift Potion"},{"floor":35,"key":"Dexterity Potion"},{"floor":39,"key":"Energy Potion"},{"floor":47,"key":"DuplicationPotion"}],"is_trial":false,"path_per_floor":["M","?","?","M","M","E","M","M","T","M","M","R","$","M","R","B",null,"M","?","M","?","M","R","M","E","T","R","$","?","?","M","R","B",null,"M","?","$","M","M","E","R","M","T","?","M","R","M","M","R","B",null,"R","$","E","B",null],"character_chosen":"THE_BUGKNIGHT","items_purchased":["HollowMod:CornifersMapStart","HollowMod:MantisClawRelic","HollowMod:CloakDash","HollowMod:SoulStrike","HandDrill","Violence","HollowMod:CycloneSlash","SkillPotion"],"campfire_rested":2,"item_purchase_floors":[13,28,37,37,37,53,53,53],"current_hp_per_floor":[75,68,68,68,66,51,51,61,61,59,54,54,54,52,52,28,75,56,56,56,56,38,60,62,62,62,62,62,68,62,60,60,1,75,72,72,72,57,57,57,57,39,39,39,31,53,53,53,53,65,75,75,75,75,30],"gold":38,"neow_bonus":"RANDOM_COMMON_RELIC","is_daily":false,"chose_seed":false,"campfire_upgraded":6,"win_rate":0.0,"timestamp":1613444371,"path_taken":["M","?","?","M","M","E","M","M","T","?","M","R","$","M","R","BOSS","M","?","M","?","?","R","M","E","T","R","$","?","?","M","R","BOSS","M","?","$","M","M","E","R","M","T","?","M","R","M","?","R","BOSS","R","$","E","BOSS"],"items_purchased_type":["Card","Relic","Card","Card","Relic","Card","Card","Potion"],"build_version":"2020-12-22","purchased_purges":1,"victory":true,"max_hp_per_floor":[75,75,75,75,75,75,75,75,75,75,75,75,75,75,75,75,75,75,75,75,75,75,75,75,75,75,75,75,75,75,75,75,75,75,75,75,75,75,75,75,75,75,75,75,75,75,75,75,75,75,75,75,75,75,75],"card_choices":[{"not_picked":["HollowMod:InfectedAttack","HollowMod:GoodIntentions"],"picked":"HollowMod:SharpenedNail","floor":1},{"not_picked":["HollowMod:SoulMaster","HollowMod:TaintedHusks"],"picked":"HollowMod:SharpenedNail","floor":4},{"not_picked":["HollowMod:SharpenedNail","HollowMod:SoulVessel"],"picked":"HollowMod:SoulStrike","floor":5},{"not_picked":["HollowMod:InfectedAttack","HollowMod:DungDefenderAura"],"picked":"HollowMod:BrokenVessel","floor":6},{"not_picked":["HollowMod:DescendingDark","HollowMod:FallenFury"],"picked":"HollowMod:ChannelNail","floor":7},{"not_picked":["HollowMod:CloakDash","HollowMod:DungDefenderAura"],"picked":"HollowMod:DashSlash","floor":8},{"not_picked":["HollowMod:MonarchWings","HollowMod:DescendingDark"],"picked":"HollowMod:CycloneSlash","floor":10},{"not_picked":["HollowMod:ElderbugsWisdom","HollowMod:GoodIntentions"],"picked":"HollowMod:ChannelNail","floor":11},{"not_picked":["HollowMod:InfectedAttack","HollowMod:NewGlowingWomb"],"picked":"HollowMod:ChannelNail","floor":14},{"not_picked":["HollowMod:ElderbugsWisdom","HollowMod:VoidDash"],"picked":"HollowMod:LifebloodCore","floor":16},{"not_picked":["HollowMod:SharpenedShadows","HollowMod:TaintedHusks","HollowMod:NewGlowingWomb"],"picked":"HollowMod:CloakDash","floor":18},{"not_picked":["HollowMod:CornifersMapStart","HollowMod:MawleksShell","HollowMod:ChannelNail+1"],"picked":"HollowMod:HeavyBlow+1","floor":20},{"not_picked":["HollowMod:NewJinnsSoul","HollowMod:MonarchWings","HollowMod:DoubleDash"],"picked":"HollowMod:CornifersMapStart+1","floor":22},{"not_picked":["HollowMod:GreatSlash","HollowMod:SoulVessel","HollowMod:SoulStrike"],"picked":"HollowMod:NewLittleFool+1","floor":23},{"not_picked":["HollowMod:NewLittleFool","HollowMod:LifebloodCore","HollowMod:InfectedAttack"],"picked":"HollowMod:DashSlash+1","floor":24},{"not_picked":["HollowMod:FallenFury","HollowMod:CycloneSlash","HollowMod:FastStrike"],"picked":"HollowMod:SoulSplash","floor":25},{"not_picked":["HollowMod:CornifersMapStart","HollowMod:ShadowDash","HollowMod:GoodIntentions"],"picked":"HollowMod:ChannelNail","floor":29},{"not_picked":["HollowMod:CornifersMapStart","HollowMod:SharpenedShadows","HollowMod:SiblingsSouls+1"],"picked":"HollowMod:HuntersJournal+1","floor":31},{"not_picked":["HollowMod:ElderbugsWisdom","HollowMod:LifebloodCore","HollowMod:LordofShades"],"picked":"HollowMod:Weaversong","floor":33},{"not_picked":["HollowMod:LifebloodCocoon","HollowMod:DungDefenderAura+1","HollowMod:GoodIntentions"],"picked":"HollowMod:GrimmsGift+1","floor":35},{"not_picked":["HollowMod:SiblingsShadow","HollowMod:TaintedHusks","HollowMod:AbyssShriek"],"picked":"HollowMod:CloakDash","floor":36},{"not_picked":["HollowMod:LifebloodCocoon+1","HollowMod:NewJinnsSoul","HollowMod:DescendingDark+1"],"picked":"HollowMod:DashSlash+1","floor":38},{"not_picked":["HollowMod:DescendingDark+1","HollowMod:CoiledNail","HollowMod:SiblingsSouls"],"picked":"HollowMod:CloakDash+1","floor":39},{"not_picked":["HollowMod:AbyssShriek+1","HollowMod:SoulEater+1","HollowMod:FallenFury"],"picked":"HollowMod:DoubleDash+1","floor":40},{"not_picked":["HollowMod:SiblingsSouls","HollowMod:theNailsmith","HollowMod:DescendingDark"],"picked":"HollowMod:SoulStrike","floor":42},{"not_picked":["HollowMod:NewGlowingWomb+1","HollowMod:Grubsong+1","HollowMod:InfectedAttack"],"picked":"HollowMod:MonarchWings+1","floor":45},{"not_picked":["HollowMod:BrokenVessel+1","HollowMod:ShapeofUnn","HollowMod:DoubleDash+1"],"picked":"HollowMod:SoulStrike","floor":46},{"not_picked":["HollowMod:TaintedHusks+1","HollowMod:DescendingDark+1","HollowMod:PureNailStrike"],"picked":"HollowMod:CoiledNail+1","floor":47},{"not_picked":["HollowMod:MothsMistake","HollowMod:HeavyBlow+1","HollowMod:FallenFury"],"picked":"HollowMod:CloakDash+1","floor":48},{"not_picked":["HollowMod:BrokenVessel","HollowMod:NewLittleFool","HollowMod:VengefulVoid"],"picked":"HollowMod:DesolateDive","floor":54}],"player_experience":86973,"relics_obtained":[{"floor":6,"key":"Pocketwatch"},{"floor":17,"key":"Dream Catcher"},{"floor":17,"key":"Question Card"},{"floor":17,"key":"WingedGreaves"},{"floor":25,"key":"HollowMod:MillibellesNoteRelic"},{"floor":26,"key":"Lantern"},{"floor":29,"key":"HollowMod:GreatKnightMask"},{"floor":36,"key":"Lizard Tail"},{"floor":40,"key":"FossilizedHelix"},{"floor":43,"key":"Akabeko"},{"floor":54,"key":"HollowMod:IsmasTear"}],"event_choices":[{"cards_removed":["HollowMod:QuickDashStart"],"damage_healed":0,"gold_gain":0,"player_choice":"Card Removal","damage_taken":7,"max_hp_gain":0,"max_hp_loss":0,"event_name":"Golden Wing","floor":2,"gold_loss":0},{"damage_healed":0,"gold_gain":0,"player_choice":"Got Potions","damage_taken":0,"max_hp_gain":0,"max_hp_loss":0,"event_name":"Lab","floor":3,"gold_loss":0},{"damage_healed":0,"gold_gain":0,"player_choice":"Simplicity","damage_taken":0,"max_hp_gain":0,"max_hp_loss":0,"event_name":"Back to Basics","floor":19,"gold_loss":0,"cards_upgraded":["HollowMod:NailStrikeStart","HollowMod:NailStrikeStart","HollowMod:NailStrikeStart","HollowMod:QuickDashStart","HollowMod:QuickDashStart","HollowMod:QuickDashStart"]},{"cards_removed":["HollowMod:BrokenVessel"],"damage_healed":0,"gold_gain":0,"player_choice":"Card Removal","damage_taken":0,"max_hp_gain":0,"max_hp_loss":0,"event_name":"Wheel of Change","floor":21,"gold_loss":0},{"damage_healed":0,"gold_gain":0,"player_choice":"Joined the Cult","damage_taken":6,"max_hp_gain":0,"max_hp_loss":0,"event_name":"Nest","floor":30,"gold_loss":0,"cards_obtained":["RitualDagger"]},{"damage_healed":0,"gold_gain":0,"player_choice":"Fight","damage_taken":0,"max_hp_gain":0,"max_hp_loss":0,"event_name":"MindBloom","floor":36,"gold_loss":0},{"damage_healed":0,"gold_gain":0,"player_choice":"Gave Potion","damage_taken":0,"relics_obtained":["Thread and Needle"],"max_hp_gain":0,"max_hp_loss":0,"event_name":"WeMeetAgain","floor":44,"gold_loss":0}],"is_beta":false,"boss_relics":[{"not_picked":["Velvet Choker","Philosopher\u0027s Stone"],"picked":"Calling Bell"},{"not_picked":["HollowMod:VoidIdolRelic","Cursed Key"],"picked":"SlaversCollar"}],"items_purged_floors":[13],"is_endless":false,"potions_floor_spawned":[1,6,10,11,14,22,24,29,35,39,47],"ascension_level":1}}