{"host":"bq4pt811tk9yrmjl","time":1613489644,"event":{"mods":["AchievementEnabler","BaseMod","Colored Map","Colored Powertips","Defuse TimeMaze Blight","Hermit","Minty Spire (QoL Compilation)","Smile Girya","StSLib","SuperFastMode"],"gold_per_floor":[109,39,58,133,133,172,172,190,190,265,265,265,265],"floor_reached":12,"language":"ENG","playtime":108,"items_purged":[],"score":106,"play_id":"0962641d-1297-4d95-8b47-365dbffd455b","local_time":"20210216133404","is_ascension_mode":true,"campfire_choices":[{"data":"Defragment","floor":7,"key":"SMITH"},{"floor":11,"key":"REST"}],"circlet_count":0,"master_deck":["Strike_B","Strike_B","Strike_B","Strike_B","Defend_B","Defend_B","Defend_B","Defend_B","Zap","Dualcast","Defragment+1","Sunder","Reinforced Body"],"relics":["Cracked Core","NeowsBlessing","Golden Idol","Bottled Tornado","Boot"],"acts_visited":["Exordium"],"potions_floor_usage":[10,10,10],"damage_taken":[{"damage":0,"enemies":"Cultist","floor":1,"turns":1},{"damage":0,"enemies":"Jaw Worm","floor":3,"turns":1},{"damage":0,"enemies":"3 Sentries","floor":6,"turns":1},{"damage":3,"enemies":"2 Louse","floor":8,"turns":3},{"damage":10,"enemies":"Lagavulin Event","floor":10,"turns":5},{"damage":0,"enemies":"Gremlin Nob","floor":12,"turns":1}],"seed_played":"1013871427871426304","potions_obtained":[{"floor":1,"key":"Dexterity Potion"},{"floor":3,"key":"Dexterity Potion"},{"floor":8,"key":"Fire Potion"},{"floor":10,"key":"GamblersBrew"}],"is_trial":false,"path_per_floor":["M","$","M","?","?","E","R","M","T","?","R","E"],"character_chosen":"DEFECT","items_purchased":["Sunder"],"campfire_rested":1,"item_purchase_floors":[2],"current_hp_per_floor":[75,75,75,64,46,46,46,43,43,33,55,55,55],"gold":265,"neow_bonus":"THREE_ENEMY_KILL","is_daily":false,"chose_seed":false,"campfire_upgraded":1,"win_rate":0.0,"timestamp":1613489644,"path_taken":["M","$","M","?","?","E","R","M","T","?","R","E"],"items_purchased_type":["Card"],"build_version":"2020-12-22","purchased_purges":0,"victory":false,"max_hp_per_floor":[75,75,75,75,75,75,75,75,75,75,75,75,75],"card_choices":[{"not_picked":["Turbo","Barrage"],"picked":"Defragment","floor":1},{"not_picked":["Steam","Coolheaded"],"picked":"Reinforced Body","floor":3},{"not_picked":["Redo","Capacitor","Storm"],"picked":"SKIP","floor":6},{"not_picked":["White Noise","Auto Shields","Rebound"],"picked":"SKIP","floor":8}],"player_experience":311882,"relics_obtained":[{"floor":6,"key":"Bottled Tornado"},{"floor":10,"key":"Boot"}],"event_choices":[{"damage_healed":0,"gold_gain":75,"player_choice":"Gather Gold","damage_taken":11,"max_hp_gain":0,"max_hp_loss":0,"event_name":"World of Goop","floor":4,"gold_loss":0},{"damage_healed":0,"gold_gain":0,"player_choice":"Take Damage","damage_taken":18,"relics_obtained":["Golden Idol"],"max_hp_gain":0,"max_hp_loss":0,"event_name":"Golden Idol","floor":5,"gold_loss":0},{"damage_healed":0,"gold_gain":0,"player_choice":"Searched \u00272\u0027 times","damage_taken":0,"max_hp_gain":0,"max_hp_loss":0,"event_name":"Dead Adventurer","floor":10,"gold_loss":0}],"is_beta":false,"boss_relics":[],"items_purged_floors":[],"is_endless":false,"potions_floor_spawned":[1,3,8,10],"killed_by":"Gremlin Nob","ascension_level":1}}