{"host":"wqdhni9hq4z6pe8c","time":1613514399,"event":{"mods":["BaseMod","Colored Map","Downfall","Highlight Path","Minty Spire (QoL Compilation)","StSLib"],"gold_per_floor":[99,99,99,6,6,81,107,17,17,35,60,60,60,79,95,196,196,196,196,196,196],"floor_reached":19,"language":"ENG","playtime":1346,"items_purged":["Slimebound:Strike_Slimebound"],"score":161,"play_id":"e0e1c9e8-8e24-44bb-b27d-10cf802aad2a","local_time":"20210216162639","is_ascension_mode":false,"campfire_choices":[{"data":"Slimebound:Tackle","floor":1,"key":"SMITH"},{"data":"Slimebound:Equalize","floor":9,"key":"SMITH"},{"floor":13,"key":"REST"},{"floor":18,"key":"RECALL"}],"circlet_count":0,"master_deck":["Slimebound:Strike_Slimebound","Slimebound:Strike_Slimebound","Slimebound:Tackle+1","Slimebound:Defend_Slimebound","Slimebound:Defend_Slimebound","Slimebound:Defend_Slimebound","Slimebound:Defend_Slimebound","Slimebound:Split","Slimebound:CorrosiveSpit","Slimebound:ItLooksTasty","Slimebound:MegaLick","Slimebound:LeadByExample","Slimebound:Equalize+1","Slimebound:SplitMire","Slimebound:RejuvenatingLick","Slimebound:GoopSpray+1","Slimebound:Schlurp","Slimebound:SpikyOuterGoop","Slimebound:SlimeSpikes","Slimebound:SlimeSlap"],"relics":["Slimebound:AbsorbEndCombat","downfall:HeartsMalice","Darkstone Periapt","MealTicket","Bird Faced Urn","Philosopher\u0027s Stone"],"acts_visited":["Exordium","TheCity"],"potions_floor_usage":[16,16,16],"damage_taken":[{"damage":0,"enemies":"Cultist","floor":2,"turns":1},{"damage":0,"enemies":"Small Slimes","floor":3,"turns":1},{"damage":0,"enemies":"downfall:FleeingMerchant","floor":4,"turns":1},{"damage":13,"enemies":"downfall:FleeingMerchant","floor":8,"turns":4},{"damage":5,"enemies":"2 Louse","floor":10,"turns":3},{"damage":36,"enemies":"3 Sentries","floor":11,"turns":8},{"damage":3,"enemies":"Red Slaver","floor":14,"turns":2},{"damage":9,"enemies":"2 Fungi Beasts","floor":15,"turns":4},{"damage":24,"enemies":"DF_ARCHETYPE_STREAMLINE","floor":16,"turns":9},{"damage":0,"enemies":"3 Byrds","floor":19,"turns":2}],"seed_played":"-1452238745943656266","potions_obtained":[{"floor":11,"key":"Dexterity Potion"},{"floor":14,"key":"Energy Potion"},{"floor":15,"key":"champ:CounterPotion"},{"floor":16,"key":"PowerPotion"}],"is_trial":false,"path_per_floor":["R","M","M","$","?","?","T","$","R","M","E","?","R","M","M","B",null,"R","M"],"character_chosen":"SLIMEBOUND","items_purchased":["Slimebound:Equalize","Slimebound:SplitMire"],"campfire_rested":1,"item_purchase_floors":[4,4],"current_hp_per_floor":[65,65,65,65,53,53,53,57,57,62,34,34,53,64,65,45,65,65,65,65,65],"gold":196,"neow_bonus":"THREE_ENEMY_KILL","is_daily":false,"chose_seed":false,"campfire_upgraded":2,"win_rate":0.0,"timestamp":1613514399,"path_taken":["R","M","?","$","?","?","T","$","R","M","E","?","R","?","M","BOSS","R","M"],"items_purchased_type":["Card","Card"],"build_version":"2020-12-22","purchased_purges":1,"victory":false,"max_hp_per_floor":[65,65,65,65,65,65,65,65,65,65,65,65,65,65,65,65,65,65,65,65,65],"card_choices":[{"not_picked":["Slimebound:DivideAndConquer","Slimebound:SplitMire"],"picked":"Slimebound:ItLooksTasty","floor":2},{"not_picked":["Slimebound:LeechingTouch","Slimebound:SamplingLick"],"picked":"Slimebound:MegaLick","floor":3},{"not_picked":["Slimebound:SplitBruiser","Slimebound:PressTheAttack"],"picked":"Slimebound:LeadByExample","floor":4},{"not_picked":["Slimebound:Overexert","Slimebound:SlimeBarrage"],"picked":"Slimebound:RejuvenatingLick","floor":8},{"not_picked":["Slimebound:Chomp","Slimebound:DisruptingSlam"],"picked":"Slimebound:GoopSpray","floor":10},{"not_picked":["Slimebound:SplitAcid","Slimebound:SplitLeeching"],"picked":"Slimebound:Schlurp","floor":11},{"not_picked":["Slimebound:Prepare","Slimebound:ComboTackle"],"picked":"Slimebound:SpikyOuterGoop","floor":14},{"not_picked":["Slimebound:ComboTackle","Slimebound:PressTheAttack"],"picked":"Slimebound:SlimeSpikes","floor":15},{"not_picked":["Slimebound:MassRepurpose","Slimebound:OneTwoCombo"],"picked":"Slimebound:SlimeSlap","floor":16}],"player_experience":182859,"relics_obtained":[{"floor":7,"key":"MealTicket"},{"floor":11,"key":"Bird Faced Urn"}],"event_choices":[{"damage_healed":0,"gold_gain":0,"player_choice":"Success","damage_taken":12,"relics_obtained":["Darkstone Periapt"],"max_hp_gain":0,"max_hp_loss":0,"event_name":"Scrap Ooze","floor":5,"gold_loss":0}],"is_beta":false,"boss_relics":[{"not_picked":["Empty Cage","Velvet Choker"],"picked":"Philosopher\u0027s Stone"}],"items_purged_floors":[8],"is_endless":false,"potions_floor_spawned":[11,14,15,16],"killed_by":"3 Byrds","ascension_level":0}}