{"host":"0t11pkp2julks910","time":1613437511,"event":{"mods":["Astrologer","Bard","BaseMod","Bestiary","BetterRewards","Colored Map","Curses Come First","Downfall","Friendly Minions","GungeonMod","Hermit","Hubris","Infinite Spire","Minty Spire (QoL Compilation)","Replay The Spire","Robot Space Explorer","Shop Mod","Somnambulant","StSLib","The Blackbeard","The Bug Knight","The Construct","The Cursed","The Disciple","The Forsaken","The Hierophant","The Jungle","The Marked","The Mystic","The Necromancer","The Poker Player","The Problem Sleuth","The Runesmith","[IsaacMod]????"],"gold_per_floor":[109,135,185,185,204,233,233,244,317,317,317,331,331,342,342,437,437,448,461,461,52,62,62,62,76,76,76,76,31,47,66,66,167,167,191,191,191,191,223,223,254,254,254,254,254,282,282,312,312,312,312],"floor_reached":50,"language":"ENG","playtime":2635,"items_purged":[],"score":617,"play_id":"07c11435-e062-49cc-b3dd-364f57e2ff24","local_time":"20210215170511","is_ascension_mode":false,"campfire_choices":[{"data":"mysticmod:MirrorEntity","floor":7,"key":"SMITH"},{"data":"mysticmod:Spellstrike","floor":10,"key":"SMITH"},{"data":"mysticmod:ComboCaster","floor":13,"key":"SMITH"},{"floor":15,"key":"RECALL"},{"floor":23,"key":"REST"},{"floor":28,"key":"REST"},{"data":"mysticmod:Lunge","floor":32,"key":"SMITH"},{"data":"mysticmod:ClosingBarrage","floor":40,"key":"SMITH"},{"data":"mysticmod:Disintegrate","floor":42,"key":"SMITH"},{"data":"mysticmod:StyleChange","floor":45,"key":"SMITH"},{"data":"mysticmod:Feint","floor":47,"key":"SMITH"},{"data":"mysticmod:SummonFamiliar","floor":49,"key":"SMITH"}],"circlet_count":0,"master_deck":["mysticmod:Strike_Mystic","mysticmod:Strike_Mystic","mysticmod:Strike_Mystic","mysticmod:Strike_Mystic","mysticmod:Defend_Mystic","mysticmod:Defend_Mystic","mysticmod:Defend_Mystic","mysticmod:ArcaneDodge","mysticmod:ShockingGrasp","mysticmod:Snowball","mysticmod:StyleChange+1","mysticmod:Feint+1","Purity","mysticmod:Spellstrike+1","mysticmod:FiveFootStep","mysticmod:MirrorEntity+1","mysticmod:Grease","mysticmod:ComboCaster+1","mysticmod:FloatingDisk+1","mysticmod:Lunge+1","mysticmod:Probe+1","mysticmod:Disintegrate+1","mysticmod:PureInstinct+1","mysticmod:CorrosiveTouch","mysticmod:SummonFamiliar+1","mysticmod:PowerAttack","mysticmod:ClosingBarrage+1","mysticmod:StyleChange+1","mysticmod:RapidCaster+1","mysticmod:AllIn+1","mysticmod:MagicMissile+1","mysticmod:ComponentsPouch+1"],"relics":["mysticmod:SpellBook","HushsDoor","NeowsBlessing","Onion Ring","hubris:FoxTail","BookofShadows","DemoMod:Relodestone","Eternal Feather","hubris:GrandSneckoEye","Replay:Blank Codex","infinitespire:Bottled Soul","Gremlin Food","hubris:Icosahedron","DoctorsRemote","infinitespire:EvilPickle","construct:WeddingRing","DemoMod:SuperHotWatch"],"acts_visited":["Exordium","TheCity","TheBeyond"],"potions_floor_usage":[6,6,16,16,33,33,46,50,50],"damage_taken":[{"damage":0,"enemies":"Jaw Worm","floor":1,"turns":1},{"damage":0,"enemies":"Hiden Room Battle","floor":3,"turns":1},{"damage":0,"enemies":"Small Slimes","floor":5,"turns":1},{"damage":17,"enemies":"3 Sentries","floor":6,"turns":7},{"damage":0,"enemies":"2 Louse","floor":8,"turns":1},{"damage":0,"enemies":"Exordium Wildlife","floor":12,"turns":2},{"damage":6,"enemies":"Red Slaver","floor":14,"turns":2},{"damage":20,"enemies":"Slime Boss","floor":16,"turns":8},{"damage":9,"enemies":"Shell Parasite","floor":18,"turns":4},{"damage":24,"enemies":"Snake Plant","floor":19,"turns":5},{"damage":27,"enemies":"Shelled Parasite and Fungi","floor":22,"turns":4},{"damage":7,"enemies":"Snecko","floor":25,"turns":3},{"damage":14,"enemies":"Snake Plant","floor":30,"turns":4},{"damage":10,"enemies":"Shelled Parasite and Fungi","floor":31,"turns":4},{"damage":27,"enemies":"Pondfish","floor":33,"turns":12},{"damage":26,"enemies":"3 Darklings","floor":35,"turns":5},{"damage":0,"enemies":"Orb Walker","floor":39,"turns":1},{"damage":11,"enemies":"Sphere and 2 Shapes","floor":41,"turns":3},{"damage":13,"enemies":"4 Shapes","floor":46,"turns":4},{"damage":0,"enemies":"Spire Growth","floor":48,"turns":1},{"damage":78,"enemies":"infinitespire:MassOfShapes","floor":50,"turns":7}],"seed_played":"4593415533003452404","potions_obtained":[{"floor":2,"key":"bronze:BurnAndBuffPotion"},{"floor":2,"key":"Milkshake"},{"floor":2,"key":"Milkshake"},{"floor":8,"key":"Strength Potion"},{"floor":12,"key":"FearPotion"},{"floor":16,"key":"Elixir"},{"floor":22,"key":"Venom Potion"},{"floor":30,"key":"champ:CounterPotion"},{"floor":35,"key":"BlessingOfTheForge"},{"floor":39,"key":"hexamod:SoulburnPotion"}],"is_trial":false,"path_per_floor":["M","?","?","?","M","E","R","M","T","R","T","M","R","M","R","B",null,"M","M","?","$","M","R","?","M","T","?","R","$","M","M","R","B",null,"M","?","?","?","M","R","M","R","T","?","R","M","R","M","R","B"],"character_chosen":"MYSTIC_CLASS","items_purchased":["infinitespire:Bottled Soul","Gremlin Food","mysticmod:SummonFamiliar"],"campfire_rested":2,"item_purchase_floors":[21,21,29],"current_hp_per_floor":[77,47,47,47,47,30,30,30,30,30,30,30,39,33,45,25,77,68,44,28,28,1,36,36,29,29,29,67,67,53,43,58,31,77,51,51,51,51,51,69,61,77,77,77,77,64,77,77,77,0,0],"gold":312,"neow_bonus":"THREE_ENEMY_KILL","is_daily":false,"chose_seed":false,"campfire_upgraded":9,"win_rate":0.0,"timestamp":1613437511,"path_taken":["M","?","?","?","M","E","R","M","T","R","?","?","R","M","R","BOSS","M","?","?","$","M","R","?","M","T","?","R","?","M","M","R","BOSS","M","?","?","?","M","R","M","R","T","?","R","M","R","?","R","BOSS"],"items_purchased_type":["Relic","Relic","Card"],"build_version":"2020-12-22","purchased_purges":0,"victory":false,"max_hp_per_floor":[77,77,77,77,77,77,77,77,77,77,77,77,77,77,77,77,77,77,77,77,77,77,77,77,77,77,77,77,77,77,77,77,77,77,77,77,77,77,77,77,77,77,77,77,77,77,77,77,77,77,77],"card_choices":[{"not_picked":[],"picked":"Bomb","floor":0},{"not_picked":["mysticmod:ComponentsPouch","mysticmod:PunishingArmor"],"picked":"mysticmod:Snowball","floor":1},{"not_picked":["mysticmod:Dedication","mysticmod:Snowball"],"picked":"mysticmod:StyleChange","floor":2},{"not_picked":["mysticmod:Riposte","mysticmod:Disengage"],"picked":"mysticmod:Feint","floor":3},{"not_picked":["mysticmod:Disengage","mysticmod:Flourish"],"picked":"mysticmod:FiveFootStep","floor":5},{"not_picked":["mysticmod:EbbAndFlow","mysticmod:Flurry"],"picked":"mysticmod:MirrorEntity","floor":6},{"not_picked":["mysticmod:Disengage","Bomb"],"picked":"mysticmod:Grease","floor":8},{"not_picked":["mysticmod:LightningBolt","mysticmod:MirrorStrike"],"picked":"mysticmod:ComboCaster","floor":12},{"not_picked":["mysticmod:Daze","mysticmod:Shield"],"picked":"mysticmod:FloatingDisk","floor":14},{"not_picked":["mysticmod:Discipline","mysticmod:Disintegrate"],"picked":"mysticmod:Lunge","floor":16},{"not_picked":["mysticmod:ComponentsPouch","mysticmod:Grease+1"],"picked":"mysticmod:Probe+1","floor":18},{"not_picked":["mysticmod:CorrosiveTouch","mysticmod:DiviningBlow"],"picked":"mysticmod:Disintegrate","floor":19},{"not_picked":["mysticmod:TomeOfSpells","mysticmod:LightningBolt"],"picked":"mysticmod:PureInstinct+1","floor":22},{"not_picked":["mysticmod:MagicWeapon","mysticmod:ComboCaster"],"picked":"mysticmod:CorrosiveTouch","floor":25},{"not_picked":["mysticmod:Daze","mysticmod:LightningBolt"],"picked":"mysticmod:PowerAttack","floor":30},{"not_picked":["mysticmod:Shield","mysticmod:Sideswipe","mysticmod:PowerAttack+1"],"picked":"SKIP","floor":31},{"not_picked":["mysticmod:EnchantedMoulinet","mysticmod:Spellstrike"],"picked":"mysticmod:ClosingBarrage","floor":33},{"not_picked":["mysticmod:PowerAttack+1","mysticmod:Sideswipe+1"],"picked":"mysticmod:StyleChange","floor":35},{"not_picked":["mysticmod:DiviningBlow+1","mysticmod:EbbAndFlow"],"picked":"mysticmod:AllIn+1","floor":39},{"not_picked":["mysticmod:LightningBolt","mysticmod:FloatingDisk","mysticmod:Probe"],"picked":"SKIP","floor":41},{"not_picked":["mysticmod:CorrosiveTouch+1","mysticmod:Snowball"],"picked":"mysticmod:MagicMissile+1","floor":46},{"not_picked":["mysticmod:HunkerDown","mysticmod:SuddenClarity+1"],"picked":"mysticmod:ComponentsPouch+1","floor":48}],"player_experience":319913,"relics_obtained":[{"floor":3,"key":"Onion Ring"},{"floor":3,"key":"hubris:FoxTail"},{"floor":6,"key":"DemoMod:Relodestone"},{"floor":11,"key":"Eternal Feather"},{"floor":20,"key":"Replay:Blank Codex"},{"floor":26,"key":"DoctorsRemote"},{"floor":43,"key":"DemoMod:SuperHotWatch"}],"event_choices":[{"damage_healed":0,"gold_gain":0,"player_choice":"Fight","damage_taken":0,"max_hp_gain":0,"max_hp_loss":0,"event_name":"HidenRoomEvent","floor":3,"gold_loss":0},{"damage_healed":0,"gold_gain":0,"player_choice":"2 cards matched","damage_taken":0,"max_hp_gain":0,"max_hp_loss":0,"event_name":"Match and Keep!","floor":4,"gold_loss":0,"cards_obtained":["Purity","mysticmod:Spellstrike"]},{"damage_healed":0,"gold_gain":0,"player_choice":"Obtained Book","damage_taken":16,"max_hp_gain":0,"max_hp_loss":0,"event_name":"Cursed Tome","floor":20,"gold_loss":0},{"damage_healed":0,"gold_gain":0,"player_choice":"Ignored","damage_taken":0,"max_hp_gain":0,"max_hp_loss":0,"event_name":"NoteForYourself","floor":37,"gold_loss":0},{"damage_healed":0,"gold_gain":0,"cards_transformed":["mysticmod:Defend_Mystic"],"player_choice":"Transformed","damage_taken":0,"max_hp_gain":0,"max_hp_loss":0,"event_name":"Transmorgrifier","floor":38,"gold_loss":0,"cards_obtained":["mysticmod:RapidCaster"]},{"damage_healed":0,"gold_gain":0,"player_choice":"Upgraded","damage_taken":0,"max_hp_gain":0,"max_hp_loss":0,"event_name":"Upgrade Shrine","floor":44,"gold_loss":0,"cards_upgraded":["mysticmod:RapidCaster"]}],"is_beta":false,"boss_relics":[{"not_picked":["Velvet Choker","DemoMod:RiddleOfLead"],"picked":"hubris:GrandSneckoEye"},{"not_picked":[]},{"not_picked":["Black Star","Coffee Dripper"],"picked":"construct:WeddingRing"},{"not_picked":[]}],"items_purged_floors":[],"is_endless":false,"potions_floor_spawned":[8,12,16,22,25,30,35,39],"killed_by":"infinitespire:MassOfShapes","ascension_level":0}}