{"host":"sav7uxregyirlf69","time":1613450089,"event":{"mods":["AchievementEnabler","BaseMod","Colored Map","DeckTracker","Keyboard Shortcuts","Minty Spire (QoL Compilation)","READ ME - Guardian Mod","StSLib","SuperFastMode"],"gold_per_floor":[110,110,124,124,137,162,162,179,250,262,275,275,302,320,320,320,320],"floor_reached":16,"language":"KOR","playtime":251,"items_purged":[],"score":228,"play_id":"95ad095e-c72b-4710-999a-df13f14025ab","local_time":"20210216133449","is_ascension_mode":true,"campfire_choices":[{"data":"Carnage","floor":7.0,"key":"SMITH"},{"floor":12,"key":"REST"},{"data":"Evolve","floor":15,"key":"SMITH"}],"circlet_count":0,"master_deck":["AscendersBane","Strike_R","Strike_R","Strike_R","Defend_R","Defend_R","Defend_R","Defend_R","Bash","Twin Strike","Carnage+1","Evolve+1","Shrug It Off","Fiend Fire","Wild Strike","Armaments"],"relics":["Burning Blood","Prayer Wheel","HornCleat","Centennial Puzzle"],"acts_visited":["Exordium"],"potions_floor_usage":[16],"damage_taken":[{"damage":14.0,"enemies":"Small Slimes","floor":1.0,"turns":4.0},{"damage":7.0,"enemies":"Jaw Worm","floor":3.0,"turns":4.0},{"damage":6.0,"enemies":"Cultist","floor":5.0,"turns":3.0},{"damage":8.0,"enemies":"Gremlin Nob","floor":6.0,"turns":3.0},{"damage":29.0,"enemies":"Exordium Thugs","floor":8.0,"turns":6.0},{"damage":4.0,"enemies":"Red Slaver","floor":10.0,"turns":3.0},{"damage":19.0,"enemies":"Exordium Wildlife","floor":11.0,"turns":4.0},{"damage":21,"enemies":"Lagavulin","floor":13,"turns":5},{"damage":7,"enemies":"Large Slime","floor":14,"turns":4},{"damage":18,"enemies":"Hexaghost","floor":16,"turns":7}],"seed_played":"-8052953771313704470","potions_obtained":[{"floor":3.0,"key":"DistilledChaos"},{"floor":5.0,"key":"Block Potion"},{"floor":6.0,"key":"GamblersBrew"},{"floor":14,"key":"SkillPotion"}],"is_trial":false,"path_per_floor":["M","?","M","?","M","E","R","M","T","M","M","R","E","M","R","B"],"character_chosen":"IRONCLAD","items_purchased":[],"campfire_rested":1,"item_purchase_floors":[],"current_hp_per_floor":[42,47,46,46,46,44,44,21,21,23,10,34,19,18,18,0,0],"gold":320,"neow_bonus":"REMOVE_TWO","is_daily":false,"chose_seed":false,"campfire_upgraded":2,"win_rate":0.0,"timestamp":1613450089,"path_taken":["M","?","M","?","?","E","R","M","T","M","M","R","E","M","R","BOSS"],"items_purchased_type":[],"build_version":"2020-12-22","purchased_purges":0,"victory":false,"max_hp_per_floor":[75,80,80,80,80,80,80,80,80,80,80,80,80,80,80,80,80],"card_choices":[{"not_picked":["Thunderclap","Iron Wave","Flex"],"picked":"SKIP","floor":1.0},{"not_picked":["Dual Wield","Dark Embrace"],"picked":"Twin Strike","floor":3.0},{"not_picked":["Combust","Feel No Pain"],"picked":"Carnage","floor":5.0},{"not_picked":["Flame Barrier","Thunderclap"],"picked":"Evolve","floor":6.0},{"not_picked":["Whirlwind","Infernal Blade"],"picked":"Shrug It Off","floor":8.0},{"not_picked":["Infernal Blade","Flex"],"picked":"Fiend Fire","floor":8.0},{"not_picked":["Flex","Headbutt"],"picked":"Wild Strike","floor":10.0},{"not_picked":["Body Slam","Shrug It Off","Infernal Blade"],"picked":"SKIP","floor":10.0},{"not_picked":["Clash","Demon Form"],"picked":"Armaments","floor":11},{"not_picked":["Intimidate","Clash","Wild Strike"],"picked":"SKIP","floor":11},{"not_picked":["Whirlwind","Sever Soul","Cleave"],"picked":"SKIP","floor":13},{"not_picked":["Iron Wave","Twin Strike","Whirlwind"],"picked":"SKIP","floor":14},{"not_picked":["Sword Boomerang","Clash","Twin Strike"],"picked":"SKIP","floor":14}],"player_experience":1592094,"relics_obtained":[{"floor":6.0,"key":"Prayer Wheel"},{"floor":9.0,"key":"HornCleat"},{"floor":13,"key":"Centennial Puzzle"}],"event_choices":[{"damage_healed":0.0,"max_hp_gain":5.0,"max_hp_loss":0.0,"gold_gain":0.0,"event_name":"Big Fish","player_choice":"Donut","floor":2.0,"gold_loss":0.0,"damage_taken":0.0},{"damage_healed":0.0,"max_hp_gain":0.0,"max_hp_loss":0.0,"gold_gain":0.0,"event_name":"Liars Game","player_choice":"Ignored","floor":4.0,"gold_loss":0.0,"damage_taken":0.0}],"is_beta":false,"boss_relics":[],"items_purged_floors":[],"is_endless":false,"potions_floor_spawned":[3,5,6,14],"killed_by":"Hexaghost","ascension_level":20}}