{"host":"kh6fvhxn285ncg0o","time":1613466664,"event":{"mods":["Act Like it!","BaseMod","Colored Map","Friendly Minions","Keyboard Shortcuts","Minty Spire (QoL Compilation)","Quick Restart","Relic Stats","StSLib","SuperFastMode","UnlockEverythingMod"],"gold_per_floor":[113,38,50,50,50,50,80,92,104,41,89,129,141,153,165,253,319,342,389,401,401],"floor_reached":20,"language":"KOR","playtime":352,"items_purged":["Strike_R"],"score":406,"play_id":"1627f4df-e1b1-4efe-97fb-078d4f1b239a","local_time":"20210216181104","is_ascension_mode":true,"campfire_choices":[{"data":"Bash","floor":6,"key":"SMITH"},{"data":"Second Wind","floor":8,"key":"SMITH"},{"data":"Anger","floor":13,"key":"SMITH"},{"data":"Evolve","floor":15,"key":"SMITH"}],"circlet_count":0,"master_deck":["AscendersBane","Bash+1","Second Wind+1","Evolve+1","Disarm","Anger+1","Spot Weakness","Seeing Red","Iron Wave","Fire Breathing","Immolate","Limit Break"],"relics":["Burning Blood","NeowsBlessing","MawBank","CeramicFish","Oddly Smooth Stone","Pandora\u0027s Box","Red Mask"],"acts_visited":["Exordium","TheCity"],"potions_floor_usage":[16,19,20],"damage_taken":[{"damage":0,"enemies":"Cultist","floor":1,"turns":1},{"damage":0,"enemies":"Small Slimes","floor":3,"turns":1},{"damage":0,"enemies":"Lagavulin","floor":7,"turns":2},{"damage":54,"enemies":"Gremlin Nob","floor":11,"turns":6},{"damage":0,"enemies":"2 Louse","floor":12,"turns":4},{"damage":12,"enemies":"Slime Boss","floor":16,"turns":8},{"damage":17,"enemies":"2 Thieves","floor":18,"turns":4},{"damage":55,"enemies":"Masked Bandits","floor":19,"turns":4},{"damage":11,"enemies":"Shell Parasite","floor":20,"turns":2}],"seed_played":"-3480376994640324346","potions_obtained":[{"floor":12,"key":"Weak Potion"},{"floor":16,"key":"FearPotion"},{"floor":19,"key":"DistilledChaos"}],"is_trial":false,"path_per_floor":["M","$","M","?","?","R","E","R","T","?","E","M","R","$","R","B",null,"M","?","M"],"character_chosen":"IRONCLAD","items_purchased":[],"campfire_rested":0,"item_purchase_floors":[],"current_hp_per_floor":[74,74,75,68,73,73,79,79,79,79,31,37,37,37,37,31,68,57,8,0,0],"gold":401,"neow_bonus":"THREE_ENEMY_KILL","is_daily":false,"chose_seed":false,"campfire_upgraded":4,"win_rate":0.0,"timestamp":1613466664,"path_taken":["M","?","?","?","?","R","E","R","T","?","E","M","R","?","R","BOSS","M","?","M"],"items_purchased_type":[],"build_version":"2020-12-22","purchased_purges":1,"victory":false,"max_hp_per_floor":[75,75,75,75,80,80,80,80,80,80,80,80,80,80,80,80,80,80,80,80,80],"relic_stats":{"counters":[9,32],"CeramicFish":72,"Pandora\u0027s Box":["Spot Weakness","Seeing Red","Iron Wave","Fire Breathing","Immolate","Limit Break"],"MawBank":156,"obtain_stats":[{"NeowsBlessing":0,"CeramicFish":9,"Oddly Smooth Stone":11,"Pandora\u0027s Box":17,"Red Mask":19,"MawBank":7,"Burning Blood":0},{"NeowsBlessing":0,"CeramicFish":3,"Oddly Smooth Stone":4,"Pandora\u0027s Box":6,"Red Mask":8,"MawBank":3,"Burning Blood":0},{"NeowsBlessing":0,"CeramicFish":4,"Oddly Smooth Stone":10,"Pandora\u0027s Box":22,"Red Mask":30,"MawBank":4,"Burning Blood":0}],"Burning Blood":43},"card_choices":[{"not_picked":["Perfected Strike","Clothesline"],"picked":"Second Wind","floor":1},{"not_picked":["Dual Wield","Searing Blow","Rupture"],"picked":"SKIP","floor":3},{"not_picked":["Twin Strike","Clothesline"],"picked":"Evolve","floor":7},{"not_picked":["Iron Wave","Perfected Strike"],"picked":"Disarm","floor":11},{"not_picked":["Iron Wave","Thunderclap"],"picked":"Anger","floor":12},{"not_picked":["Heavy Blade","Pommel Strike","Hemokinesis"],"picked":"SKIP","floor":18}],"player_experience":1432788,"relics_obtained":[{"floor":7,"key":"MawBank"},{"floor":9,"key":"CeramicFish"},{"floor":11,"key":"Oddly Smooth Stone"},{"floor":19,"key":"Red Mask"}],"event_choices":[{"cards_removed":["Strike_R"],"damage_healed":0,"gold_gain":0,"player_choice":"Card Removal","damage_taken":7,"max_hp_gain":0,"max_hp_loss":0,"event_name":"Golden Wing","floor":4,"gold_loss":0},{"damage_healed":0,"gold_gain":0,"player_choice":"Donut","damage_taken":0,"max_hp_gain":5,"max_hp_loss":0,"event_name":"Big Fish","floor":5,"gold_loss":0},{"cards_removed":["Strike_R"],"damage_healed":0,"gold_gain":0,"player_choice":"Card Removal","damage_taken":0,"max_hp_gain":0,"max_hp_loss":0,"event_name":"The Cleric","floor":10,"gold_loss":75},{"damage_healed":0,"gold_gain":0,"player_choice":"Fought Bandits","damage_taken":0,"max_hp_gain":0,"max_hp_loss":0,"event_name":"Masked Bandits","floor":19,"gold_loss":0}],"is_beta":false,"boss_relics":[{"not_picked":["Black Blood","Ectoplasm"],"picked":"Pandora\u0027s Box"}],"items_purged_floors":[2],"is_endless":false,"potions_floor_spawned":[12,16,19],"killed_by":"Shell Parasite","ascension_level":20}}