{"host":"h3ogdo6no3ehk88q","time":1613436368,"event":{"mods":["AchievementEnabler","BaseMod","Minty Spire (QoL Compilation)","StSLib","SuperFastMode"],"gold_per_floor":[16,16,35,35,35,35,64,74,74,84,84,84,118,133,147,166,181,181,284,284,298,147,159,178,178,178],"floor_reached":25,"language":"ENG","playtime":750,"items_purged":["Strike_R"],"score":372,"play_id":"e8822db5-e567-480f-87e3-f538ef52aa9f","local_time":"20210215194608","is_ascension_mode":true,"campfire_choices":[{"data":"Flame Barrier","floor":9,"key":"SMITH"},{"data":"Spot Weakness","floor":18,"key":"SMITH"}],"circlet_count":0,"master_deck":["AscendersBane","Strike_R","Strike_R","Strike_R","Defend_R","Defend_R","Defend_R","Defend_R","Bash","Carnage+1","Flame Barrier+1","Shrug It Off","True Grit","Cleave","Burning Pact","Shrug It Off","Spot Weakness+1","Limit Break","CurseOfTheBell","Feel No Pain","Feed","Inflame"],"relics":["Burning Blood","Blue Candle","Shuriken","Magic Flower","Calling Bell","Anchor","Ornamental Fan","WingedGreaves"],"acts_visited":["Exordium","TheCity"],"potions_floor_usage":[7,13,15,24,25],"damage_taken":[{"damage":3,"enemies":"Small Slimes","floor":1,"turns":6},{"damage":0,"enemies":"Cultist","floor":3,"turns":3},{"damage":24,"enemies":"Lagavulin","floor":7,"turns":8},{"damage":1,"enemies":"2 Louse","floor":8,"turns":3},{"damage":18,"enemies":"Gremlin Gang","floor":10,"turns":5},{"damage":18,"enemies":"Gremlin Nob","floor":13,"turns":3},{"damage":3,"enemies":"3 Louse","floor":14,"turns":3},{"damage":11,"enemies":"Lots of Slimes","floor":15,"turns":4},{"damage":0,"enemies":"2 Fungi Beasts","floor":16,"turns":3},{"damage":6,"enemies":"Looter","floor":17,"turns":4},{"damage":69,"enemies":"The Guardian","floor":19,"turns":14},{"damage":24,"enemies":"Chosen","floor":21,"turns":6},{"damage":32,"enemies":"Spheric Guardian","floor":23,"turns":8},{"damage":35,"enemies":"Cultist and Chosen","floor":24,"turns":9},{"damage":18,"enemies":"Snake Plant","floor":25,"turns":3}],"seed_played":"-7188024471250472447","potions_obtained":[{"floor":1,"key":"Dexterity Potion"},{"floor":7,"key":"DuplicationPotion"},{"floor":13,"key":"Block Potion"},{"floor":14,"key":"PowerPotion"},{"floor":19,"key":"SneckoOil"},{"floor":21,"key":"Swift Potion"}],"is_trial":false,"path_per_floor":["M","?","M","$","?","?","E","M","R","M","T","T","E","M","M","M","M","R","B",null,"M","$","M","M","M"],"character_chosen":"IRONCLAD","items_purchased":["Feel No Pain"],"campfire_rested":0,"item_purchase_floors":[22],"current_hp_per_floor":[91,91,96,96,101,101,83,88,88,76,76,76,64,70,68,77,80,80,20,81,66,66,43,17,0,0],"gold":178,"neow_bonus":"TWENTY_PERCENT_HP_BONUS","is_daily":false,"chose_seed":false,"campfire_upgraded":2,"win_rate":0.0,"timestamp":1613436368,"path_taken":["M","?","?","$","?","?","E","M","R","M","T","T","E","?","M","M","M","R","BOSS","M","$","?","M","M"],"items_purchased_type":["Card"],"build_version":"2020-12-22","purchased_purges":1,"victory":false,"max_hp_per_floor":[96,96,96,96,101,101,101,101,101,101,101,101,101,101,101,101,101,101,101,101,101,101,101,101,101,101],"card_choices":[{"not_picked":["Cleave","Warcry"],"picked":"Carnage","floor":1},{"not_picked":["Sever Soul","Reckless Charge"],"picked":"Flame Barrier","floor":3},{"not_picked":["Heavy Blade","Reckless Charge"],"picked":"True Grit","floor":7},{"not_picked":["Clash","Wild Strike"],"picked":"Cleave","floor":8},{"not_picked":["Iron Wave","Uppercut","Wild Strike"],"picked":"SKIP","floor":10},{"not_picked":["Fiend Fire","Thunderclap"],"picked":"Burning Pact","floor":13},{"not_picked":["Evolve","Cleave","Wild Strike"],"picked":"SKIP","floor":14},{"not_picked":["Cleave","True Grit"],"picked":"Shrug It Off","floor":15},{"not_picked":["Body Slam","Warcry","True Grit"],"picked":"SKIP","floor":16},{"not_picked":["Entrench","Havoc"],"picked":"Spot Weakness","floor":17},{"not_picked":["Demon Form","Barricade"],"picked":"Limit Break","floor":19},{"not_picked":["Rampage","Shrug It Off","Burning Pact"],"picked":"SKIP","floor":21},{"not_picked":["Clothesline","Armaments"],"picked":"Feed","floor":23},{"not_picked":["Entrench","True Grit"],"picked":"Inflame","floor":24}],"player_experience":860549,"relics_obtained":[{"floor":7,"key":"Blue Candle"},{"floor":11,"key":"Shuriken"},{"floor":13,"key":"Magic Flower"},{"floor":20,"key":"Anchor"},{"floor":20,"key":"Ornamental Fan"},{"floor":20,"key":"WingedGreaves"}],"event_choices":[{"damage_healed":0,"gold_gain":0,"player_choice":"Upgraded","damage_taken":0,"max_hp_gain":0,"max_hp_loss":0,"event_name":"Upgrade Shrine","floor":2,"gold_loss":0,"cards_upgraded":["Carnage"]},{"damage_healed":0,"gold_gain":0,"player_choice":"Donut","damage_taken":0,"max_hp_gain":5,"max_hp_loss":0,"event_name":"Big Fish","floor":5,"gold_loss":0},{"damage_healed":0,"gold_gain":0,"cards_transformed":["Strike_R"],"player_choice":"Transformed","damage_taken":0,"max_hp_gain":0,"max_hp_loss":0,"event_name":"Transmorgrifier","floor":6,"gold_loss":0,"cards_obtained":["Shrug It Off"]}],"is_beta":false,"boss_relics":[{"not_picked":["Cursed Key","Tiny House"],"picked":"Calling Bell"}],"items_purged_floors":[22],"is_endless":false,"potions_floor_spawned":[1,7,13,14,19,21],"killed_by":"Snake Plant","ascension_level":12}}