{"host":"51qmnr9isyv85d0p","time":1613480590,"event":{"mods":["AchievementEnabler","BaseMod","Colored Map","Colored Powertips","Curses Come First","Downfall","Minty Spire (QoL Compilation)","Red Circlet Mod","Relic Stats","Replay The Spire","StSLib","TestMod"],"gold_per_floor":[114,114,43138,43138,43149,43162,43195,43195,43195,42089,42121,42138,42152,42171,42171,42275,42275,42288,42288,41388,41406,40992,41028,40507,40554,40606,40606,40606,40629,40655,40655,40655,40668,40668,40769,40769,40786,40800,40416,40468,40511,40511,40511,40511,40535,40606,40655,40695,40259,40315,40315,40354],"floor_reached":53,"language":"ZHS","playtime":2775,"items_purged":["Regret","Defend_R","Defend_R","Defend_R","Strike_R","Strike_R","Enlightenment+1"],"score":959,"play_id":"496f0dde-1b93-4512-b08f-4df131970b00","local_time":"20210216210310","is_ascension_mode":false,"campfire_choices":[{"data":"Armaments","floor":8,"key":"SMITH"},{"data":"Infernal Blade","floor":15,"key":"SMITH"},{"data":"testmod-Mystery","floor":31,"key":"SMITH"},{"data":"Rupture","floor":34,"key":"SMITH"},{"data":"Double Tap","floor":42,"key":"SMITH"},{"data":"Hemokinesis","floor":43,"key":"SMITH"},{"data":"Hemokinesis","floor":44,"key":"SMITH"},{"data":"Rampage","floor":51,"key":"SMITH"}],"circlet_count":0,"master_deck":["Bash","ReplayTheSpireMod:Muscle Training","Rage","Metallicize","Warcry","Armaments+1","Warcry+1","Infernal Blade+1","Double Tap+1","Inflame+1","Dropkick+1","Deep Breath+1","Shrug It Off","Rage+1","Disarm+1","ReplayTheSpireMod:Muscle Training+1","Rampage+1","Offering+1","Bloodletting+1","Rupture+1","Hemokinesis+1","Warcry+1","Brutality","testmod-Mystery+1","Warcry+1","Infernal Blade+1","Hemokinesis+1","Swift Strike","Seeing Red+1"],"relics":["Burning Blood","testmod-TestBox","testmod-Fanaticism","Replay:Bottled Steam","Toy Ornithopter","Calipers","Centennial Puzzle","testmod-InfectionSource","testmod-AssaultLearning","Peace Pipe","Cauldron","Toxic Egg 2","testmod-Temperance","Incense Burner","Divine Protection","Membership Card","testmod-TurbochargingSystem","testmod-TheFather","champ:Barbells","Juzu Bracelet","WingedGreaves","Ice Cream","testmod-Register","ReplayTheSpireMod:Ninjato","Nunchaku","testmod-CasingShield","Gambling Chip","testmod-SaigiyounoYou","Replay:Bandana","testmod-CrystalShield","ReplayTheSpireMod:ShopPack","Lantern","Chameleon Ring","Replay:Wax Seal","Strange Spoon","Sundial"],"acts_visited":["Exordium","TheCity","TheBeyond"],"potions_floor_usage":[7,7,11,11,16,49,52,52],"damage_taken":[{"damage":2,"enemies":"2 Louse","floor":1,"turns":2},{"damage":9,"enemies":"Jaw Worm","floor":5,"turns":2},{"damage":2,"enemies":"Small Slimes","floor":6,"turns":3},{"damage":15,"enemies":"3 Sentries","floor":7,"turns":6},{"damage":25,"enemies":"Lagavulin","floor":11,"turns":4},{"damage":41,"enemies":"Exordium Thugs","floor":12,"turns":4},{"damage":13,"enemies":"Lots of Slimes","floor":13,"turns":4},{"damage":3,"enemies":"2 Fungi Beasts","floor":14,"turns":3},{"damage":1,"enemies":"The Guardian","floor":16,"turns":4},{"damage":22,"enemies":"3 Byrds","floor":18,"turns":4},{"damage":4,"enemies":"Shell Parasite","floor":21,"turns":2},{"damage":17,"enemies":"Book of Stabbing","floor":23,"turns":3},{"damage":33,"enemies":"Slavers","floor":25,"turns":4},{"damage":0,"enemies":"3 Cultists","floor":29,"turns":4},{"damage":5,"enemies":"Replay:Snechameleon","floor":30,"turns":2},{"damage":6,"enemies":"Cultist and Chosen","floor":33,"turns":2},{"damage":0,"enemies":"Collector","floor":35,"turns":3},{"damage":29,"enemies":"3 Darklings","floor":37,"turns":3},{"damage":1,"enemies":"Orb Walker","floor":38,"turns":2},{"damage":29,"enemies":"Writhing Mass","floor":40,"turns":2},{"damage":0,"enemies":"Sphere and 2 Shapes","floor":41,"turns":2},{"damage":13,"enemies":"Transient","floor":46,"turns":3},{"damage":5,"enemies":"Writhing Mass","floor":47,"turns":1},{"damage":4,"enemies":"3 Darklings","floor":48,"turns":2},{"damage":0,"enemies":"R_Hoarder","floor":50,"turns":3},{"damage":40,"enemies":"Awakened One","floor":52,"turns":4}],"seed_played":"-4179663615379208796","potions_obtained":[{"floor":6,"key":"Ancient Potion"},{"floor":10,"key":"HeartOfIron"},{"floor":10,"key":"LiquidBronze"},{"floor":11,"key":"Languid Potion"},{"floor":14,"key":"Fire Potion"},{"floor":16,"key":"SteroidPotion"},{"floor":19,"key":"Dexterity Potion"}],"is_trial":false,"path_per_floor":["M","?","$","?","M","M","E","R","T","$","E","M","M","M","R_BF","B",null,"M","?","$","M","$","E","$","E","T","PTL","PTL","M","E","R","?","M","R","B",null,"M","M","$","M","M","R","R","R","T","M","M","M","$","E","R","B",null],"character_chosen":"IRONCLAD","items_purchased":["Rage","Metallicize","Warcry","Toy Ornithopter","Calipers","Fire Potion","LifebloodPotion","ElixirPotion","testmod-AssaultLearning","Peace Pipe","Cauldron","Double Tap","Inflame","Dropkick","Deep Breath","Shrug It Off","Incense Burner","Divine Protection","Membership Card","Rupture","Hemokinesis","Warcry+1","Eclipse+1","testmod-TurbochargingSystem","testmod-TheFather","champ:Barbells","Enlightenment+1","WingedGreaves","Ice Cream","testmod-Register","testmod-Mystery","Replay:Bandana","testmod-CrystalShield","ReplayTheSpireMod:ShopPack","Chameleon Ring","Replay:Wax Seal","Strange Spoon","testmod-SpacePotion","GamblersBrew","champ:CounterPotion"],"campfire_rested":0,"item_purchase_floors":[3,3,3,3,3,3,3,3,10,10,10,10,10,10,10,10,20,20,20,20,20,20,20,22,22,22,22,24,24,24,24,39,39,39,49,49,49,49,49,49],"current_hp_per_floor":[88,88,88,81,83,87,88,88,88,88,88,88,88,88,88,88,88,88,88,88,88,88,88,88,88,88,88,88,88,88,88,88,88,88,88,88,88,88,88,88,88,88,88,88,88,88,88,88,88,88,88,88],"gold":40354,"neow_bonus":"TEN_PERCENT_HP_BONUS","is_daily":false,"chose_seed":false,"campfire_upgraded":8,"win_rate":0.0,"timestamp":1613480590,"path_taken":["M","?","$","?","M","M","E","R","T","$","E","M","M","M","R_BF","BOSS","M","?","?","M","$","E","$","E","T","PTL","PTL","M","E","R","?","M","R","BOSS","M","M","$","M","M","R","R","R","T","M","M","M","$","E","R","BOSS"],"items_purchased_type":["Card","Card","Card","Relic","Relic","Potion","Potion","Potion","Relic","Relic","Relic","Card","Card","Card","Card","Card","Relic","Relic","Relic","Card","Card","Card","Card","Relic","Relic","Relic","Card","Relic","Relic","Relic","Card","Relic","Relic","Relic","Relic","Relic","Relic","Potion","Potion","Potion"],"build_version":"2020-12-22","purchased_purges":7,"victory":true,"max_hp_per_floor":[88,88,88,88,88,88,88,88,88,88,88,88,88,88,88,88,88,88,88,88,88,88,88,88,88,88,88,88,88,88,88,88,88,88,88,88,88,88,88,88,88,88,88,88,88,88,88,88,88,88,88,88],"relic_stats":{"Peace Pipe":0,"Strange Spoon":[7],"Centennial Puzzle":[53],"Nunchaku":[11],"counters":[26,78],"Sundial":[2],"Gambling Chip":[13],"Juzu Bracelet":1,"obtain_stats":[{"Ice Cream":24,"Divine Protection":20,"Lantern":45,"Calipers":3,"testmod-Temperance":17,"Incense Burner":20,"Juzu Bracelet":23,"Burning Blood":0,"testmod-CasingShield":30,"testmod-Fanaticism":0,"Centennial Puzzle":7,"Nunchaku":26,"Replay:Bandana":39,"testmod-CrystalShield":39,"Chameleon Ring":49,"Sundial":50,"Gambling Chip":32,"testmod-TheFather":22,"WingedGreaves":24,"testmod-InfectionSource":9,"Toxic Egg 2":11,"Replay:Wax Seal":49,"Replay:Bottled Steam":2,"champ:Barbells":22,"testmod-TestBox":0,"ReplayTheSpireMod:Ninjato":25,"testmod-Register":24,"testmod-TurbochargingSystem":22,"testmod-SaigiyounoYou":36,"Peace Pipe":10,"Cauldron":10,"Strange Spoon":49,"testmod-AssaultLearning":10,"Membership Card":20,"Toy Ornithopter":3,"ReplayTheSpireMod:ShopPack":39},{"Ice Cream":12,"Divine Protection":10,"Lantern":21,"Calipers":1,"testmod-Temperance":9,"Incense Burner":10,"Juzu Bracelet":12,"Burning Blood":0,"testmod-CasingShield":15,"testmod-Fanaticism":0,"Centennial Puzzle":4,"Nunchaku":13,"Replay:Bandana":19,"testmod-CrystalShield":19,"Chameleon Ring":24,"Sundial":25,"Gambling Chip":15,"testmod-TheFather":11,"WingedGreaves":12,"testmod-InfectionSource":4,"Toxic Egg 2":5,"Replay:Wax Seal":24,"Replay:Bottled Steam":1,"champ:Barbells":11,"testmod-TestBox":0,"ReplayTheSpireMod:Ninjato":13,"testmod-Register":12,"testmod-TurbochargingSystem":11,"testmod-SaigiyounoYou":17,"Peace Pipe":4,"Cauldron":4,"Strange Spoon":24,"testmod-AssaultLearning":4,"Membership Card":10,"Toy Ornithopter":1,"ReplayTheSpireMod:ShopPack":19},{"Ice Cream":41,"Divine Protection":36,"Lantern":65,"Calipers":2,"testmod-Temperance":32,"Incense Burner":36,"Juzu Bracelet":41,"Burning Blood":0,"testmod-CasingShield":51,"testmod-Fanaticism":0,"Centennial Puzzle":13,"Nunchaku":45,"Replay:Bandana":61,"testmod-CrystalShield":61,"Chameleon Ring":71,"Sundial":74,"Gambling Chip":51,"testmod-TheFather":38,"WingedGreaves":41,"testmod-InfectionSource":13,"Toxic Egg 2":17,"Replay:Wax Seal":71,"Replay:Bottled Steam":2,"champ:Barbells":38,"testmod-TestBox":0,"ReplayTheSpireMod:Ninjato":45,"testmod-Register":41,"testmod-TurbochargingSystem":38,"testmod-SaigiyounoYou":56,"Peace Pipe":13,"Cauldron":13,"Strange Spoon":71,"testmod-AssaultLearning":13,"Membership Card":36,"Toy Ornithopter":2,"ReplayTheSpireMod:ShopPack":61}],"Burning Blood":20,"Toy Ornithopter":2},"card_choices":[{"not_picked":["Replay:Undeath\u0027s Touch","Armaments"],"picked":"ReplayTheSpireMod:Muscle Training","floor":1},{"not_picked":["Cleave","Iron Wave"],"picked":"Armaments","floor":5},{"not_picked":["Cleave","Iron Wave"],"picked":"Warcry","floor":6},{"not_picked":["Run Through","Carnage"],"picked":"Infernal Blade","floor":7},{"not_picked":["Shrug It Off+1","Clash"],"picked":"Rage+1","floor":11},{"not_picked":["Brutality","Warcry+1"],"picked":"Disarm+1","floor":12},{"not_picked":["Shrug It Off+1","Battle Trance+1"],"picked":"ReplayTheSpireMod:Muscle Training+1","floor":13},{"not_picked":["Hemokinesis","Life Link"],"picked":"Rampage","floor":14},{"not_picked":["Barricade","Double Tap+1"],"picked":"Offering+1","floor":16},{"not_picked":["Iron Wave+1","True Grit+1"],"picked":"Bloodletting+1","floor":18},{"not_picked":["Clash+1","Sever Soul","Cleave"],"picked":"SKIP","floor":21},{"not_picked":["Double Tap+1","Shrug It Off+1"],"picked":"Brutality","floor":23},{"not_picked":["Cleave","Thunderclap"],"picked":"Warcry+1","floor":25},{"not_picked":["Abandon+1","Dual Wield+1"],"picked":"Infernal Blade+1","floor":29},{"not_picked":["Sever Soul+1","Shockwave+1"],"picked":"Hemokinesis","floor":30},{"not_picked":["Defy Death+1","Pommel Strike","Cleave"],"picked":"SKIP","floor":33},{"not_picked":["Headbutt","Perfected Strike","Flame Barrier+1"],"picked":"SKIP","floor":37},{"not_picked":["Flex+1","Warcry+1","Sword Boomerang+1"],"picked":"SKIP","floor":38},{"not_picked":["testmod-PulseDistributor","Sadistic Nature"],"picked":"Swift Strike","floor":39},{"not_picked":["Warcry+1","Replay:Undeath\u0027s Touch+1","Headbutt"],"picked":"SKIP","floor":40},{"not_picked":["Rampage+1","Defy Death+1","Double Tap+1"],"picked":"SKIP","floor":41},{"not_picked":["Perfected Strike","Metallicize","Sword Boomerang"],"picked":"SKIP","floor":46},{"not_picked":["Shrug It Off+1","Dark Embrace+1","ReplayReversal+1"],"picked":"SKIP","floor":47},{"not_picked":["Clothesline","Pommel Strike"],"picked":"Seeing Red+1","floor":48},{"not_picked":["Iron Wave","Whirlwind+1","Demonic Infusion+1"],"picked":"SKIP","floor":50}],"player_experience":92364,"relics_obtained":[{"floor":7,"key":"Centennial Puzzle"},{"floor":9,"key":"testmod-InfectionSource"},{"floor":11,"key":"Toxic Egg 2"},{"floor":23,"key":"Juzu Bracelet"},{"floor":25,"key":"ReplayTheSpireMod:Ninjato"},{"floor":26,"key":"Nunchaku"},{"floor":30,"key":"testmod-CasingShield"},{"floor":45,"key":"Lantern"},{"floor":50,"key":"Sundial"}],"event_choices":[{"damage_healed":0,"gold_gain":0,"player_choice":"Box","damage_taken":0,"relics_obtained":["Replay:Bottled Steam"],"max_hp_gain":0,"max_hp_loss":0,"event_name":"Big Fish","floor":2,"gold_loss":0,"cards_obtained":["Regret"]},{"cards_removed":["Strike_R"],"damage_healed":0,"gold_gain":0,"player_choice":"Card Removal","damage_taken":7,"max_hp_gain":0,"max_hp_loss":0,"event_name":"Golden Wing","floor":4,"gold_loss":0},{"damage_healed":0,"gold_gain":0,"player_choice":"Got Potions","damage_taken":0,"max_hp_gain":0,"max_hp_loss":0,"event_name":"Lab","floor":19,"gold_loss":0}],"is_beta":false,"boss_relics":[{"not_picked":["Honey Jar","testmod-BatchProcessingSystem"],"picked":"testmod-Temperance"},{"not_picked":["testmod-GoldenSoul","testmod-StringDisintegrator"],"picked":"testmod-SaigiyounoYou"}],"items_purged_floors":[3,10,20,22,24,39,49],"is_endless":false,"potions_floor_spawned":[6,11,14,16,21,23,30,33,35,37,41,48,50],"ascension_level":0}}