{"host":"rw1trt79hfpl7pom","time":1613507067,"event":{"mods":["BaseMod","Bestiary","Colored Map","Jorbs\u0027s Wanderer Trilogy","Minty Spire (QoL Compilation)","Relic Stats","StSLib","SuperFastMode"],"gold_per_floor":[111,111,131,141,141,168,168,199,245,245,271,271,29,41,41,116,116,130,160,85,108,108,146,176,214,292,292,371,409,442,542,542,615,615,640,465,515,231,254,254,290,290,339,389,434,507,546,594,594,594,594,594,594,11,37,37,37],"floor_reached":56,"language":"ENG","playtime":9007,"items_purged":["stsjorbsmod:Strike_Wanderer","stsjorbsmod:Strike_Wanderer"],"score":2276,"play_id":"98915306-53df-440c-8ce7-0bdb83e60b2e","local_time":"20210216122427","is_ascension_mode":true,"campfire_choices":[{"data":"stsjorbsmod:DisguiseSelf","floor":7.0,"key":"SMITH"},{"floor":10.0,"key":"REST"},{"data":"stsjorbsmod:Firebolt","floor":12.0,"key":"SMITH"},{"data":"stsjorbsmod:ScorchingRay","floor":15.0,"key":"SMITH"},{"data":"stsjorbsmod:IvoryTower","floor":27.0,"key":"SMITH"},{"data":"stsjorbsmod:RefuseToForget","floor":32.0,"key":"SMITH"},{"data":"stsjorbsmod:MirrorImage","floor":40.0,"key":"SMITH"},{"data":"stsjorbsmod:GatherPower","floor":42.0,"key":"SMITH"},{"floor":49.0,"key":"RECALL"},{"floor":53,"key":"REST"}],"circlet_count":0,"master_deck":["AscendersBane","stsjorbsmod:ForbiddenGrimoire+1","stsjorbsmod:Defend_Wanderer","stsjorbsmod:Defend_Wanderer","stsjorbsmod:Defend_Wanderer","stsjorbsmod:FreshAdventure","stsjorbsmod:EyeOfTheStorm+1","stsjorbsmod:Feast","stsjorbsmod:ParryingBlow","stsjorbsmod:Firebolt+1","stsjorbsmod:FindFamiliar","stsjorbsmod:DisguiseSelf+1","stsjorbsmod:MistyStep+1","stsjorbsmod:RefuseToForget+1","stsjorbsmod:Withdraw","stsjorbsmod:FaerieFire","stsjorbsmod:ScorchingRay+1","stsjorbsmod:IvoryTower+1","stsjorbsmod:LocateObject","stsjorbsmod:Channel","stsjorbsmod:Firebolt+1","stsjorbsmod:TinyHut","stsjorbsmod:Hibernate","stsjorbsmod:Mending","stsjorbsmod:Banish","stsjorbsmod:Firebolt","stsjorbsmod:GatherPower+1","stsjorbsmod:FranticSearch","stsjorbsmod:MirrorImage+1","stsjorbsmod:IvoryTower+1","stsjorbsmod:WeightOfMemory","stsjorbsmod:ScorchingRay","stsjorbsmod:Introspection","stsjorbsmod:Message","stsjorbsmod:BookOfTongues","Mayhem"],"relics":["stsjorbsmod:GrimoireRelic","StrikeDummy","Omamori","Lantern","Ancient Tea Set","Frozen Eye","Cursed Key","SsserpentHead","Ginger","Boot","Mercury Hourglass","Singing Bowl","SlaversCollar","Bag of Preparation","DollysMirror","Oddly Smooth Stone","Art of War","Centennial Puzzle","Pen Nib","TheAbacus","Happy Flower"],"acts_visited":["Exordium","TheCity","TheBeyond","TheEnding"],"potions_floor_usage":[51,51,56,56],"damage_taken":[{"damage":0.0,"enemies":"2 Louse","floor":1.0,"turns":4.0},{"damage":1.0,"enemies":"Cultist","floor":3.0,"turns":4.0},{"damage":5.0,"enemies":"Small Slimes","floor":4.0,"turns":5.0},{"damage":31.0,"enemies":"3 Sentries","floor":6.0,"turns":8.0},{"damage":34.0,"enemies":"Gremlin Nob","floor":8.0,"turns":4.0},{"damage":11.0,"enemies":"3 Sentries","floor":11.0,"turns":7.0},{"damage":3.0,"enemies":"Blue Slaver","floor":14.0,"turns":3.0},{"damage":25.0,"enemies":"The Guardian","floor":16.0,"turns":10.0},{"damage":12.0,"enemies":"3 Byrds","floor":18.0,"turns":6.0},{"damage":10.0,"enemies":"Chosen","floor":19.0,"turns":4.0},{"damage":2.0,"enemies":"Sentry and Sphere","floor":21.0,"turns":6.0},{"damage":3.0,"enemies":"Book of Stabbing","floor":23.0,"turns":5.0},{"damage":2.0,"enemies":"Snake Plant","floor":24.0,"turns":4.0},{"damage":0.0,"enemies":"Gremlin Leader","floor":25.0,"turns":7.0},{"damage":3.0,"enemies":"Snecko","floor":28.0,"turns":4.0},{"damage":0.0,"enemies":"Centurion and Healer","floor":29.0,"turns":6.0},{"damage":33.0,"enemies":"Book of Stabbing","floor":30.0,"turns":7.0},{"damage":40.0,"enemies":"Collector","floor":33.0,"turns":9.0},{"damage":24.0,"enemies":"3 Darklings","floor":35.0,"turns":6.0},{"damage":0.0,"enemies":"3 Shapes","floor":39.0,"turns":5.0},{"damage":1.0,"enemies":"Nemesis","floor":41.0,"turns":5.0},{"damage":0.0,"enemies":"Giant Head","floor":45.0,"turns":5.0},{"damage":7.0,"enemies":"3 Darklings","floor":46.0,"turns":5.0},{"damage":6.0,"enemies":"Reptomancer","floor":47.0,"turns":6.0},{"damage":17.0,"enemies":"Sphere and 2 Shapes","floor":48.0,"turns":7.0},{"damage":67.0,"enemies":"Donu and Deca","floor":50.0,"turns":9.0},{"damage":45,"enemies":"Awakened One","floor":51,"turns":16},{"damage":16,"enemies":"Shield and Spear","floor":55,"turns":9},{"damage":118,"enemies":"The Heart","floor":56,"turns":8}],"seed_played":"-3185654108401717350","potions_obtained":[{"floor":8.0,"key":"DuplicationPotion"},{"floor":11.0,"key":"stsjorbsmod:DimensionDoorPotion"},{"floor":28.0,"key":"EssenceOfSteel"},{"floor":33.0,"key":"stsjorbsmod:LiquidVirtue"},{"floor":39.0,"key":"SpeedPotion"},{"floor":55,"key":"DistilledChaos"}],"is_trial":false,"path_per_floor":["M","?","M","M","?","E","R","E","T","R","E","R","$","M","R","B",null,"M","M","$","M","?","E","M","E","T","R","M","M","E","?","R","B",null,"M","$","?","$","M","R","E","R","T","?","E","M","E","M","R","B","B",null,"R","$","E","B"],"character_chosen":"WANDERER","items_purchased":["Frozen Eye","stsjorbsmod:FaerieFire","stsjorbsmod:MirrorImage","Bag of Preparation","DollysMirror","Pen Nib","TheAbacus","ColorlessPotion","Mayhem"],"campfire_rested":2,"item_purchase_floors":[13,13,36,38,38,54,54,54,54],"current_hp_per_floor":[62,62,65,63,63,36,36,3,3,25,25,25,25,27,27,2,62,60,56,56,60,60,64,67,75,75,75,78,92,64,64,64,24,83,73,73,73,73,85,85,96,96,96,96,104,104,110,118,118,52,10,94,122,122,110,0,0],"gold":37,"neow_bonus":"ONE_RANDOM_RARE_CARD","is_daily":false,"chose_seed":false,"campfire_upgraded":7,"win_rate":0.0,"timestamp":1613507067,"path_taken":["M","?","M","?","?","E","R","E","T","R","E","R","$","M","R","BOSS","M","?","$","M","?","E","M","E","T","R","?","M","E","?","R","BOSS","M","$","?","?","M","R","E","R","T","?","E","?","E","M","R","BOSS","BOSS","R","$","E","BOSS"],"items_purchased_type":["Relic","Card","Card","Relic","Relic","Relic","Relic","Potion","Card"],"build_version":"2020-12-22","purchased_purges":2,"victory":false,"max_hp_per_floor":[66,66,68,70,70,74,74,74,74,74,80,80,80,82,82,82,82,88,90,90,90,90,92,94,96,96,96,98,102,102,102,102,102,102,104,104,104,104,110,110,112,112,112,112,112,114,116,122,122,122,122,122,122,122,124,124,124],"relic_stats":{"Singing Bowl":4,"Happy Flower":[2],"counters":[29,184],"Pen Nib":[2],"Bag of Preparation":[20],"Ginger":[16],"Cursed Key":2,"Boot":[26],"Mercury Hourglass":[393],"SsserpentHead":300,"Centennial Puzzle":[14],"TheAbacus":[30],"Art of War":[12],"obtain_stats":[{"Lantern":9,"Singing Bowl":30,"Happy Flower":55,"Oddly Smooth Stone":41,"stsjorbsmod:GrimoireRelic":0,"Pen Nib":54,"Omamori":8,"Bag of Preparation":38,"Ginger":23,"Ancient Tea Set":11,"Cursed Key":17,"Boot":25,"Mercury Hourglass":26,"Frozen Eye":13,"SsserpentHead":22,"SlaversCollar":34,"Centennial Puzzle":47,"TheAbacus":54,"DollysMirror":38,"Art of War":45,"StrikeDummy":6},{"Lantern":5,"Singing Bowl":17,"Happy Flower":28,"Oddly Smooth Stone":21,"stsjorbsmod:GrimoireRelic":0,"Pen Nib":27,"Omamori":5,"Bag of Preparation":19,"Ginger":12,"Ancient Tea Set":6,"Cursed Key":8,"Boot":14,"Mercury Hourglass":14,"Frozen Eye":6,"SsserpentHead":11,"SlaversCollar":18,"Centennial Puzzle":24,"TheAbacus":27,"DollysMirror":19,"Art of War":22,"StrikeDummy":4},{"Lantern":25,"Singing Bowl":94,"Happy Flower":176,"Oddly Smooth Stone":119,"stsjorbsmod:GrimoireRelic":0,"Pen Nib":167,"Omamori":25,"Bag of Preparation":109,"Ginger":66,"Ancient Tea Set":32,"Cursed Key":45,"Boot":77,"Mercury Hourglass":77,"Frozen Eye":32,"SsserpentHead":61,"SlaversCollar":103,"Centennial Puzzle":135,"TheAbacus":167,"DollysMirror":109,"Art of War":124,"StrikeDummy":21}]},"card_choices":[{"not_picked":["stsjorbsmod:BlackTentacles","stsjorbsmod:Counterspell"],"picked":"stsjorbsmod:ParryingBlow","floor":1.0},{"not_picked":["stsjorbsmod:Hurt","stsjorbsmod:FranticSearch"],"picked":"stsjorbsmod:FindFamiliar","floor":3.0},{"not_picked":["stsjorbsmod:Message","stsjorbsmod:BlackTentacles"],"picked":"stsjorbsmod:DisguiseSelf","floor":4.0},{"not_picked":["stsjorbsmod:FindFamiliar","stsjorbsmod:DisguiseSelf"],"picked":"stsjorbsmod:MistyStep","floor":6.0},{"not_picked":["stsjorbsmod:ThirstingSword","stsjorbsmod:Firebolt"],"picked":"stsjorbsmod:RefuseToForget","floor":8.0},{"not_picked":["stsjorbsmod:MistyStep","stsjorbsmod:BurningFlask"],"picked":"stsjorbsmod:Withdraw","floor":11.0},{"not_picked":["stsjorbsmod:Mindworm","stsjorbsmod:ParryingBlow"],"picked":"stsjorbsmod:ScorchingRay","floor":14.0},{"not_picked":["stsjorbsmod:CorrodingBarrier","stsjorbsmod:Banish"],"picked":"stsjorbsmod:IvoryTower","floor":16.0},{"not_picked":["stsjorbsmod:FlameWard","stsjorbsmod:ParryingBlow"],"picked":"stsjorbsmod:LocateObject","floor":18.0},{"not_picked":["stsjorbsmod:SmithingStrike","stsjorbsmod:WanderingMind"],"picked":"stsjorbsmod:Channel","floor":19.0},{"not_picked":["stsjorbsmod:WeightOfMemory","stsjorbsmod:DoubleCheck+1"],"picked":"stsjorbsmod:Firebolt+1","floor":21.0},{"not_picked":["stsjorbsmod:ArcaneWeapon","stsjorbsmod:SchoolsOfMagic","stsjorbsmod:TollTheDead"],"picked":"SKIP","floor":23.0},{"not_picked":["stsjorbsmod:FracturedMind","stsjorbsmod:ChatteringStrike"],"picked":"stsjorbsmod:TinyHut","floor":24.0},{"not_picked":["stsjorbsmod:WanderingMind","stsjorbsmod:Stalwart"],"picked":"stsjorbsmod:Hibernate","floor":25.0},{"not_picked":["stsjorbsmod:Materialize","stsjorbsmod:RayOfFrost"],"picked":"stsjorbsmod:Mending","floor":28.0},{"not_picked":["stsjorbsmod:Firebolt","stsjorbsmod:OldPocket"],"picked":"stsjorbsmod:Banish","floor":29.0},{"not_picked":["stsjorbsmod:SchoolsOfMagic","stsjorbsmod:FracturedMind"],"picked":"stsjorbsmod:Firebolt","floor":30.0},{"not_picked":["stsjorbsmod:Banish","stsjorbsmod:Trauma"],"picked":"stsjorbsmod:GatherPower","floor":33.0},{"not_picked":["stsjorbsmod:Index","stsjorbsmod:LocateObject"],"picked":"stsjorbsmod:FranticSearch","floor":35.0},{"not_picked":["stsjorbsmod:Prestidigitation","stsjorbsmod:DoubleCheck"],"picked":"stsjorbsmod:WeightOfMemory","floor":39.0},{"not_picked":["stsjorbsmod:TinyHut+1","stsjorbsmod:Mania"],"picked":"stsjorbsmod:ScorchingRay","floor":41.0},{"not_picked":["stsjorbsmod:Hurt","stsjorbsmod:Prepare"],"picked":"stsjorbsmod:Introspection","floor":45.0},{"not_picked":["stsjorbsmod:ArcaneWeapon","stsjorbsmod:FindFamiliar"],"picked":"stsjorbsmod:Message","floor":46.0},{"not_picked":["stsjorbsmod:BlackTentacles","stsjorbsmod:FlameWard"],"picked":"stsjorbsmod:BookOfTongues","floor":47.0},{"not_picked":["stsjorbsmod:ChatteringStrike+1","stsjorbsmod:FracturedMind","stsjorbsmod:Hurt"],"picked":"Singing Bowl","floor":48.0},{"not_picked":["stsjorbsmod:Hurt+1","stsjorbsmod:ChatteringStrike+1","stsjorbsmod:TinyHut"],"picked":"Singing Bowl","floor":55}],"player_experience":2754168,"relics_obtained":[{"floor":6.0,"key":"StrikeDummy"},{"floor":8.0,"key":"Omamori"},{"floor":9.0,"key":"Lantern"},{"floor":11.0,"key":"Ancient Tea Set"},{"floor":23.0,"key":"Ginger"},{"floor":25.0,"key":"Boot"},{"floor":26.0,"key":"Mercury Hourglass"},{"floor":30.0,"key":"Singing Bowl"},{"floor":41.0,"key":"Oddly Smooth Stone"},{"floor":45.0,"key":"Art of War"},{"floor":47.0,"key":"Centennial Puzzle"},{"floor":55,"key":"Happy Flower"}],"event_choices":[{"damage_healed":0.0,"max_hp_gain":0.0,"max_hp_loss":0.0,"gold_gain":0.0,"cards_transformed":["stsjorbsmod:Strike_Wanderer"],"event_name":"Transmorgrifier","player_choice":"Transformed","floor":2.0,"gold_loss":0.0,"damage_taken":0.0,"cards_obtained":["stsjorbsmod:Firebolt"]},{"cards_removed":["stsjorbsmod:Defend_Wanderer"],"damage_healed":0.0,"max_hp_gain":0.0,"max_hp_loss":0.0,"gold_gain":0.0,"event_name":"Bonfire Elementals","player_choice":"Offered Basic","floor":5.0,"gold_loss":0.0,"damage_taken":0.0},{"damage_healed":0.0,"max_hp_gain":0.0,"max_hp_loss":0.0,"gold_gain":0.0,"event_name":"FaceTrader","player_choice":"Trade","floor":22.0,"gold_loss":0.0,"damage_taken":0.0,"relics_obtained":["SsserpentHead"]},{"damage_healed":0.0,"max_hp_gain":0.0,"max_hp_loss":0.0,"gold_gain":50.0,"event_name":"Golden Shrine","player_choice":"Pray","floor":31.0,"gold_loss":0.0,"damage_taken":0.0},{"damage_healed":0.0,"max_hp_gain":0.0,"max_hp_loss":0.0,"gold_gain":0.0,"event_name":"SecretPortal","player_choice":"Ignored","floor":37.0,"gold_loss":0.0,"damage_taken":0.0},{"cards_removed":["stsjorbsmod:Strike_Wanderer"],"damage_healed":0.0,"max_hp_gain":0.0,"max_hp_loss":0.0,"gold_gain":0.0,"event_name":"Falling","player_choice":"Removed Attack","floor":44.0,"gold_loss":0.0,"damage_taken":0.0}],"is_beta":false,"boss_relics":[{"not_picked":["Runic Dome","Black Star"],"picked":"Cursed Key"},{"not_picked":["Velvet Choker","Calling Bell"],"picked":"SlaversCollar"}],"items_purged_floors":[20,36],"is_endless":false,"potions_floor_spawned":[8,11,14,16,18,21,23,28,33,39,45,46,55],"killed_by":"The Heart","ascension_level":20}}