{"host":"g7sxcfouz24f0psv","time":1613490889,"event":{"mods":["BaseMod","Hermit","Minty Spire (QoL Compilation)","StSLib","The Cursed"],"gold_per_floor":[365,381,398,398,417,461,461,431,431,461,479,479,479,497,497,627,627,627,627,627,3,3,3,3,3,3,3,3,3,3,3,3,3,3,3,3,3,3,3,3,3,3,3,3,3,3,3,3,3,3,3,3,3,3,3,3],"floor_reached":55,"language":"ENG","playtime":5657,"items_purged":[],"score":872,"play_id":"677b4491-d6ee-4fb7-9cbb-1abbb373b523","local_time":"20210216165449","is_ascension_mode":false,"campfire_choices":[{"data":"Infinite Blades","floor":7,"key":"SMITH"},{"data":"Cloak And Dagger","floor":13,"key":"SMITH"},{"floor":15,"key":"REST"},{"floor":27,"key":"REST"},{"data":"Infinite Blades","floor":32,"key":"SMITH"},{"floor":47,"key":"RECALL"},{"data":"After Image","floor":49,"key":"SMITH"},{"data":"A Thousand Cuts","floor":52,"key":"SMITH"}],"circlet_count":0,"master_deck":["Strike_G","Strike_G","Strike_G","Strike_G","Strike_G","Defend_G","Defend_G","Defend_G","Defend_G","Defend_G+1","Survivor+1","Neutralize","Cloak And Dagger+1","Cloak And Dagger","Footwork","Well Laid Plans","Infinite Blades+1","Finisher","Dagger Throw","A Thousand Cuts+1","Slice","Cloak And Dagger","Finisher","Infinite Blades+1","Deflect+1","Backflip","Deflect","Blade Dance+1","A Thousand Cuts","Venomology","Backflip+1","Blur+1","After Image+1","Blade Dance","Deflect+1","Burst"],"relics":["Ring of the Snake","Golden Idol","War Paint","PreservedInsect","Shuriken","Ectoplasm","Mango","Eternal Feather","Pear","Matryoshka","Bag of Preparation","Bird Faced Urn","Cursed Key","Boot","Dream Catcher","Centennial Puzzle","Pen Nib","Strawberry"],"acts_visited":["Exordium","TheCity","TheBeyond","TheEnding"],"potions_floor_usage":[6,14,16,20,29,30,31,33,36,37,38,38,39,40,41,42,46,46,46,48,50,50,50,50,50,54,55],"damage_taken":[{"damage":0,"enemies":"Small Slimes","floor":1,"turns":5},{"damage":0,"enemies":"2 Louse","floor":2,"turns":3},{"damage":0,"enemies":"Cultist","floor":3,"turns":4},{"damage":0,"enemies":"Large Slime","floor":5,"turns":9},{"damage":1,"enemies":"Lagavulin","floor":6,"turns":16},{"damage":0,"enemies":"Looter","floor":8,"turns":4},{"damage":1,"enemies":"Blue Slaver","floor":11,"turns":4},{"damage":6,"enemies":"Exordium Thugs","floor":14,"turns":5},{"damage":0,"enemies":"The Guardian","floor":16,"turns":10},{"damage":6,"enemies":"Spheric Guardian","floor":18,"turns":4},{"damage":1,"enemies":"3 Byrds","floor":19,"turns":4},{"damage":4,"enemies":"3 Cultists","floor":20,"turns":5},{"damage":12,"enemies":"Centurion and Healer","floor":22,"turns":6},{"damage":11,"enemies":"Gremlin Leader","floor":23,"turns":5},{"damage":4,"enemies":"Snake Plant","floor":24,"turns":5},{"damage":0,"enemies":"Chosen and Byrds","floor":25,"turns":5},{"damage":11,"enemies":"Book of Stabbing","floor":29,"turns":5},{"damage":0,"enemies":"Cultist and Chosen","floor":30,"turns":4},{"damage":17,"enemies":"Slavers","floor":31,"turns":5},{"damage":21,"enemies":"Collector","floor":33,"turns":7},{"damage":3,"enemies":"Orb Walker","floor":35,"turns":3},{"damage":0,"enemies":"3 Darklings","floor":36,"turns":4},{"damage":9,"enemies":"Transient","floor":37,"turns":5},{"damage":0,"enemies":"Spire Growth","floor":38,"turns":4},{"damage":1,"enemies":"3 Darklings","floor":39,"turns":6},{"damage":9,"enemies":"Nemesis","floor":40,"turns":4},{"damage":13,"enemies":"Jaw Worm Horde","floor":41,"turns":4},{"damage":0,"enemies":"Giant Head","floor":42,"turns":4},{"damage":0,"enemies":"Maw","floor":46,"turns":6},{"damage":5,"enemies":"4 Shapes","floor":48,"turns":4},{"damage":39,"enemies":"Awakened One","floor":50,"turns":9},{"damage":32,"enemies":"Shield and Spear","floor":54,"turns":6},{"damage":72,"enemies":"The Heart","floor":55,"turns":3}],"seed_played":"-936409057715256775","potions_obtained":[{"floor":3,"key":"Dexterity Potion"},{"floor":12,"key":"EssenceOfSteel"},{"floor":12,"key":"DuplicationPotion"},{"floor":12,"key":"Swift Potion"},{"floor":14,"key":"Ancient Potion"},{"floor":16,"key":"BlessingOfTheForge"},{"floor":23,"key":"LiquidMemories"},{"floor":24,"key":"DuplicationPotion"},{"floor":25,"key":"CunningPotion"},{"floor":29,"key":"PowerPotion"},{"floor":33,"key":"Strength Potion"},{"floor":35,"key":"ColorlessPotion"},{"floor":39,"key":"EntropicBrew"},{"floor":46,"key":"DuplicationPotion"}],"is_trial":false,"path_per_floor":["M","M","M","?","M","E","R","M","T","?","M","?","R","M","R","B",null,"M","M","M","$","M","E","M","M","T","R","?","E","M","E","R","B",null,"M","M","M","M","M","E","M","E","T","?","?","M","R","M","R","B",null,"R","$","E","B"],"character_chosen":"THE_SILENT","items_purchased":["Cloak And Dagger","Finisher","Mango","Eternal Feather"],"campfire_rested":2,"item_purchase_floors":[21,21,21,21],"current_hp_per_floor":[63,63,63,48,48,47,47,47,47,47,46,46,46,40,58,58,63,57,56,52,66,54,53,49,49,49,87,87,76,76,59,74,66,87,84,87,80,87,87,80,79,87,87,83,83,83,83,83,83,56,83,83,83,62,0,0],"gold":3,"neow_bonus":"TWO_FIFTY_GOLD","is_daily":false,"chose_seed":false,"campfire_upgraded":5,"win_rate":0.0,"timestamp":1613490889,"path_taken":["M","M","M","?","M","E","R","M","T","?","M","?","R","M","R","BOSS","M","M","?","$","M","E","M","M","T","R","?","E","M","E","R","BOSS","M","M","M","M","M","E","M","E","T","?","?","M","R","M","R","BOSS","R","$","E","BOSS"],"items_purchased_type":["Card","Card","Relic","Relic"],"build_version":"2020-12-22","purchased_purges":0,"victory":false,"max_hp_per_floor":[63,63,63,63,63,63,63,63,63,63,63,63,63,63,63,63,63,63,63,63,77,77,87,87,87,87,87,87,87,87,87,87,87,87,87,87,87,87,87,87,87,87,87,83,83,83,83,83,83,83,83,83,83,90,90,90],"card_choices":[{"not_picked":["Bane","Dodge and Roll"],"picked":"Cloak And Dagger","floor":1},{"not_picked":["Leg Sweep","Noxious Fumes"],"picked":"Cloak And Dagger","floor":2},{"not_picked":["Bane","Tactician"],"picked":"Footwork","floor":3},{"not_picked":["Backstab","Skewer"],"picked":"Well Laid Plans","floor":5},{"not_picked":["Skewer","Glass Knife"],"picked":"Infinite Blades","floor":6},{"not_picked":["Acrobatics","Underhanded Strike"],"picked":"Finisher","floor":8},{"not_picked":["Heel Hook","Bane","Well Laid Plans"],"picked":"SKIP","floor":11},{"not_picked":["Predator","Reflex"],"picked":"Dagger Throw","floor":14},{"not_picked":["Corpse Explosion","Wraith Form v2"],"picked":"A Thousand Cuts","floor":16},{"not_picked":["Outmaneuver","Flying Knee","PiercingWail"],"picked":"SKIP","floor":18},{"not_picked":["Dash","Outmaneuver+1"],"picked":"Slice","floor":19},{"not_picked":["Quick Slash","PiercingWail","Riddle With Holes+1"],"picked":"SKIP","floor":20},{"not_picked":["Slice","Reflex"],"picked":"Infinite Blades","floor":22},{"not_picked":["Glass Knife","Bane"],"picked":"Deflect+1","floor":23},{"not_picked":["Underhanded Strike+1","Dash"],"picked":"Backflip","floor":24},{"not_picked":["Choke+1","Slice+1"],"picked":"Deflect","floor":25},{"not_picked":["Leg Sweep+1","Underhanded Strike"],"picked":"Blade Dance+1","floor":29},{"not_picked":["Endless Agony","Finisher","Night Terror"],"picked":"SKIP","floor":30},{"not_picked":["Finisher","Dagger Throw"],"picked":"A Thousand Cuts","floor":31},{"not_picked":["Glass Knife","Doppelganger"],"picked":"Venomology","floor":33},{"not_picked":["Deadly Poison+1","Dagger Spray","Sucker Punch+1"],"picked":"SKIP","floor":35},{"not_picked":["Riddle With Holes","Choke+1","Well Laid Plans+1"],"picked":"SKIP","floor":36},{"not_picked":["Bane+1","Blur"],"picked":"Backflip+1","floor":37},{"not_picked":["Predator","Reflex+1","Flechettes"],"picked":"SKIP","floor":38},{"not_picked":["Acrobatics","Corpse Explosion"],"picked":"Blur+1","floor":39},{"not_picked":["Malaise","Expertise"],"picked":"After Image","floor":40},{"not_picked":["Flying Knee","Sucker Punch+1"],"picked":"Blade Dance","floor":41},{"not_picked":["Dodge and Roll","Backflip+1"],"picked":"Deflect+1","floor":42},{"not_picked":["Riddle With Holes","Reflex","Flechettes"],"picked":"SKIP","floor":46},{"not_picked":["Deadly Poison+1","Tactician+1","All Out Attack"],"picked":"SKIP","floor":48},{"not_picked":["Dagger Throw","Poisoned Stab+1"],"picked":"Burst","floor":54}],"player_experience":59612,"relics_obtained":[{"floor":6,"key":"War Paint"},{"floor":9,"key":"PreservedInsect"},{"floor":23,"key":"Pear"},{"floor":29,"key":"Bag of Preparation"},{"floor":31,"key":"Bird Faced Urn"},{"floor":40,"key":"Boot"},{"floor":42,"key":"Dream Catcher"},{"floor":43,"key":"Centennial Puzzle"},{"floor":43,"key":"Pen Nib"},{"floor":54,"key":"Strawberry"}],"event_choices":[{"damage_healed":0,"gold_gain":0,"player_choice":"Take Damage","damage_taken":15,"relics_obtained":["Golden Idol"],"max_hp_gain":0,"max_hp_loss":0,"event_name":"Golden Idol","floor":4,"gold_loss":0},{"damage_healed":0,"gold_gain":30,"player_choice":"Searched \u00272\u0027 times","damage_taken":0,"relics_obtained":["Shuriken"],"max_hp_gain":0,"max_hp_loss":0,"event_name":"Dead Adventurer","floor":10,"gold_loss":0},{"damage_healed":0,"gold_gain":0,"player_choice":"Got Potions","damage_taken":0,"max_hp_gain":0,"max_hp_loss":0,"event_name":"Lab","floor":12,"gold_loss":0},{"damage_healed":0,"gold_gain":0,"player_choice":"Opened","damage_taken":0,"relics_obtained":["Matryoshka"],"max_hp_gain":0,"max_hp_loss":0,"event_name":"The Mausoleum","floor":28,"gold_loss":0},{"damage_healed":0,"gold_gain":0,"player_choice":"Max HP","damage_taken":0,"max_hp_gain":0,"max_hp_loss":4,"event_name":"Winding Halls","floor":44,"gold_loss":0},{"cards_removed":["Clumsy"],"damage_healed":0,"gold_gain":0,"player_choice":"Purged","damage_taken":0,"max_hp_gain":0,"max_hp_loss":0,"event_name":"Purifier","floor":45,"gold_loss":0}],"is_beta":false,"boss_relics":[{"not_picked":["Fusion Hammer","Philosopher\u0027s Stone"],"picked":"Ectoplasm"},{"not_picked":["Coffee Dripper","Runic Pyramid"],"picked":"Cursed Key"}],"items_purged_floors":[],"is_endless":false,"potions_floor_spawned":[3,14,16,19,23,24,25,29,33,35,36,39,41,46],"killed_by":"The Heart","ascension_level":0}}