{"host":"z0i2956snhkzdzmn","time":1613450910,"event":{"mods":["2.2 Compatiblity","Act Like it!","Arknights","BaseMod","Better Skull","Better Vampires","BetterRewards","Block Reminder","CatGirl Mod","Colored Powertips","Conspire","Curses Come First","Dota2Spire","GifTheSpireLib","GungeonMod","Highlight Path","Minty Spire (QoL Compilation)","Pale of the Ancients","Permanent Neow","Quick Restart","Rare Cards Sparkle","Relic Stats","Reliquary","StSLib","The Judge","The Marked","The Showman","TheBandit","Unceasing Turn Reminder","thorton"],"gold_per_floor":[110,121,139,152,170,170,205,215,215,231,78,78,78,78,78,78,78],"floor_reached":16,"language":"ENG","playtime":1140,"items_purged":[],"score":104,"play_id":"62693b46-bf3c-4fb2-8f43-7e01910a4dad","local_time":"20210215204830","is_ascension_mode":false,"campfire_choices":[{"floor":6,"key":"REST"},{"floor":13,"key":"REST"},{"floor":15,"key":"REST"}],"circlet_count":0,"master_deck":["theShowman:VanishingStrike","theShowman:VanishingStrike","theShowman:BasicStrike","theShowman:BasicStrike","theShowman:BasicDefend","theShowman:BasicDefend","theShowman:VanishingDefend","theShowman:VanishingDefend","theShowman:CardPickup52","theShowman:StageHook","theShowman:HatTrick","theShowman:SecondAct+1","theShowman:StrongArm","theShowman:BafflingShuffle","theShowman:WildFlourish","theShowman:SleeveAces","theShowman:NowYouSeeMe","theShowman:Presto"],"relics":["theShowman:ThirdTimeCharm","Toy Ornithopter","Orichalcum","Question Card","Dota2Spire:HandOfMidas"],"acts_visited":["Exordium"],"potions_floor_usage":[4,5],"damage_taken":[{"damage":2,"enemies":"Cultist","floor":1,"turns":6},{"damage":0,"enemies":"Small Slimes","floor":2,"turns":3},{"damage":3,"enemies":"ats:Genji","floor":3,"turns":6},{"damage":1,"enemies":"Blue Slaver","floor":4,"turns":5},{"damage":9,"enemies":"Large Slime","floor":5,"turns":8},{"damage":56,"enemies":"3 Sentries","floor":7,"turns":10},{"damage":7,"enemies":"Exordium Wildlife","floor":8,"turns":3},{"damage":5,"enemies":"Looter","floor":10,"turns":3},{"damage":52,"enemies":"Hexaghost","floor":16,"turns":11}],"seed_played":"1312885953782685437","potions_obtained":[{"floor":1,"key":"DemoMod:LeadSkinPotion"},{"floor":3,"key":"PowerPotion"},{"floor":8,"key":"DemoMod:LeadSkinPotion"},{"floor":10,"key":"FearPotion"}],"is_trial":false,"path_per_floor":["M","M","M","M","M","R","E","M","T","M","$","?","R","?","R","B"],"character_chosen":"THE_SHOWMAN","items_purchased":["Dota2Spire:HandOfMidas"],"campfire_rested":3,"item_purchase_floors":[11],"current_hp_per_floor":[73,73,70,74,70,75,19,12,12,7,7,7,29,29,51,0,0],"gold":78,"neow_bonus":"RANDOM_COMMON_RELIC","is_daily":false,"chose_seed":false,"campfire_upgraded":0,"win_rate":0.0,"timestamp":1613450910,"path_taken":["M","M","M","M","M","R","E","M","T","?","$","?","R","?","R","BOSS"],"items_purchased_type":["Relic"],"build_version":"2020-12-22","purchased_purges":0,"victory":false,"max_hp_per_floor":[75,75,75,75,75,75,75,75,75,75,75,75,75,75,75,75,75],"relic_stats":{"counters":[9,55],"Orichalcum":[18],"Question Card":2,"obtain_stats":[{"Dota2Spire:HandOfMidas":11,"theShowman:ThirdTimeCharm":0,"DemoMod:GlassGuonStoneRelic":1,"Orichalcum":7,"Question Card":9,"Toy Ornithopter":0},{"Dota2Spire:HandOfMidas":8,"theShowman:ThirdTimeCharm":0,"DemoMod:GlassGuonStoneRelic":1,"Orichalcum":6,"Question Card":7,"Toy Ornithopter":0},{"Dota2Spire:HandOfMidas":44,"theShowman:ThirdTimeCharm":0,"DemoMod:GlassGuonStoneRelic":6,"Orichalcum":38,"Question Card":41,"Toy Ornithopter":0}],"Toy Ornithopter":10},"card_choices":[{"not_picked":["theShowman:SleightedHand","theShowman:PocketSand"],"picked":"theShowman:HatTrick","floor":1},{"not_picked":["theShowman:ThrowingCards","theShowman:ExtraWideSleeves"],"picked":"theShowman:SecondAct","floor":2},{"not_picked":["theShowman:RaptMisdirection","theShowman:OpenTheCurtain"],"picked":"theShowman:StrongArm","floor":3},{"not_picked":["theShowman:NowYouDont","theShowman:SleeveStash"],"picked":"theShowman:BafflingShuffle","floor":4},{"not_picked":["theShowman:SleeveStash","theShowman:PocketSand"],"picked":"theShowman:WildFlourish","floor":5},{"not_picked":["theShowman:TroublingTrope","theShowman:RazzleDazzle"],"picked":"theShowman:SleeveAces","floor":7},{"not_picked":["theShowman:BafflingShuffle","theShowman:FlashyFlourish"],"picked":"theShowman:NowYouSeeMe","floor":8},{"not_picked":["theShowman:BafflingShuffle","theShowman:StrongArm","theShowman:Prestidigitation"],"picked":"theShowman:Presto","floor":10}],"player_experience":159845,"relics_obtained":[{"floor":7,"key":"Orichalcum"},{"floor":9,"key":"Question Card"}],"event_choices":[{"damage_healed":0,"gold_gain":0,"player_choice":"Disagree","damage_taken":0,"max_hp_gain":0,"max_hp_loss":0,"event_name":"conspire:LoneGhost","floor":12,"gold_loss":0},{"damage_healed":0,"gold_gain":0,"player_choice":"Grow","damage_taken":0,"max_hp_gain":0,"max_hp_loss":0,"event_name":"Living Wall","floor":14,"gold_loss":0,"cards_upgraded":["theShowman:SecondAct"]}],"is_beta":false,"boss_relics":[],"items_purged_floors":[],"is_endless":false,"potions_floor_spawned":[1,3,8,10],"killed_by":"Hexaghost","ascension_level":0}}