{"host":"89iuq2p5kwriuwfq","time":1613492788,"event":{"mods":["BaseMod","Curses Come First","Minty Spire (QoL Compilation)","Permanent Neow","StSLib"],"gold_per_floor":[113,133,153,170,189,189,219,219,219,219,219,249,249,264,264,359,359,379,479,499,499,513,513,513,513],"floor_reached":24,"language":"ENG","playtime":1308,"items_purged":[],"score":333,"play_id":"b8f9012b-7589-427a-a98f-f0bb1f568884","local_time":"20210216162628","is_ascension_mode":true,"campfire_choices":[{"data":"Searing Blow","floor":6.0,"key":"SMITH"},{"data":"Searing Blow+1","floor":8.0,"key":"SMITH"},{"data":"Searing Blow+2","floor":10.0,"key":"SMITH"},{"data":"Searing Blow+3","floor":15.0,"key":"SMITH"},{"data":"Searing Blow+4","floor":23.0,"key":"SMITH"}],"circlet_count":0,"master_deck":["AscendersBane","Strike_R+1","Strike_R+1","Strike_R+1","Strike_R+1","Defend_R+1","Defend_R+1","Bash","Sword Boomerang","Searing Blow+5","True Grit","Cleave","Bloodletting","Reaper","Shrug It Off+1","Seeing Red+1","Rupture","Armaments+1"],"relics":["Burning Blood","Unceasing Top","Toxic Egg 2","Red Skull","Empty Cage"],"acts_visited":["Exordium","TheCity"],"potions_floor_usage":[24],"damage_taken":[{"damage":4.0,"enemies":"Jaw Worm","floor":1.0,"turns":6.0},{"damage":8.0,"enemies":"2 Louse","floor":2.0,"turns":3.0},{"damage":1.0,"enemies":"Cultist","floor":3.0,"turns":3.0},{"damage":14.0,"enemies":"Exordium Thugs","floor":4.0,"turns":6.0},{"damage":2.0,"enemies":"3 Louse","floor":5.0,"turns":5.0},{"damage":44.0,"enemies":"Lagavulin","floor":7.0,"turns":6.0},{"damage":16.0,"enemies":"3 Sentries","floor":12.0,"turns":7.0},{"damage":7.0,"enemies":"Exordium Wildlife","floor":14.0,"turns":3.0},{"damage":28.0,"enemies":"Hexaghost","floor":16.0,"turns":10.0},{"damage":14.0,"enemies":"Spheric Guardian","floor":18.0,"turns":4.0},{"damage":21.0,"enemies":"3 Byrds","floor":20.0,"turns":4.0},{"damage":26.0,"enemies":"Snake Plant","floor":22.0,"turns":5.0},{"damage":52,"enemies":"Book of Stabbing","floor":24,"turns":4}],"seed_played":"-109831605574600183","potions_obtained":[{"floor":3.0,"key":"Energy Potion"},{"floor":4.0,"key":"LiquidBronze"},{"floor":7.0,"key":"GamblersBrew"},{"floor":12.0,"key":"FairyPotion"},{"floor":14.0,"key":"EssenceOfSteel"},{"floor":18.0,"key":"Ancient Potion"},{"floor":22.0,"key":"SpeedPotion"}],"is_trial":false,"path_per_floor":["M","M","M","M","M","R","E","R","T","R","?","E","?","M","R","B",null,"M","?","M","?","M","R","E"],"character_chosen":"IRONCLAD","items_purchased":[],"campfire_rested":0,"item_purchase_floors":[],"current_hp_per_floor":[74,72,77,69,73,73,35,35,35,35,19,9,9,18,18,30,68,64,64,59,59,44,44,0,0],"gold":513,"neow_bonus":"REMOVE_CARD","is_daily":false,"chose_seed":false,"campfire_upgraded":5,"win_rate":0.0,"timestamp":1613492788,"path_taken":["M","M","M","M","M","R","E","R","T","R","?","E","?","M","R","BOSS","M","?","?","?","M","R","E"],"items_purchased_type":[],"build_version":"2020-12-22","purchased_purges":0,"victory":false,"max_hp_per_floor":[80,80,80,80,80,80,80,80,80,80,80,80,80,80,80,80,80,80,80,80,80,80,80,80,80],"card_choices":[{"not_picked":["Wild Strike","Entrench"],"picked":"Sword Boomerang","floor":1.0},{"not_picked":["Burning Pact","Headbutt"],"picked":"Searing Blow","floor":2.0},{"not_picked":["Infernal Blade","Thunderclap"],"picked":"True Grit","floor":3.0},{"not_picked":["Perfected Strike","Wild Strike","Combust"],"picked":"SKIP","floor":4.0},{"not_picked":["Entrench","Juggernaut"],"picked":"Cleave","floor":5.0},{"not_picked":["Flame Barrier","Clash"],"picked":"Bloodletting","floor":7.0},{"not_picked":["Intimidate+1","Body Slam"],"picked":"Reaper","floor":12.0},{"not_picked":["Perfected Strike","Headbutt"],"picked":"Shrug It Off+1","floor":14.0},{"not_picked":["Searing Blow","Perfected Strike"],"picked":"Seeing Red+1","floor":18.0},{"not_picked":["Pummel","Whirlwind"],"picked":"Rupture","floor":20.0},{"not_picked":["Sword Boomerang","Pommel Strike+1"],"picked":"Armaments+1","floor":22.0}],"player_experience":697775,"relics_obtained":[{"floor":7.0,"key":"Unceasing Top"},{"floor":9.0,"key":"Toxic Egg 2"},{"floor":12.0,"key":"Red Skull"}],"event_choices":[{"damage_healed":0.0,"max_hp_gain":0.0,"max_hp_loss":0.0,"gold_gain":0.0,"event_name":"Shining Light","player_choice":"Entered Light","floor":11.0,"gold_loss":0.0,"damage_taken":16.0,"cards_upgraded":["Strike_R","Strike_R"]},{"damage_healed":0.0,"max_hp_gain":0.0,"max_hp_loss":0.0,"gold_gain":0.0,"event_name":"Liars Game","player_choice":"Ignored","floor":13.0,"gold_loss":0.0,"damage_taken":0.0},{"damage_healed":0.0,"max_hp_gain":0.0,"max_hp_loss":0.0,"gold_gain":100.0,"event_name":"Golden Shrine","player_choice":"Pray","floor":19.0,"gold_loss":0.0,"damage_taken":0.0},{"damage_healed":0.0,"max_hp_gain":0.0,"max_hp_loss":0.0,"gold_gain":0.0,"event_name":"Back to Basics","player_choice":"Simplicity","floor":21.0,"gold_loss":0.0,"damage_taken":0.0,"cards_upgraded":["Strike_R","Strike_R","Defend_R","Defend_R"]}],"is_beta":false,"boss_relics":[{"not_picked":["Snecko Eye","Runic Cube"],"picked":"Empty Cage"}],"items_purged_floors":[],"is_endless":false,"potions_floor_spawned":[3,4,7,12,14,18,22],"killed_by":"Book of Stabbing","ascension_level":12}}