{"host":"0ucmu30xnqs1j0i5","time":1613483985,"event":{"mods":["AchievementEnabler","BaseMod","Colored Map","Colored Powertips","Minty Spire (QoL Compilation)","Quick Restart"],"gold_per_floor":[110,130,145,155,171,171,181,181,181,256,181,181,181],"floor_reached":12,"language":"ZHS","playtime":773,"items_purged":["Bash"],"score":72,"play_id":"6d385ab2-b45f-481c-98d8-dd535e775fcb","local_time":"20210216215945","is_ascension_mode":false,"campfire_choices":[{"data":"Body Slam","floor":6,"key":"SMITH"},{"data":"Warcry","floor":8,"key":"SMITH"}],"circlet_count":0,"master_deck":["Strike_R","Strike_R","Strike_R","Strike_R","Strike_R","Defend_R","Defend_R","Defend_R","Defend_R","Cleave","Whirlwind","Body Slam+1","Shrug It Off","Armaments","Warcry+1"],"relics":["Burning Blood","Unceasing Top"],"acts_visited":["Exordium"],"potions_floor_usage":[],"damage_taken":[{"damage":0,"enemies":"Small Slimes","floor":1,"turns":3},{"damage":0,"enemies":"2 Louse","floor":2,"turns":3},{"damage":15,"enemies":"Cultist","floor":3,"turns":4},{"damage":5,"enemies":"3 Louse","floor":4,"turns":2},{"damage":12,"enemies":"Exordium Wildlife","floor":5,"turns":6},{"damage":0,"enemies":"Looter","floor":7,"turns":4},{"damage":78,"enemies":"Gremlin Nob","floor":12,"turns":6}],"seed_played":"-8338212344789539208","potions_obtained":[{"floor":4,"key":"GamblersBrew"}],"is_trial":false,"path_per_floor":["M","M","M","M","M","R","M","R","T","?","$","E"],"character_chosen":"IRONCLAD","items_purchased":[],"campfire_rested":0,"item_purchase_floors":[],"current_hp_per_floor":[88,88,79,80,74,74,80,80,80,69,69,0,0],"gold":181,"neow_bonus":"TEN_PERCENT_HP_BONUS","is_daily":false,"chose_seed":false,"campfire_upgraded":2,"win_rate":0.0,"timestamp":1613483985,"path_taken":["M","M","M","M","M","R","M","R","T","?","$","E"],"items_purchased_type":[],"build_version":"2020-12-22","purchased_purges":1,"victory":false,"max_hp_per_floor":[88,88,88,88,88,88,88,88,88,88,88,88,88],"card_choices":[{"not_picked":["Clash","Pommel Strike"],"picked":"Cleave","floor":1},{"not_picked":["Metallicize","Reckless Charge"],"picked":"Whirlwind","floor":2},{"not_picked":["Warcry","Shrug It Off"],"picked":"Body Slam","floor":3},{"not_picked":["Headbutt","Rupture"],"picked":"Shrug It Off","floor":4},{"not_picked":["Clothesline","Thunderclap"],"picked":"Armaments","floor":5},{"not_picked":["Burning Pact","Limit Break"],"picked":"Warcry","floor":7}],"player_experience":20673,"relics_obtained":[{"floor":9,"key":"Unceasing Top"}],"event_choices":[{"damage_healed":0,"gold_gain":75,"player_choice":"Gather Gold","damage_taken":11,"max_hp_gain":0,"max_hp_loss":0,"event_name":"World of Goop","floor":10,"gold_loss":0}],"is_beta":false,"boss_relics":[],"items_purged_floors":[11],"is_endless":false,"potions_floor_spawned":[4],"killed_by":"Gremlin Nob","ascension_level":0}}