{"host":"rq6soridv5n2augj","time":1613477591,"event":{"mods":["BaseMod","Downfall","Googly Eyes","Hermit","Marisa????????","Minty Spire (QoL Compilation)","READ ME - Guardian Mod","Remilia??????","Replay The Spire","StSLib","The Animator","The Cursed","The Hierophant","The Necromancer","The Senshi","The Servant 0.9.4"],"gold_per_floor":[114,131,150,160,160,160,85,85,85,85,98,48,48,58,58,162,162,180,191,40,57,57,57,57,68,116,116,145,145,145],"floor_reached":29,"language":"ENG","playtime":1499,"items_purged":["hermit:Strike_Hermit"],"score":237,"play_id":"acbd0fac-a752-4cc9-a58b-0223aa8487ce","local_time":"20210216041311","is_ascension_mode":false,"campfire_choices":[{"data":"hermit:Combo","floor":6,"key":"SMITH"},{"data":"hermit:Snipe","floor":8,"key":"SMITH"},{"data":"hermit:EternalForm","floor":15,"key":"SMITH"},{"floor":23,"key":"REST"},{"data":"hermit:Roulette","floor":27,"key":"SMITH"}],"circlet_count":0,"master_deck":["hermit:Strike_Hermit","hermit:Defend_Hermit","hermit:Snapshot","hermit:Covet","hermit:Enervate","hermit:Snipe+1","hermit:Combo+1","hermit:Glare","hermit:EternalForm+1","hermit:TakeAim","hermit:RoundhouseKick","Wrath_TH","EndlessPower","hermit:Roulette+1","hermit:Headshot"],"relics":["hermit:Momento","NeowsBlessing","hermit:Spyglass","Pantograph","Replay:Drink Me","Sling","Oddly Smooth Stone","Calipers"],"acts_visited":["Exordium","TheCity"],"potions_floor_usage":[13,16,19,28,28,29,29],"damage_taken":[{"damage":0,"enemies":"Cultist","floor":1,"turns":1},{"damage":0,"enemies":"2 Louse","floor":2,"turns":1},{"damage":0,"enemies":"Small Slimes","floor":3,"turns":1},{"damage":16,"enemies":"Blue Slaver","floor":4,"turns":5},{"damage":5,"enemies":"Looter","floor":11,"turns":4},{"damage":0,"enemies":"Lots of Slimes","floor":13,"turns":1},{"damage":0,"enemies":"Large Slime","floor":14,"turns":5},{"damage":26,"enemies":"Slime Boss","floor":16,"turns":7},{"damage":7,"enemies":"Shell Parasite","floor":18,"turns":2},{"damage":3,"enemies":"3 Byrds","floor":19,"turns":3},{"damage":18,"enemies":"3 Cultists","floor":21,"turns":5},{"damage":8,"enemies":"Snake Plant","floor":25,"turns":4},{"damage":28,"enemies":"Replay:Snechameleon","floor":28,"turns":6},{"damage":10,"enemies":"Chosen and Byrds","floor":29,"turns":1}],"seed_played":"8605691098453432221","potions_obtained":[{"floor":1,"key":"hexamod:SoulburnPotion"},{"floor":2,"key":"SmokeBomb"},{"floor":18,"key":"sneckomod:MuddlingPotion"},{"floor":24,"key":"bronze:BurnAndBuffPotion"},{"floor":24,"key":"LiquidMemories"},{"floor":24,"key":"DistilledChaos"},{"floor":25,"key":"LifebloodPotion"},{"floor":28,"key":"LiquidBronze"}],"is_trial":false,"path_per_floor":["M","M","M","M","T","R","$","R","T","?","M","?","M","M","R","B",null,"M","M","$","M","?","R","?","M","T","R","E","M"],"character_chosen":"HERMIT","items_purchased":["Sling"],"campfire_rested":1,"item_purchase_floors":[20],"current_hp_per_floor":[75,75,75,59,59,59,59,59,59,59,54,54,54,54,54,49,57,50,47,47,29,29,46,46,38,38,38,10,0,0],"gold":145,"neow_bonus":"THREE_ENEMY_KILL","is_daily":false,"chose_seed":false,"campfire_upgraded":4,"win_rate":0.0,"timestamp":1613477591,"path_taken":["M","M","?","M","?","R","?","R","T","?","M","?","M","M","R","BOSS","M","M","$","M","?","R","?","?","T","R","E","M"],"items_purchased_type":["Relic"],"build_version":"2020-12-22","purchased_purges":1,"victory":false,"max_hp_per_floor":[75,75,75,75,75,75,75,75,75,75,75,75,75,75,75,75,57,57,57,57,57,57,57,57,57,57,57,57,57,57],"card_choices":[{"not_picked":["hermit:Brawl","hermit:Coalescence"],"picked":"hermit:Enervate","floor":1},{"not_picked":["hermit:Glare","hermit:Roulette"],"picked":"hermit:Snipe","floor":2},{"not_picked":["hermit:ItchyTrigger","hermit:HighCaliber"],"picked":"hermit:Combo","floor":3},{"not_picked":["hermit:BodyArmor","hermit:HoleUp"],"picked":"hermit:Glare","floor":4},{"not_picked":["hermit:CalledShot","hermit:SprayPray"],"picked":"hermit:EternalForm","floor":11},{"not_picked":["hermit:LuckOfTheDraw","hermit:Enervate"],"picked":"hermit:TakeAim","floor":14},{"not_picked":["hermit:BlackWind","hermit:Purgatory"],"picked":"hermit:RoundhouseKick","floor":16},{"not_picked":["hermit:FullyLoaded+1","hermit:BodyArmor","hermit:HoleUp+1"],"picked":"SKIP","floor":18},{"not_picked":["hermit:Maintenance+1","hermit:Grudge","hermit:TrackingShot"],"picked":"SKIP","floor":19},{"not_picked":["hermit:SprayPray","hermit:Snipe","hermit:HighCaliber"],"picked":"SKIP","floor":21},{"not_picked":["hermit:Feint","hermit:LuckOfTheDraw"],"picked":"hermit:Roulette","floor":25},{"not_picked":["hermit:Glare","hermit:TakeAim"],"picked":"hermit:Headshot","floor":28}],"player_experience":367492,"relics_obtained":[{"floor":5,"key":"hermit:Spyglass"},{"floor":9,"key":"Pantograph"},{"floor":26,"key":"Oddly Smooth Stone"},{"floor":28,"key":"Calipers"}],"event_choices":[{"cards_removed":["hermit:Defend_Hermit"],"damage_healed":0,"gold_gain":0,"player_choice":"Forget","damage_taken":0,"max_hp_gain":0,"max_hp_loss":0,"event_name":"Living Wall","floor":10,"gold_loss":0},{"cards_removed":["hermit:Strike_Hermit"],"damage_healed":0,"gold_gain":0,"player_choice":"Card Removal","damage_taken":0,"max_hp_gain":0,"max_hp_loss":0,"event_name":"The Cleric","floor":12,"gold_loss":50},{"damage_healed":0,"gold_gain":0,"player_choice":"Got Potions","damage_taken":0,"max_hp_gain":0,"max_hp_loss":0,"event_name":"Lab","floor":24,"gold_loss":0}],"is_beta":false,"boss_relics":[{"not_picked":["SacredBark","Pandora\u0027s Box"],"picked":"Replay:Drink Me"}],"items_purged_floors":[7],"is_endless":false,"potions_floor_spawned":[1,2,18,25,28],"killed_by":"Chosen and Byrds","ascension_level":0}}