{"host":"ecuvtzmejf7hhjpv","time":1613500834,"event":{"mods":["AchievementEnabler","Act Like it!","Aspiration","BaseMod","Better Altar","Better Match","Better Note","Better Sensory Stone","Better Skull","Better Third Choice","BetterRewards","Conspire","Custom Start","Downfall","Gensokyo","GifTheSpireLib","Hallownest","Hermit","Hubris","Kratos Character Expansion","Luminous","Marisa????????","Minty Spire (QoL Compilation)","Prisma Mod","Remilia??????","Replay The Spire","Robot Space Explorer","Spicy Shops","StSLib","The Animator","The Blackbeard","The Bug Knight","The Construct","The Cursed","The Disciple","The Dragon Tamer","The Forsaken","The Hierophant","The Jungle","The Marked","The Necromancer","The Poker Player","The Wild Card","TheSwordswoman"],"gold_per_floor":[117,134,149,25,43,68,68,88,111,64,99,117,151,164,246,346,346,359,379,389,349,349,349,381,399,425,459,459,81,100,119,119,221,221,232,232,232,9,9,35,54,54,78,89,117,192,217,267,353,353,353,353,4,31,31],"floor_reached":56,"language":"ENG","playtime":1823,"items_purged":["Pain","DTMod:Inferno+1"],"score":2027,"play_id":"4a074435-5798-4b4e-b2cd-fc1255717de3","local_time":"20210216124034","is_ascension_mode":true,"metric_token":2835,"campfire_choices":[{"data":"DTMod:SwitchingTactic","floor":7,"key":"SMITH"},{"data":"DTMod:MagiciansMark","floor":23,"key":"SMITH"},{"floor":42,"key":"RECALL"},{"data":"DTMod:Training","floor":52,"key":"SMITH"}],"dtmod_dragon_data":[19,50,3,3,14,2],"circlet_count":0,"master_deck":["DTMod:DoubleHit","DTMod:SwitchingTactic+1","DTMod:ForkedFire","DTMod:HeatWave","DTMod:QuickFly","DTMod:Training","DTMod:ShieldDrain","DTMod:Safeguard+1","DTMod:InvisibleFlame","DTMod:ComboAttack","DTMod:LightShield","DTMod:LightShield","DTMod:Cover","DTMod:MasterPlan","DTMod:Training","DTMod:GhostSkin","DTMod:InvisibleFlame","DTMod:MagiciansMark+1","DTMod:Prediction","DTMod:Training","DTMod:Training","DTMod:Training+1","DTMod:ForkedFire","DTMod:LightShield","DTMod:MagiciansMark","DTMod:Training","DTMod:Training+1","DTMod:MagiciansMark+1","Rampage","DTMod:RecklessFlurry","DTMod:TriAttack","DTMod:HeadStart"],"relics":["DTMod:PactStone","HandDrill","Chemical X","hubris:Zylophone","Smiling Mask","aspiration:HatOfInfinitePower","theForsaken:Gavel","Pandora\u0027s Box","Ancient Tea Set","Bag of Preparation","Happy Flower","aspiration:ArtOfWarUpgrade","Juzu Bracelet","Snecko Eye","ReplayFunnel","Iron Hammer","Pet Ghost","theForsaken:Lifeblossom","hubris:DisguiseKit","PreservedInsect","Turnip","Bronze Scales","Calipers"],"acts_visited":["Exordium","TheCity","TheBeyond","TheEnding"],"potions_floor_usage":[11,16,16,55,55,55],"damage_taken":[{"damage":0,"enemies":"Cultist","floor":1,"turns":2},{"damage":0,"enemies":"2 Louse","floor":2,"turns":1},{"damage":0,"enemies":"conspire:RoseBush","floor":3,"turns":3},{"damage":0,"enemies":"Blue Slaver","floor":5,"turns":2},{"damage":9,"enemies":"Replay:BlueRogue","floor":6,"turns":4},{"damage":0,"enemies":"Large Slime","floor":8,"turns":2},{"damage":6,"enemies":"3 Sentries","floor":11,"turns":3},{"damage":0,"enemies":"Lots of Slimes","floor":12,"turns":1},{"damage":0,"enemies":"Replay:BlueRogue","floor":13,"turns":4},{"damage":0,"enemies":"Red Slaver","floor":14,"turns":2},{"damage":0,"enemies":"Hexaghost","floor":16,"turns":8},{"damage":0,"enemies":"2 Thieves","floor":18,"turns":4},{"damage":0,"enemies":"Spheric Guardian","floor":19,"turns":1},{"damage":0,"enemies":"Centurion and Healer","floor":20,"turns":2},{"damage":0,"enemies":"HollowMod:Nosk","floor":24,"turns":7},{"damage":2,"enemies":"Snecko","floor":25,"turns":3},{"damage":0,"enemies":"conspire:Head Lice","floor":27,"turns":3},{"damage":0,"enemies":"conspire:HollyBat","floor":30,"turns":6},{"damage":0,"enemies":"Snake Plant","floor":31,"turns":4},{"damage":0,"enemies":"conspire:MysteriousRune","floor":33,"turns":5},{"damage":0,"enemies":"3 Shapes","floor":35,"turns":3},{"damage":0,"enemies":"Giant Head","floor":40,"turns":4},{"damage":0,"enemies":"Orb Walker","floor":41,"turns":2},{"damage":0,"enemies":"3 Darklings","floor":44,"turns":2},{"damage":0,"enemies":"Nemesis","floor":45,"turns":1},{"damage":0,"enemies":"Reptomancer","floor":47,"turns":3},{"damage":0,"enemies":"Mind Bloom Boss Battle","floor":48,"turns":1},{"damage":0,"enemies":"conspire:OrnateMirror","floor":50,"turns":1},{"damage":0,"enemies":"Shield and Spear","floor":54,"turns":2},{"damage":12,"enemies":"The Heart","floor":55,"turns":6}],"seed_played":"-222827268536320002","potions_obtained":[{"floor":2,"key":"LiquidBronze"},{"floor":5,"key":"SteroidPotion"},{"floor":14,"key":"Milkshake"},{"floor":16,"key":"conspire:TimeTravelPotion"},{"floor":19,"key":"EssenceOfSteel"},{"floor":24,"key":"champ:CounterPotion"},{"floor":25,"key":"Death Potion"},{"floor":41,"key":"ColorlessPotion"}],"is_trial":false,"path_per_floor":["M","M","M","$","M","E","R","M","T","$","E","M","E","M","R","B",null,"M","M","M","?","?","R","E","M","T","E","R","$","M","M","R","B",null,"M","?","?","$","?","E","M","R","T","M","E","T","E","?","R","B",null,"R","$","E","B",null],"character_chosen":"THE_DT","items_purchased":["HandDrill","DTMod:ForkedFire","DTMod:HeatWave","Chemical X","hubris:Zylophone","DTMod:ComboAttack","Juzu Bracelet","DTMod:Training","DTMod:ForkedFire","DTMod:MagiciansMark","ReplayFunnel","DTMod:TriAttack","Bronze Scales","PowerPotion"],"campfire_rested":0,"item_purchase_floors":[0,0,0,0,4,10,29,29,29,38,38,53,53,53],"current_hp_per_floor":[30,30,30,30,30,21,21,21,21,21,15,15,15,15,15,15,45,45,45,45,45,45,45,45,43,43,43,43,43,43,43,43,43,45,45,45,45,45,45,45,45,45,45,45,45,45,45,45,45,45,45,45,45,45,33],"gold":31,"neow_bonus":"","is_daily":false,"chose_seed":false,"campfire_upgraded":3,"win_rate":0.0,"timestamp":1613500834,"path_taken":["M","M","M","$","M","E","R","?","T","?","E","M","E","M","R","BOSS","M","M","M","?","?","R","E","?","T","E","R","$","M","M","R","BOSS","M","?","?","$","?","E","M","R","T","M","E","?","E","?","R","BOSS","R","$","E","BOSS"],"items_purchased_type":["Relic","Card","Card","Relic","Relic","Card","Relic","Card","Card","Card","Relic","Card","Relic","Potion"],"build_version":"2020-12-22","purchased_purges":2,"victory":true,"max_hp_per_floor":[45,45,45,45,45,45,45,45,45,45,45,45,45,45,45,45,45,45,45,45,45,45,45,45,45,45,45,45,45,45,45,45,45,45,45,45,45,45,45,45,45,45,45,45,45,45,45,45,45,45,45,45,45,45,45],"card_choices":[{"not_picked":["DTMod:Threaten","DTMod:Shift"],"picked":"DTMod:QuickFly","floor":1},{"not_picked":["DTMod:SneakAttack","DTMod:Feint","DTMod:Hide"],"picked":"SKIP","floor":2},{"not_picked":["DTMod:BalancedStrike","DTMod:Haste"],"picked":"DTMod:Training","floor":3},{"not_picked":["DTMod:BurningEnergy","DTMod:QuickFly"],"picked":"DTMod:ShieldDrain","floor":5},{"not_picked":["DTMod:BlueScale","DTMod:DarkBreath"],"picked":"DTMod:Safeguard","floor":6},{"not_picked":["DTMod:HeatWave","DTMod:BreakAttack"],"picked":"DTMod:InvisibleFlame","floor":8},{"not_picked":["DTMod:FlameSlash","DTMod:BreakAttack"],"picked":"DTMod:LightShield","floor":11},{"not_picked":["DTMod:Weaken","DTMod:BalancedStrike","DTMod:BuildUp"],"picked":"SKIP","floor":12},{"not_picked":["DTMod:Observe","DTMod:HeatWave","DTMod:BuildUp"],"picked":"SKIP","floor":13},{"not_picked":["DTMod:QuickFly","DTMod:Hide","DTMod:ShieldDrain"],"picked":"SKIP","floor":14},{"not_picked":["DTMod:Outburst","DTMod:ExcessFootwork"],"picked":"DTMod:LightShield","floor":16},{"not_picked":["DTMod:HeatWave","DTMod:FlameSlash","DTMod:MagicField"],"picked":"SKIP","floor":18},{"not_picked":["DTMod:MagicField","DTMod:BuildUp","DTMod:BizarreTactic"],"picked":"SKIP","floor":19},{"not_picked":["DTMod:BreakAttack","DTMod:SneakAttack","DTMod:Hide+1"],"picked":"SKIP","floor":20},{"not_picked":["DTMod:HeatWave+1","DTMod:BizarreTactic","DTMod:Haste"],"picked":"SKIP","floor":24},{"not_picked":["DTMod:DarkBreath","DTMod:FlameSlash"],"picked":"DTMod:Prediction","floor":25},{"not_picked":["DTMod:TagTeam","DTMod:Hide+1"],"picked":"DTMod:Training","floor":27},{"not_picked":["DTMod:Hide+1","DTMod:StarRain","DTMod:FlameSlash"],"picked":"SKIP","floor":30},{"not_picked":["DTMod:BlueScale","DTMod:HeatWave+1","DTMod:BurningEnergy"],"picked":"SKIP","floor":31},{"not_picked":["DTMod:RepeatStrike","DTMod:FierySynthesis"],"picked":"DTMod:LightShield","floor":33},{"not_picked":["DTMod:Cover+1","DTMod:BreakAttack","DTMod:BizarreTactic+1"],"picked":"SKIP","floor":35},{"not_picked":["DTMod:HeatWave","DTMod:BuildUp+1"],"picked":"DTMod:Training+1","floor":40},{"not_picked":["DTMod:Threaten+1","DTMod:HeatWave","DTMod:ShieldDrain"],"picked":"SKIP","floor":41},{"not_picked":["DTMod:TagTeam","DTMod:StarRain","DTMod:DarkBreath"],"picked":"SKIP","floor":44},{"not_picked":["DTMod:QuickFly+1","DTMod:Weaken"],"picked":"DTMod:MagiciansMark+1","floor":45},{"not_picked":["DTMod:Observe+1","DTMod:RunningTactic+1","DTMod:BlazingStrike+1"],"picked":"Rampage","floor":47},{"not_picked":["DTMod:BlazingStrike+1","DTMod:Feint+1","conspire:ExplosiveBarrier"],"picked":"DTMod:RecklessFlurry","floor":48},{"not_picked":["DTMod:RunningTactic+1","DTMod:PurifyingFlame","Twin Strike"],"picked":"DTMod:HeadStart","floor":54}],"player_experience":1196174,"relics_obtained":[{"floor":6,"key":"Smiling Mask"},{"floor":11,"key":"aspiration:HatOfInfinitePower"},{"floor":13,"key":"theForsaken:Gavel"},{"floor":24,"key":"Bag of Preparation"},{"floor":26,"key":"Happy Flower"},{"floor":27,"key":"Art of War"},{"floor":40,"key":"Iron Hammer"},{"floor":43,"key":"Pet Ghost"},{"floor":45,"key":"theForsaken:Lifeblossom"},{"floor":46,"key":"hubris:DisguiseKit"},{"floor":47,"key":"PreservedInsect"},{"floor":48,"key":"Turnip"},{"floor":54,"key":"Calipers"}],"event_choices":[{"damage_healed":0,"gold_gain":0,"player_choice":"Upgraded Two","damage_taken":0,"max_hp_gain":0,"max_hp_loss":0,"event_name":"Designer","floor":21,"gold_loss":40,"cards_upgraded":["DTMod:Inferno","DTMod:Safeguard"]},{"damage_healed":0,"gold_gain":0,"player_choice":"Gave Potion","damage_taken":0,"relics_obtained":["Ancient Tea Set"],"max_hp_gain":0,"max_hp_loss":0,"event_name":"WeMeetAgain","floor":22,"gold_loss":0},{"cards_removed":["DTMod:Dissolve"],"damage_healed":0,"gold_gain":0,"player_choice":"Offered Uncommon","damage_taken":0,"max_hp_gain":0,"max_hp_loss":0,"event_name":"Bonfire Elementals","floor":37,"gold_loss":0},{"damage_healed":0,"gold_gain":0,"player_choice":"Copied","damage_taken":0,"max_hp_gain":0,"max_hp_loss":0,"event_name":"Duplicator","floor":39,"gold_loss":0,"cards_obtained":["DTMod:Training"]},{"damage_healed":0,"gold_gain":0,"player_choice":"Fight","damage_taken":0,"max_hp_gain":0,"max_hp_loss":0,"event_name":"MindBloom","floor":48,"gold_loss":0}],"is_beta":false,"boss_relics":[{"not_picked":["aspiration:SecretTechniqueScroll","construct:WeddingRing"],"picked":"Pandora\u0027s Box"},{"not_picked":["Replay:Bronze Core","Replay:Wanted Poster"],"picked":"Snecko Eye"}],"items_purged_floors":[29,29],"is_endless":false,"potions_floor_spawned":[2,5,14,16,19,24,25,27,41,44],"ascension_level":1}}