{"host":"ftf7rwqr5w72pdsx","time":1613440473,"event":{"mods":["BaseMod","Bestiary","Minty Spire (QoL Compilation)","Relic Stats","Slay the Relics Exporter"],"gold_per_floor":[111,111,124,137,23,52,52,87,133,144,177,177,197,214,214,311,311,328,338,1,1,28,28,4,4,27,27,59,59,84,183,183,183,183],"floor_reached":33,"language":"ENG","playtime":1640,"items_purged":[],"score":507,"play_id":"a574b614-e5c5-4f66-bcbb-82280341ebd5","local_time":"20210215195433","is_ascension_mode":true,"campfire_choices":[{"floor":12,"key":"REST"},{"data":"Rip and Tear","floor":15,"key":"SMITH"},{"data":"Bite","floor":23,"key":"SMITH"},{"data":"Bite","floor":25,"key":"SMITH"},{"data":"Coolheaded","floor":29,"key":"SMITH"},{"floor":32,"key":"REST"}],"circlet_count":0,"master_deck":["AscendersBane","Defend_B","Defend_B","Defend_B","Defend_B","Zap","Dualcast","BootSequence","Coolheaded+1","Barrage","Sunder+1","FTL","Rip and Tear+1","Streamline","Core Surge","Gash","Doom and Gloom","Go for the Eyes","Rainbow","Streamline","Aggregate+1","Bite+1","Bite+1","Bite","Bite","Bite","Stack","Skim+1","Coolheaded+1"],"relics":["Cracked Core","Vajra","Frozen Egg 2","Orichalcum","Akabeko","Nunchaku","Snecko Eye","Meat on the Bone","Pen Nib","Toxic Egg 2","Oddly Smooth Stone","Letter Opener"],"acts_visited":["Exordium","TheCity"],"potions_floor_usage":[6,11,16,28,30],"damage_taken":[{"damage":6,"enemies":"Jaw Worm","floor":1,"turns":4},{"damage":2,"enemies":"Small Slimes","floor":3,"turns":3},{"damage":0,"enemies":"2 Louse","floor":4,"turns":2},{"damage":10,"enemies":"3 Sentries","floor":6,"turns":3},{"damage":14,"enemies":"Lagavulin","floor":8,"turns":6},{"damage":0,"enemies":"Exordium Wildlife","floor":10,"turns":3},{"damage":3,"enemies":"3 Sentries","floor":11,"turns":4},{"damage":3,"enemies":"Lots of Slimes","floor":13,"turns":3},{"damage":12,"enemies":"Large Slime","floor":14,"turns":3},{"damage":15,"enemies":"Hexaghost","floor":16,"turns":9},{"damage":7,"enemies":"Shell Parasite","floor":18,"turns":3},{"damage":0,"enemies":"Chosen","floor":19,"turns":3},{"damage":32,"enemies":"Slavers","floor":28,"turns":7},{"damage":38,"enemies":"Book of Stabbing","floor":30,"turns":5},{"damage":55,"enemies":"Champ","floor":33,"turns":7}],"seed_played":"3255965740145612823","potions_obtained":[{"floor":1,"key":"PowerPotion"},{"floor":3,"key":"Swift Potion"},{"floor":4,"key":"Strength Potion"},{"floor":11,"key":"LiquidMemories"},{"floor":13,"key":"SkillPotion"},{"floor":18,"key":"Explosive Potion"},{"floor":30,"key":"PowerPotion"}],"is_trial":false,"path_per_floor":["M","?","M","M","$","E","?","E","T","M","E","R","M","M","R","B",null,"M","M","$","?","T","R","$","R","T","?","E","R","E","?","R","B"],"character_chosen":"DEFECT","items_purchased":["Sunder","FTL","Meat on the Bone","Regen Potion","Stack"],"campfire_rested":2,"item_purchase_floors":[5,5,20,20,24],"current_hp_per_floor":[62,62,60,60,60,50,50,36,36,36,33,55,52,40,40,25,63,56,56,56,52,52,52,52,52,52,52,46,46,29,29,44,0,0],"gold":183,"neow_bonus":"RANDOM_COMMON_RELIC","is_daily":false,"chose_seed":false,"campfire_upgraded":4,"win_rate":0.0,"timestamp":1613440473,"path_taken":["M","?","M","M","$","E","?","E","T","M","E","R","M","M","R","BOSS","M","M","$","?","?","R","$","R","T","?","E","R","E","?","R","BOSS"],"items_purchased_type":["Card","Card","Relic","Potion","Card"],"build_version":"2020-12-22","purchased_purges":0,"victory":false,"max_hp_per_floor":[75,75,75,75,75,75,75,75,75,75,75,75,75,75,75,75,75,75,75,75,52,52,52,52,52,52,52,52,52,52,52,52,52,52],"relic_stats":{"Nunchaku":[7],"counters":[15,65],"Snecko Eye":[38,45,47,53],"Pen Nib":[3],"Letter Opener":[15],"Orichalcum":[78],"obtain_stats":[{"Nunchaku":11,"Vajra":0,"Snecko Eye":17,"Oddly Smooth Stone":28,"Pen Nib":22,"Letter Opener":30,"Frozen Egg 2":6,"Orichalcum":8,"Toxic Egg 2":27,"Cracked Core":0,"Akabeko":9,"Meat on the Bone":20},{"Nunchaku":7,"Vajra":0,"Snecko Eye":10,"Oddly Smooth Stone":13,"Pen Nib":12,"Letter Opener":14,"Frozen Egg 2":4,"Orichalcum":5,"Toxic Egg 2":12,"Cracked Core":0,"Akabeko":5,"Meat on the Bone":12},{"Nunchaku":25,"Vajra":0,"Snecko Eye":40,"Oddly Smooth Stone":53,"Pen Nib":46,"Letter Opener":58,"Frozen Egg 2":12,"Orichalcum":18,"Toxic Egg 2":46,"Cracked Core":0,"Akabeko":18,"Meat on the Bone":46}],"Meat on the Bone":12},"card_choices":[{"not_picked":["Skim","Conserve Battery"],"picked":"BootSequence","floor":1},{"not_picked":["Rebound","Auto Shields"],"picked":"Coolheaded","floor":3},{"not_picked":["Double Energy","Leap"],"picked":"Barrage","floor":4},{"not_picked":["Chill","Cold Snap"],"picked":"Rip and Tear","floor":6},{"not_picked":["FTL","Skim"],"picked":"Streamline","floor":8},{"not_picked":["Chaos","Fusion"],"picked":"Core Surge","floor":10},{"not_picked":["Streamline","Steam"],"picked":"Gash","floor":11},{"not_picked":["Conserve Battery","Streamline"],"picked":"Doom and Gloom","floor":13},{"not_picked":["Beam Cell","Coolheaded"],"picked":"Go for the Eyes","floor":14},{"not_picked":["Thunder Strike","Meteor Strike"],"picked":"Rainbow","floor":16},{"not_picked":["Barrage","Hologram"],"picked":"Streamline","floor":18},{"not_picked":["Leap","Auto Shields"],"picked":"Aggregate+1","floor":19},{"not_picked":["Barrage","Reprogram+1"],"picked":"Skim+1","floor":28},{"not_picked":["Steam+1","Sweeping Beam"],"picked":"Coolheaded+1","floor":30}],"player_experience":823703,"relics_obtained":[{"floor":6,"key":"Frozen Egg 2"},{"floor":8,"key":"Orichalcum"},{"floor":9,"key":"Akabeko"},{"floor":11,"key":"Nunchaku"},{"floor":22,"key":"Pen Nib"},{"floor":28,"key":"Oddly Smooth Stone"},{"floor":30,"key":"Letter Opener"}],"event_choices":[{"damage_healed":0,"gold_gain":0,"player_choice":"Ignored","damage_taken":0,"max_hp_gain":0,"max_hp_loss":0,"event_name":"Liars Game","floor":2,"gold_loss":0},{"damage_healed":0,"gold_gain":0,"player_choice":"Grow","damage_taken":0,"max_hp_gain":0,"max_hp_loss":0,"event_name":"Living Wall","floor":7,"gold_loss":0,"cards_upgraded":["Sunder"]},{"damage_healed":0,"gold_gain":0,"player_choice":"Became a vampire","damage_taken":0,"max_hp_gain":0,"max_hp_loss":23,"event_name":"Vampires","floor":21,"gold_loss":0,"cards_obtained":["Bite","Bite","Bite","Bite","Bite"]},{"damage_healed":0,"gold_gain":0,"player_choice":"Opened","damage_taken":0,"relics_obtained":["Toxic Egg 2"],"max_hp_gain":0,"max_hp_loss":0,"event_name":"The Mausoleum","floor":27,"gold_loss":0},{"damage_healed":0,"gold_gain":99,"player_choice":"Stole From Cult","damage_taken":0,"max_hp_gain":0,"max_hp_loss":0,"event_name":"Nest","floor":31,"gold_loss":0}],"is_beta":false,"boss_relics":[{"not_picked":["Cursed Key","Nuclear Battery"],"picked":"Snecko Eye"}],"items_purged_floors":[],"is_endless":false,"potions_floor_spawned":[1,3,4,11,13,18,30],"killed_by":"Champ","ascension_level":12}}