{"host":"j5shy70asow5koz5","time":1613471824,"event":{"mods":["2.2 Compatiblity","Act Like it!","Arknights","BaseMod","Colored Map","Marisa£¨Ùöéë¡¡Øª×âÞÞ£©","Minty Spire (QoL Compilation)","Prisma Mod","StSLib","SuperFastMode","Td1madao Mod","The Disciple","The Gatherer","The Servant 0.9.4","Waifu the Spire"],"gold_per_floor":[113,131,131,81,81,81,81,81,107,121,142,173,173,191,191,296,296,264,264,14,34,44,69,80,114,138,138,138,17,36,56,56,158,208,223,223,223,268,19,19,35,51,51,51,51,85,98,98,98,98,98],"floor_reached":50,"language":"KOR","playtime":1298,"items_purged":["Strike_P"],"score":558,"play_id":"5cfb8337-7772-4908-ac8d-91786de264e7","local_time":"20210216193704","is_ascension_mode":false,"campfire_choices":[{"floor":6.0,"key":"REST"},{"data":"EmptyFist","floor":8.0,"key":"SMITH"},{"data":"Vigilance","floor":13.0,"key":"SMITH"},{"data":"Defend_P","floor":15.0,"key":"SMITH"},{"data":"FollowUp","floor":28.0,"key":"SMITH"},{"data":"FollowUp","floor":32.0,"key":"SMITH"},{"data":"Thinking Ahead","floor":40.0,"key":"SMITH"},{"data":"Evaluate","floor":45.0,"key":"SMITH"},{"floor":49.0,"key":"REST"}],"circlet_count":0,"master_deck":["Strike_P","Strike_P+1","Defend_P","Defend_P","Defend_P+1","Eruption+1","Vigilance+1","EmptyFist+1","CurseOfTheBell","CutThroughFate+1","Thinking Ahead+1","FollowUp+1","FollowUp+1","Alpha","Crescendo+1","Evaluate+1"],"relics":["PureWater","PreservedInsect","Anchor","Odd Mushroom","Vajra","Calling Bell","Regal Pillow","Darkstone Periapt","Unceasing Top","Bag of Marbles","Letter Opener","Smiling Mask","MutagenicStrength","Tiny House","CaptainsWheel","Sundial","Ornamental Fan","Pen Nib","InkBottle"],"acts_visited":["Exordium","TheCity","TheBeyond"],"potions_floor_usage":[],"damage_taken":[{"damage":0.0,"enemies":"ats:Genji","floor":1.0,"turns":2.0},{"damage":2.0,"enemies":"2 Louse","floor":2.0,"turns":4.0},{"damage":0.0,"enemies":"Cultist","floor":10.0,"turns":2.0},{"damage":5.0,"enemies":"The Mushroom Lair","floor":11.0,"turns":4.0},{"damage":1.0,"enemies":"3 Sentries","floor":12.0,"turns":6.0},{"damage":0.0,"enemies":"Large Slime","floor":14.0,"turns":2.0},{"damage":36.0,"enemies":"The Guardian","floor":16.0,"turns":10.0},{"damage":10.0,"enemies":"2 Thieves","floor":18.0,"turns":5.0},{"damage":4.0,"enemies":"Shell Parasite","floor":21.0,"turns":3.0},{"damage":0.0,"enemies":"Snecko","floor":22.0,"turns":3.0},{"damage":0.0,"enemies":"Slavers","floor":23.0,"turns":5.0},{"damage":2.0,"enemies":"Centurion and Healer","floor":24.0,"turns":3.0},{"damage":0.0,"enemies":"Gremlin Leader","floor":25.0,"turns":6.0},{"damage":3.0,"enemies":"Shelled Parasite and Fungi","floor":30.0,"turns":3.0},{"damage":0.0,"enemies":"Snecko","floor":31.0,"turns":1.0},{"damage":36.0,"enemies":"Collector","floor":33.0,"turns":5.0},{"damage":10.0,"enemies":"Orb Walker","floor":35.0,"turns":3.0},{"damage":22.0,"enemies":"2 Orb Walkers","floor":38.0,"turns":4.0},{"damage":4.0,"enemies":"3 Darklings","floor":41.0,"turns":4.0},{"damage":0.0,"enemies":"4 Shapes","floor":42.0,"turns":3.0},{"damage":26.0,"enemies":"Reptomancer","floor":46.0,"turns":2.0},{"damage":0.0,"enemies":"Spire Growth","floor":47.0,"turns":3.0},{"damage":59,"enemies":"Awakened One","floor":50,"turns":8}],"seed_played":"-683959239224766231","potions_obtained":[{"floor":0.0,"key":"Dexterity Potion"},{"floor":0.0,"key":"Regen Potion"},{"floor":0.0,"key":"StancePotion"},{"floor":10.0,"key":"Strength Potion"},{"floor":12.0,"key":"FearPotion"},{"floor":16.0,"key":"Energy Potion"},{"floor":23.0,"key":"LiquidBronze"},{"floor":30.0,"key":"GamblersBrew"},{"floor":34.0,"key":"SmokeBomb"},{"floor":38.0,"key":"AttackPotion"},{"floor":42.0,"key":"LiquidBronze"}],"is_trial":false,"path_per_floor":["M","M","?","?","?","R","?","R","T","M","?","E","R","M","R","B",null,"M","?","$","M","M","E","M","E","T","?","R","$","M","M","R","B",null,"M","?","?","?","$","R","M","M","T","?","R","E","M","T","R","B"],"character_chosen":"WATCHER","items_purchased":["Thinking Ahead","FollowUp","Regen Potion","Sundial"],"campfire_rested":2,"item_purchase_floors":[20,29,29,39],"current_hp_per_floor":[72,70,37,37,23,44,44,44,44,44,51,50,50,50,50,14,72,62,49,49,45,45,45,43,43,43,43,43,43,45,45,45,9,82,72,72,72,50,50,50,46,46,46,46,46,20,20,20,58,0,0],"gold":98,"neow_bonus":"THREE_SMALL_POTIONS","is_daily":false,"chose_seed":false,"campfire_upgraded":7,"win_rate":0.0,"timestamp":1613471824,"path_taken":["M","M","?","?","?","R","?","R","T","M","?","E","R","M","R","BOSS","M","?","$","M","M","E","M","E","T","?","R","$","M","M","R","BOSS","M","?","?","?","$","R","M","M","T","?","R","E","M","?","R","BOSS"],"items_purchased_type":["Card","Card","Potion","Relic"],"build_version":"2020-12-22","purchased_purges":1,"victory":false,"max_hp_per_floor":[72,72,72,72,72,72,72,72,72,72,72,72,72,72,72,72,72,72,77,77,77,77,77,77,77,77,77,77,77,77,77,77,77,82,82,82,82,82,82,82,82,82,82,78,78,78,78,78,78,78,78],"card_choices":[{"not_picked":["Meditate","CutThroughFate"],"picked":"EmptyFist","floor":1.0},{"not_picked":["Halt","JustLucky","LikeWater"],"picked":"SKIP","floor":2.0},{"not_picked":["FlyingSleeves","Protect","Meditate"],"picked":"SKIP","floor":10.0},{"not_picked":["Prostrate","BattleHymn","Evaluate"],"picked":"SKIP","floor":12.0},{"not_picked":["EmptyMind","CrushJoints","Wallop"],"picked":"SKIP","floor":14.0},{"not_picked":["WreathOfFlame","Prostrate"],"picked":"CutThroughFate+1","floor":18.0},{"not_picked":["ThirdEye","SashWhip","Halt+1"],"picked":"SKIP","floor":21.0},{"not_picked":["Prostrate","Meditate","CrushJoints"],"picked":"SKIP","floor":22.0},{"not_picked":["Adaptation","SandsOfTime+1","BowlingBash+1"],"picked":"SKIP","floor":23.0},{"not_picked":["Crescendo","BowlingBash"],"picked":"FollowUp","floor":24.0},{"not_picked":["Evaluate","JustLucky","ReachHeaven"],"picked":"SKIP","floor":25.0},{"not_picked":["Crescendo","Vengeance","Adaptation"],"picked":"SKIP","floor":30.0},{"not_picked":["BowlingBash","FollowUp","CutThroughFate"],"picked":"SKIP","floor":31.0},{"not_picked":["Vault","DevaForm"],"picked":"Alpha","floor":33.0},{"not_picked":["Consecrate","Pray+1","Evaluate"],"picked":"SKIP","floor":35.0},{"not_picked":["FlyingSleeves+1","JustLucky+1"],"picked":"Crescendo+1","floor":38.0},{"not_picked":["CrushJoints+1","Halt+1","Pray"],"picked":"SKIP","floor":41.0},{"not_picked":["Consecrate+1","FlyingSleeves+1"],"picked":"Evaluate","floor":42.0},{"not_picked":["Protect+1","ThirdEye+1","Consecrate+1"],"picked":"SKIP","floor":46.0},{"not_picked":["CutThroughFate","WaveOfTheHand+1","Collect+1"],"picked":"SKIP","floor":47.0}],"player_experience":111312,"relics_obtained":[{"floor":9.0,"key":"Anchor"},{"floor":11.0,"key":"Odd Mushroom"},{"floor":12.0,"key":"Vajra"},{"floor":17.0,"key":"Regal Pillow"},{"floor":17.0,"key":"Darkstone Periapt"},{"floor":17.0,"key":"Unceasing Top"},{"floor":23.0,"key":"Bag of Marbles"},{"floor":25.0,"key":"Letter Opener"},{"floor":26.0,"key":"Smiling Mask"},{"floor":38.0,"key":"CaptainsWheel"},{"floor":43.0,"key":"Ornamental Fan"},{"floor":46.0,"key":"Pen Nib"},{"floor":48.0,"key":"InkBottle"}],"event_choices":[{"damage_healed":0.0,"max_hp_gain":0.0,"max_hp_loss":0.0,"gold_gain":0.0,"event_name":"Scrap Ooze","player_choice":"Success","floor":3.0,"gold_loss":0.0,"damage_taken":33.0,"relics_obtained":["PreservedInsect"]},{"cards_removed":["Strike_P"],"damage_healed":0.0,"max_hp_gain":0.0,"max_hp_loss":0.0,"gold_gain":0.0,"event_name":"The Cleric","player_choice":"Card Removal","floor":4.0,"gold_loss":50.0,"damage_taken":0.0},{"damage_healed":0.0,"max_hp_gain":0.0,"max_hp_loss":0.0,"gold_gain":0.0,"event_name":"Shining Light","player_choice":"Entered Light","floor":5.0,"gold_loss":0.0,"damage_taken":14.0,"cards_upgraded":["Eruption","Defend_P"]},{"damage_healed":0.0,"max_hp_gain":0.0,"max_hp_loss":0.0,"gold_gain":0.0,"event_name":"Liars Game","player_choice":"Ignored","floor":7.0,"gold_loss":0.0,"damage_taken":0.0},{"damage_healed":0.0,"max_hp_gain":0.0,"max_hp_loss":0.0,"gold_gain":0.0,"event_name":"Mushrooms","player_choice":"Fought Mushrooms","floor":11.0,"gold_loss":0.0,"damage_taken":0.0},{"damage_healed":0.0,"max_hp_gain":5.0,"max_hp_loss":0.0,"gold_gain":0.0,"event_name":"Forgotten Altar","player_choice":"Shed Blood","floor":19.0,"gold_loss":0.0,"damage_taken":18.0},{"damage_healed":0.0,"max_hp_gain":0.0,"max_hp_loss":0.0,"gold_gain":0.0,"event_name":"Drug Dealer","player_choice":"Inject Mutagens","floor":27.0,"gold_loss":0.0,"damage_taken":0.0,"relics_obtained":["MutagenicStrength"]},{"cards_removed":["Defend_P"],"damage_healed":0.0,"max_hp_gain":0.0,"max_hp_loss":0.0,"gold_gain":0.0,"event_name":"Falling","player_choice":"Removed Skill","floor":36.0,"gold_loss":0.0,"damage_taken":0.0},{"damage_healed":0.0,"max_hp_gain":0.0,"max_hp_loss":0.0,"gold_gain":0.0,"event_name":"Tomb of Lord Red Mask","player_choice":"Ignored","floor":37.0,"gold_loss":0.0,"damage_taken":0.0},{"damage_healed":0.0,"max_hp_gain":0.0,"max_hp_loss":0.0,"gold_gain":0.0,"event_name":"Mysterious Sphere","player_choice":"Fight","floor":38.0,"gold_loss":0.0,"damage_taken":0.0},{"damage_healed":0.0,"max_hp_gain":0.0,"max_hp_loss":4.0,"gold_gain":0.0,"event_name":"Winding Halls","player_choice":"Max HP","floor":44.0,"gold_loss":0.0,"damage_taken":0.0}],"is_beta":false,"boss_relics":[{"not_picked":["Empty Cage","Snecko Eye"],"picked":"Calling Bell"},{"not_picked":["Velvet Choker","Astrolabe"],"picked":"Tiny House"}],"items_purged_floors":[20],"is_endless":false,"potions_floor_spawned":[10,12,16,23,30,38,42],"killed_by":"Awakened One","ascension_level":0}}