{"host":"zlmf7uudqr1sj8t0","time":1613463157,"event":{"mods":["BaseMod","Colored Map","DeckTracker","Highlight Path","Minty Spire (QoL Compilation)"],"gold_per_floor":[114,65,85,101,119,119,150,150,150,184,202,86,261,241,241,346,346,361,371,151,151,163,163,181,181,181,193,41,41,41],"floor_reached":29,"language":"ENG","playtime":1529,"items_purged":["Strike_B"],"score":270,"play_id":"e848f4a6-0e5b-4579-bcad-78c12c1c1af9","local_time":"20210216001237","is_ascension_mode":true,"campfire_choices":[{"data":"Static Discharge","floor":6,"key":"SMITH"},{"floor":8,"key":"REST"},{"floor":15,"key":"REST"},{"floor":23,"key":"REST"},{"floor":25,"key":"REST"}],"circlet_count":0,"master_deck":["Strike_B","Strike_B","Defend_B","Defend_B","Defend_B","Defend_B","Zap","Dualcast","Thunder Strike","Consume","Ball Lightning","Static Discharge+1","Static Discharge","Ball Lightning","Loop","Doubt","Ball Lightning","BootSequence","Clumsy"],"relics":["Cracked Core","Eternal Feather","Sundial","Boot","Cursed Key","PreservedInsect","Mercury Hourglass","DataDisk"],"acts_visited":["Exordium","TheCity"],"potions_floor_usage":[7,16,22,22,29],"damage_taken":[{"damage":1,"enemies":"Cultist","floor":1,"turns":3},{"damage":2,"enemies":"Jaw Worm","floor":3,"turns":3},{"damage":2,"enemies":"2 Louse","floor":4,"turns":2},{"damage":12,"enemies":"2 Fungi Beasts","floor":5,"turns":3},{"damage":19,"enemies":"3 Sentries","floor":7,"turns":5},{"damage":25,"enemies":"Lagavulin","floor":10,"turns":4},{"damage":9,"enemies":"Large Slime","floor":11,"turns":4},{"damage":12,"enemies":"Hexaghost","floor":16,"turns":4},{"damage":23,"enemies":"Chosen","floor":18,"turns":4},{"damage":20,"enemies":"Spheric Guardian","floor":19,"turns":3},{"damage":31,"enemies":"Centurion and Healer","floor":22,"turns":3},{"damage":24,"enemies":"Snake Plant","floor":24,"turns":2},{"damage":31,"enemies":"Shelled Parasite and Fungi","floor":27,"turns":4},{"damage":8,"enemies":"Centurion and Healer","floor":29,"turns":2}],"seed_played":"-8329017344788862457","potions_obtained":[{"floor":5,"key":"BlessingOfTheForge"},{"floor":10,"key":"Fire Potion"},{"floor":11,"key":"SkillPotion"},{"floor":14,"key":"Explosive Potion"},{"floor":19,"key":"PowerPotion"},{"floor":22,"key":"BlessingOfTheForge"},{"floor":27,"key":"PowerPotion"}],"is_trial":false,"path_per_floor":["M","$","M","M","M","R","E","R","T","E","M","$","?","?","R","B",null,"M","M","$","?","M","R","M","R","T","M","$","M"],"character_chosen":"DEFECT","items_purchased":["Ball Lightning","Ball Lightning","Loop","PreservedInsect","DataDisk"],"campfire_rested":4,"item_purchase_floors":[2,12,12,20,28],"current_hp_per_floor":[53,53,51,49,37,37,18,46,46,21,12,12,12,12,43,31,75,52,32,32,32,1,32,8,39,39,8,8,0,0],"gold":41,"neow_bonus":"THREE_RARE_CARDS","is_daily":false,"chose_seed":false,"campfire_upgraded":1,"win_rate":0.0,"timestamp":1613463157,"path_taken":["M","$","M","M","M","R","E","R","T","E","M","$","?","?","R","BOSS","M","M","$","?","?","R","M","R","T","M","$","M"],"items_purchased_type":["Card","Card","Card","Relic","Relic"],"build_version":"2020-12-22","purchased_purges":1,"victory":false,"max_hp_per_floor":[75,75,75,75,75,75,75,75,75,75,75,75,75,75,75,75,75,75,75,75,75,75,75,75,75,75,75,75,75,75],"card_choices":[{"not_picked":["Core Surge","Fission"],"picked":"Thunder Strike","floor":0},{"not_picked":["Gash","Lockon"],"picked":"Consume","floor":1},{"not_picked":["Rebound","Beam Cell","Streamline"],"picked":"SKIP","floor":3},{"not_picked":["Streamline","Cold Snap","Coolheaded"],"picked":"SKIP","floor":4},{"not_picked":["Go for the Eyes","Turbo"],"picked":"Static Discharge","floor":5},{"not_picked":["Compile Driver","Go for the Eyes","Hyperbeam"],"picked":"SKIP","floor":7},{"not_picked":["Fusion","Darkness","BootSequence"],"picked":"SKIP","floor":10},{"not_picked":["Go for the Eyes","Barrage"],"picked":"Static Discharge","floor":11},{"not_picked":["Beam Cell","Rip and Tear"],"picked":"Ball Lightning","floor":18},{"not_picked":["Compile Driver+1","Rebound","Storm"],"picked":"SKIP","floor":19},{"not_picked":["Blizzard","Hologram"],"picked":"BootSequence","floor":22},{"not_picked":["Blizzard","Coolheaded","Hologram"],"picked":"SKIP","floor":24},{"not_picked":["Skim","Coolheaded","Doom and Gloom"],"picked":"SKIP","floor":27}],"player_experience":160907,"relics_obtained":[{"floor":7,"key":"Eternal Feather"},{"floor":9,"key":"Sundial"},{"floor":10,"key":"Boot"},{"floor":26,"key":"Mercury Hourglass"}],"event_choices":[{"damage_healed":0,"gold_gain":175,"player_choice":"AGREE","damage_taken":0,"max_hp_gain":0,"max_hp_loss":0,"event_name":"Liars Game","floor":13,"gold_loss":0,"cards_obtained":["Doubt"]},{"damage_healed":0,"gold_gain":0,"player_choice":"Bought 1 Potion","damage_taken":0,"max_hp_gain":0,"max_hp_loss":0,"event_name":"The Woman in Blue","floor":14,"gold_loss":0},{"cards_removed":["Strike_B"],"damage_healed":0,"gold_gain":0,"player_choice":"Offered Basic","damage_taken":0,"max_hp_gain":0,"max_hp_loss":0,"event_name":"Bonfire Elementals","floor":21,"gold_loss":0}],"is_beta":false,"boss_relics":[{"not_picked":["Tiny House","Snecko Eye"],"picked":"Cursed Key"}],"items_purged_floors":[20],"is_endless":false,"potions_floor_spawned":[5,10,11,19,22,27],"killed_by":"Centurion and Healer","ascension_level":3}}