{"host":"59wnhi65kiwmnpg4","time":1613508731,"event":{"mods":["2.2 Compatiblity","AchievementEnabler","BaseMod","BetterRewards","Colored Map","Custom Start","Disable Question Mark Monsters","Highlight Path","Minty Spire (QoL Compilation)","Permanent Neow","Relic Sorter","Relic Stats","SuperFastMode","Unknown Chances"],"gold_per_floor":[115,115,132,204,204,239,239,269,269,137,153,170,182,16,16,16,16],"floor_reached":16,"language":"ENG","playtime":780,"items_purged":[],"score":270,"play_id":"33ed889a-7636-4afd-99f7-35914b58a78e","local_time":"20210216205211","daily_mods":["Draft"],"is_ascension_mode":true,"campfire_choices":[{"data":"Well Laid Plans","floor":7,"key":"SMITH"},{"data":"Prepared","floor":15,"key":"SMITH"}],"circlet_count":0,"master_deck":["AscendersBane","Expertise","Underhanded Strike","Cloak And Dagger","All Out Attack","Blade Dance","Deflect","Well Laid Plans+1","Poisoned Stab","Underhanded Strike","Crippling Poison","Poisoned Stab","Cloak And Dagger","Underhanded Strike","Blur","Cloak And Dagger","Predator","Dagger Throw","Blade Dance","Eviscerate","Caltrops","Acrobatics","Blur","Dodge and Roll","Prepared+1","Blur","Infinite Blades"],"relics":["Ring of the Snake","Pocketwatch","Ornamental Fan","Ancient Tea Set","Tingsha"],"acts_visited":["Exordium"],"potions_floor_usage":[],"damage_taken":[{"damage":6,"enemies":"Cultist","floor":1,"turns":3},{"damage":7,"enemies":"Small Slimes","floor":3,"turns":3},{"damage":5,"enemies":"3 Sentries","floor":6,"turns":5},{"damage":0,"enemies":"Gremlin Nob","floor":8,"turns":2},{"damage":0,"enemies":"2 Louse","floor":11,"turns":2},{"damage":0,"enemies":"Blue Slaver","floor":12,"turns":2},{"damage":1,"enemies":"Exordium Thugs","floor":13,"turns":4},{"damage":28,"enemies":"The Guardian","floor":16,"turns":11}],"seed_played":"7113824294629310775","potions_obtained":[{"floor":1,"key":"Weak Potion"},{"floor":12,"key":"FearPotion"}],"is_trial":true,"path_per_floor":["M","?","M","?","?","E","R","E","T","$","M","M","M","$","R","B"],"character_chosen":"THE_SILENT","items_purchased":["Caltrops","Acrobatics","Blur","Infinite Blades"],"campfire_rested":0,"item_purchase_floors":[10,10,14,14],"current_hp_per_floor":[53,48,41,41,41,36,36,36,36,36,36,36,35,35,35,7,7],"gold":16,"neow_bonus":"","is_daily":false,"chose_seed":false,"campfire_upgraded":2,"win_rate":0.0,"timestamp":1613508731,"path_taken":["M","?","M","?","?","E","R","E","T","?","M","M","M","$","R","BOSS"],"items_purchased_type":["Card","Card","Card","Card"],"build_version":"2020-12-22","purchased_purges":0,"victory":false,"max_hp_per_floor":[66,66,66,66,66,66,66,66,66,66,66,66,66,66,66,66,66],"relic_stats":{"counters":[8,32],"Ornamental Fan":[52],"Tingsha":[36],"obtain_stats":[{"Ornamental Fan":6,"Tingsha":9,"Ancient Tea Set":8,"Ring of the Snake":0,"Pocketwatch":2},{"Ornamental Fan":3,"Tingsha":4,"Ancient Tea Set":4,"Ring of the Snake":0,"Pocketwatch":1},{"Ornamental Fan":11,"Tingsha":13,"Ancient Tea Set":13,"Ring of the Snake":0,"Pocketwatch":3}],"Ring of the Snake":[16],"Pocketwatch":[14]},"card_choices":[{"not_picked":["Concentrate","Flying Knee"],"picked":"Expertise","floor":0},{"not_picked":["Bane","Slice"],"picked":"Underhanded Strike","floor":0},{"not_picked":["Tactician","Infinite Blades"],"picked":"Cloak And Dagger","floor":0},{"not_picked":["Flying Knee","Outmaneuver"],"picked":"All Out Attack","floor":0},{"not_picked":["Dagger Throw","Tactician"],"picked":"Blade Dance","floor":0},{"not_picked":["Choke","Prepared"],"picked":"Deflect","floor":0},{"not_picked":["Bane","Dagger Throw"],"picked":"Well Laid Plans","floor":0},{"not_picked":["Bane","Flying Knee"],"picked":"Poisoned Stab","floor":0},{"not_picked":["Riddle With Holes","Dagger Spray"],"picked":"Underhanded Strike","floor":0},{"not_picked":["Finisher","Outmaneuver"],"picked":"Crippling Poison","floor":0},{"not_picked":["Sucker Punch","Heel Hook"],"picked":"Poisoned Stab","floor":0},{"not_picked":["Outmaneuver","Blade Dance"],"picked":"Cloak And Dagger","floor":0},{"not_picked":["Quick Slash","Choke"],"picked":"Underhanded Strike","floor":0},{"not_picked":["Backflip","Sucker Punch"],"picked":"Blur","floor":0},{"not_picked":["Blade Dance","Skewer"],"picked":"Cloak And Dagger","floor":0},{"not_picked":["Slice","Expertise"],"picked":"Predator","floor":1},{"not_picked":["Flying Knee","Dagger Throw","Well Laid Plans"],"picked":"SKIP","floor":3},{"not_picked":["Flying Knee","Well Laid Plans"],"picked":"Dagger Throw","floor":3},{"not_picked":["Outmaneuver","Slice"],"picked":"Blade Dance","floor":6},{"not_picked":["Outmaneuver","Doppelganger"],"picked":"Eviscerate","floor":8},{"not_picked":["Masterful Stab","Infinite Blades"],"picked":"Blur","floor":11},{"not_picked":["Bane","Outmaneuver"],"picked":"Dodge and Roll","floor":12},{"not_picked":["Outmaneuver","Choke"],"picked":"Prepared","floor":13}],"player_experience":927884,"relics_obtained":[{"floor":6,"key":"Ornamental Fan"},{"floor":8,"key":"Ancient Tea Set"},{"floor":9,"key":"Tingsha"}],"event_choices":[{"damage_healed":0,"gold_gain":0,"player_choice":"Success","damage_taken":5,"relics_obtained":["Pocketwatch"],"max_hp_gain":0,"max_hp_loss":0,"event_name":"Scrap Ooze","floor":2,"gold_loss":0},{"damage_healed":0,"gold_gain":72,"player_choice":"Gained Gold","damage_taken":0,"max_hp_gain":0,"max_hp_loss":0,"event_name":"Golden Wing","floor":4,"gold_loss":0},{"damage_healed":0,"gold_gain":0,"player_choice":"Ignored","damage_taken":0,"max_hp_gain":0,"max_hp_loss":0,"event_name":"Liars Game","floor":5,"gold_loss":0}],"is_beta":false,"boss_relics":[],"items_purged_floors":[],"is_endless":false,"potions_floor_spawned":[1,12,13],"killed_by":"The Guardian","ascension_level":20}}