{"host":"ljaiy5ygc2blx6r2","time":1613486236,"event":{"mods":["Act Like it!","Arknights","BaseMod","Better Vampires","Challenge The Spire","Colored Powertips","Conspire","HornydragonMod","Marisa（F雨　魔理沙）","Minty Spire (QoL Compilation)","Pale of the Ancients","Reimu（博丽灵梦）","Reliquary","Remilia（蕾米莉亚）","Replay The Spire","RumiaBox-露米娅的神秘盒子","SOS（斯巴达之子）","StSLib","TestMod","The Administrix","The Animator","The Bug Knight","The Cursed","The Gatherer","The IronCluck","The Runesmith","The Servant 0.9.4","UnlockEverythingMod","[IsaacMod]以撒尖塔","【功能Mod】聪明的最终Boss","【遗物卡牌】REMEMod","篝火指南"],"gold_per_floor":[118,133,133,40,51,51,76,76,76,76,57,38,38,67,67,165,165,177,227,202,49,59,59,125,141,141,141,167,167,200,219,219,322,322,340,359,154,479,579,349,384,384,384,34,34,47,497,512,0,0],"floor_reached":51,"language":"ZHS","playtime":2320,"items_purged":["TheCursedMod:Strike_TheCursed"],"score":1075,"play_id":"b4217b48-f702-4cdc-b4ba-26f91e918f56","local_time":"20210216223716","is_ascension_mode":true,"campfire_choices":[{"data":"TheCursedMod:LuckyCharm","floor":6.0,"key":"SMITH"},{"floor":8.0,"key":"REST"},{"data":"TheCursedMod:HellsGateOpen","floor":13.0,"key":"SMITH"},{"floor":15.0,"key":"DIG"},{"data":"TheCursedMod:AntiAging","floor":27,"key":"SMITH"},{"data":"TheCursedMod:ManaCirculation","floor":29,"key":"SMITH"},{"data":"TheCursedMod:Hemoplague","floor":32,"key":"SMITH"},{"data":"TheCursedMod:CircleOfFlame","floor":42,"key":"SMITH"},{"data":"TheCursedMod:CursedRelics","floor":45,"key":"SMITH"}],"circlet_count":0,"master_deck":["TheCursedMod:Strike_TheCursed","TheCursedMod:Strike_TheCursed","TheCursedMod:Strike_TheCursed","TheCursedMod:Defend_TheCursed","TheCursedMod:Defend_TheCursed","TheCursedMod:Defend_TheCursed","TheCursedMod:Defend_TheCursed","TheCursedMod:CursedWand","TheCursedMod:CleanUpWorkshop","TheCursedMod:Dregs","REME_Shoggoth+1","TheCursedMod:SpitefulStrike","TheCursedMod:CircleOfFlame+1","TheCursedMod:LuckyCharm+1","TheCursedMod:FleshFromBone","TheCursedMod:Stigma","TheCursedMod:Wield","TheCursedMod:SurpriseAttack","TheCursedMod:HellsGateOpen+1","TheCursedMod:SmokeScreen","TheCursedMod:AntiAging+1","TheCursedMod:CircleOfCorruption+1","TheCursedMod:ManaBullet+1","TheCursedMod:CircleOfFlame+1","TheCursedMod:Hemoplague+1","TheCursedMod:CursedShiv","TheCursedMod:ManaCirculation+1","TheCursedMod:CircleOfCorruption","TheCursedMod:CursedRelics+1","TheCursedMod:Torture","TheCursedMod:CursedStaff+1","Regret","TheCursedMod:SoulCrush+1","TheCursedMod:HellfireBreathing","TheCursedMod:StingEye","TheCursedMod:TacticalStrike","TheCursedMod:LuckyCharm+1","TheCursedMod:CursedBoomerang+1","TheCursedMod:CursedBlade","TheCursedMod:Torture","TheCursedMod:AshesToAshes","TheCursedMod:SurpriseAttack"],"relics":["TheCursedMod:BlackMagic101","testmod-TestBox","HushsDoor","testmod-Justice","BelialBook","NeowsBlessing","Baka","MagicDraw2","testmod-HeartOfStrike","Divine Protection","SsserpentHead","GuppysTail","Art of War","REME_DuelDisc","Incubus","conspire:TreasureMap","reliquary:Spinner","Pet Ghost","testmod-TurbochargingSystem","testmod-CasingShield","conspire:RoyalGoblet","GuppysPaw","GuppysHairball","Happy Flower","Bird Faced Urn","Replay:Baseball","Strawberry","Golden Egg","Bag of Preparation","Guide Book"],"acts_visited":["Exordium","TheCity","TheBeyond"],"potions_floor_usage":[23,50,50,50],"damage_taken":[{"damage":0.0,"enemies":"2 Louse","floor":1.0,"turns":1.0},{"damage":0.0,"enemies":"Jaw Worm","floor":2.0,"turns":1.0},{"damage":0.0,"enemies":"Cultist","floor":5.0,"turns":1.0},{"damage":25.0,"enemies":"3 Sentries","floor":7.0,"turns":8.0},{"damage":0.0,"enemies":"Large Slime","floor":11.0,"turns":3.0},{"damage":6.0,"enemies":"Gremlin Nob","floor":14.0,"turns":3.0},{"damage":14.0,"enemies":"The Guardian","floor":16.0,"turns":10.0},{"damage":12.0,"enemies":"Shell Parasite","floor":18.0,"turns":3.0},{"damage":10,"enemies":"Spheric Guardian","floor":22,"turns":5},{"damage":0,"enemies":"conspire:Head Lice","floor":23,"turns":3},{"damage":0,"enemies":"Shelled Parasite and Fungi","floor":24,"turns":3},{"damage":9,"enemies":"Sentry and Sphere","floor":25,"turns":5},{"damage":0,"enemies":"conspire:SneckoGhost","floor":28,"turns":5},{"damage":0,"enemies":"Gremlin Leader","floor":30,"turns":3},{"damage":0,"enemies":"Snake Plant","floor":31,"turns":3},{"damage":0,"enemies":"Champ","floor":33,"turns":5},{"damage":0,"enemies":"3 Shapes","floor":35,"turns":2},{"damage":0,"enemies":"Orb Walker","floor":36,"turns":2},{"damage":0,"enemies":"Mind Bloom Boss Battle","floor":39,"turns":2},{"damage":0,"enemies":"Nemesis","floor":41,"turns":3},{"damage":0,"enemies":"4 Shapes","floor":46,"turns":3},{"damage":0,"enemies":"3 Darklings","floor":48,"turns":2},{"damage":54,"enemies":"Time Eater","floor":50,"turns":11}],"seed_played":"-4601603916472205192","potions_obtained":[{"floor":5.0,"key":"ZuzhouPotion:ReiMu"},{"floor":11.0,"key":"Explosive Potion"},{"floor":14.0,"key":"Fire Potion"},{"floor":16.0,"key":"BlessingOfTheForge"},{"floor":22,"key":"SkillPotion"},{"floor":31,"key":"Regen Potion"}],"is_trial":false,"path_per_floor":["M","M","?","$","M","R","E","R","T","?","M","$","R","E","R","B",null,"M","?","?","$","M","E","M","M","T","R","E","R","E","M","R","B",null,"M","M","$","?","?","R","E","R","T","$","R","M","?","M","R","B",null],"character_chosen":"THE_CURSED","items_purchased":["TheCursedMod:LuckyCharm","TheCursedMod:FleshFromBone","TheCursedMod:HellsGateOpen","Incubus","conspire:TreasureMap","GuppysPaw","GuppysHairball","Happy Flower","Cursed Concoction","TheCursedMod:HellfireBreathing","TheCursedMod:StingEye","Golden Egg","TheCursedMod:LuckyCharm","TheCursedMod:CursedBoomerang","Bag of Preparation","Guide Book","TheCursedMod:AshesToAshes","TheCursedMod:SurpriseAttack","Cursed Concoction"],"campfire_rested":1,"item_purchase_floors":[4,4,12,17,21,34,34,37,37,40,40,44,44,44,49,49,49,49,49],"current_hp_per_floor":[75,75,75,75,75,75,50,72,72,72,72,72,72,66,66,52,55,45,67,67,67,58,61,63,56,56,56,59,59,59,62,62,65,63,63,69,69,69,69,69,69,69,76,76,76,76,76,76,76,49],"gold":0,"neow_bonus":"THREE_ENEMY_KILL","is_daily":false,"chose_seed":false,"campfire_upgraded":7,"win_rate":0.0,"timestamp":1613486236,"path_taken":["M","M","?","?","M","R","E","R","T","?","M","?","R","E","R","BOSS","M","?","?","$","M","E","?","M","T","R","E","R","E","M","R","BOSS","M","M","?","?","?","R","E","R","T","$","R","M","?","M","R","BOSS"],"items_purchased_type":["Card","Card","Card","Relic","Relic","Relic","Relic","Relic","Potion","Card","Card","Relic","Card","Card","Relic","Relic","Card","Card","Potion"],"build_version":"2020-12-22","purchased_purges":1,"victory":true,"max_hp_per_floor":[75,75,75,75,75,75,75,75,75,75,75,75,75,75,75,75,55,57,67,67,67,67,70,72,74,74,74,77,77,77,80,80,83,63,63,69,69,69,69,69,69,69,76,76,76,76,76,76,76,73],"card_choices":[{"not_picked":[],"picked":"BloodyBrimstone","floor":0.0},{"not_picked":["TheCursedMod:CursedSpellbook","TheCursedMod:DoubleShield"],"picked":"TheCursedMod:SpitefulStrike","floor":1.0},{"not_picked":["TheCursedMod:EmpowerCircles","TheCursedMod:CursedShiv"],"picked":"TheCursedMod:CircleOfFlame","floor":2.0},{"not_picked":["TheCursedMod:BloodBarrier","TheCursedMod:CircleOfFocus"],"picked":"TheCursedMod:Stigma","floor":5.0},{"not_picked":["TheCursedMod:Obscuration","TheCursedMod:SurpriseAttack"],"picked":"TheCursedMod:Wield","floor":7.0},{"not_picked":["TheCursedMod:FuryStrike","TheCursedMod:Torture"],"picked":"TheCursedMod:SurpriseAttack","floor":11.0},{"not_picked":["TheCursedMod:FuryStrike","TheCursedMod:VitalStrike"],"picked":"TheCursedMod:SmokeScreen","floor":14.0},{"not_picked":["TheCursedMod:VoidForm","TheCursedMod:OutForBlood"],"picked":"TheCursedMod:AntiAging","floor":16.0},{"not_picked":["TheCursedMod:CursedShiv+1","TheCursedMod:FleshFromBone"],"picked":"TheCursedMod:CircleOfCorruption+1","floor":18.0},{"not_picked":["TheCursedMod:CursedShiv","TheCursedMod:CircleOfFlame+1"],"picked":"TheCursedMod:ManaBullet","floor":22},{"not_picked":["TheCursedMod:VitalStrike","TheCursedMod:TacticalStrike"],"picked":"TheCursedMod:CircleOfFlame+1","floor":23},{"not_picked":["TheCursedMod:CursedBlade","TheCursedMod:SurpriseAttack+1"],"picked":"TheCursedMod:Hemoplague","floor":24},{"not_picked":["TheCursedMod:VitalStrike","TheCursedMod:FleshFromBone+1"],"picked":"TheCursedMod:CursedShiv","floor":25},{"not_picked":["TheCursedMod:TroublousMinions+1","TheCursedMod:Stretching"],"picked":"TheCursedMod:ManaCirculation","floor":28},{"not_picked":["TheCursedMod:Torture","TheCursedMod:RavingStaff+1","TheCursedMod:EmpowerCircles+1"],"picked":"SKIP","floor":30},{"not_picked":["TheCursedMod:CursedShiv+1","TheCursedMod:ManaBullet+1"],"picked":"TheCursedMod:CircleOfCorruption","floor":31},{"not_picked":["TheCursedMod:ManaCirculation","TheCursedMod:DemonicPact"],"picked":"TheCursedMod:CursedRelics","floor":33},{"not_picked":["TheCursedMod:SaltUponWound","TheCursedMod:VitalStrike"],"picked":"TheCursedMod:Torture","floor":35},{"not_picked":["TheCursedMod:Torture+1","TheCursedMod:RapidMovement+1"],"picked":"TheCursedMod:CursedStaff+1","floor":36},{"not_picked":["TheCursedMod:CircleOfCorruption","TheCursedMod:Hemoplague"],"picked":"TheCursedMod:SoulCrush+1","floor":39},{"not_picked":["TheCursedMod:BloodBarrier+1","TheCursedMod:Stretching"],"picked":"TheCursedMod:TacticalStrike","floor":41},{"not_picked":["TheCursedMod:FleshFromBone","TheCursedMod:Stigma+1"],"picked":"TheCursedMod:CursedBlade","floor":46},{"not_picked":["TheCursedMod:FleshFromBone","TheCursedMod:SaltUponWound"],"picked":"TheCursedMod:Torture","floor":48}],"player_experience":221905,"relics_obtained":[{"floor":1.0,"key":"Baka"},{"floor":7.0,"key":"testmod-HeartOfStrike"},{"floor":9.0,"key":"Divine Protection"},{"floor":14.0,"key":"GuppysTail"},{"floor":15.0,"key":"Art of War"},{"floor":23,"key":"reliquary:Spinner"},{"floor":26,"key":"Pet Ghost"},{"floor":28,"key":"testmod-TurbochargingSystem"},{"floor":30,"key":"testmod-CasingShield"},{"floor":39,"key":"Bird Faced Urn"},{"floor":41,"key":"Replay:Baseball"},{"floor":43,"key":"Strawberry"}],"event_choices":[{"damage_healed":0.0,"max_hp_gain":0.0,"max_hp_loss":0.0,"gold_gain":0.0,"event_name":"Big Fish","player_choice":"Box","floor":3.0,"gold_loss":0.0,"damage_taken":0.0,"relics_obtained":["MagicDraw2"],"cards_obtained":["Regret"]},{"damage_healed":0.0,"max_hp_gain":0.0,"max_hp_loss":0.0,"gold_gain":0.0,"event_name":"FaceTrader","player_choice":"Trade","floor":10.0,"gold_loss":0.0,"damage_taken":0.0,"relics_obtained":["SsserpentHead"]},{"cards_removed":["BloodyBrimstone"],"damage_healed":12,"gold_gain":0,"player_choice":"Offered Rare","damage_taken":0,"max_hp_gain":10,"max_hp_loss":0,"event_name":"Bonfire Elementals","floor":19,"gold_loss":0},{"cards_removed":["Regret"],"damage_healed":0,"gold_gain":0,"player_choice":"Gave Gold","damage_taken":0,"max_hp_gain":0,"max_hp_loss":0,"event_name":"Beggar","floor":20,"gold_loss":75},{"damage_healed":0,"gold_gain":275,"player_choice":"Desecrate","damage_taken":0,"max_hp_gain":0,"max_hp_loss":0,"event_name":"Golden Shrine","floor":38,"gold_loss":0,"cards_obtained":["Regret"]},{"damage_healed":0,"gold_gain":0,"player_choice":"Fight","damage_taken":0,"max_hp_gain":0,"max_hp_loss":0,"event_name":"MindBloom","floor":39,"gold_loss":0},{"damage_healed":0,"gold_gain":400,"player_choice":"Sell","damage_taken":0,"max_hp_gain":0,"max_hp_loss":0,"event_name":"恩洛斯的盘子","floor":47,"relics_lost":["REME_ComplimentaryCards"],"gold_loss":0}],"is_beta":false,"boss_relics":[{"not_picked":["Runic Pyramid","Snecko Eye"],"picked":"REME_DuelDisc"},{"not_picked":[]},{"not_picked":["testmod-IncinerationGenerator","Replay:Wanted Poster"],"picked":"conspire:RoyalGoblet"},{"not_picked":[]}],"items_purged_floors":[40],"is_endless":false,"potions_floor_spawned":[5,11,14,16,22,24,25,31,36,41,48],"ascension_level":2}}