{"host":"9nqlpswyo8o6ezw3","time":1613439939,"event":{"mods":["Act Like it!","BaseMod","Colored Powertips","Downfall","Hallownest","Hermit","Lobotomy","LobotomyExtend","Marisa????????","Minty Spire (QoL Compilation)","StSLib","The Bug Knight","The Cursed"],"gold_per_floor":[117,117,117,135,150,150,150],"floor_reached":6,"language":"ENG","playtime":384,"items_purged":[],"score":36,"play_id":"3d1085dc-04c3-4533-b2f2-f1b759bdd18e","local_time":"20210215204539","is_ascension_mode":false,"campfire_choices":[],"circlet_count":0,"master_deck":["Strike_G","Strike_G","Strike_G","Strike_G","Strike_G","Defend_G","Defend_G","Defend_G","Defend_G","Defend_G","Survivor","Neutralize","Murderer","Underhanded Strike","Die Die Die","Flechettes","ShyLook","Blur","Scorched","PiercingWail"],"relics":["Ring of the Snake","CogitoBucket","RabbitCall","LetterFromLob"],"acts_visited":["Exordium"],"potions_floor_usage":[6],"damage_taken":[{"damage":0,"enemies":"Small Slimes","floor":1,"turns":5},{"damage":9,"enemies":"Cultist","floor":4,"turns":4},{"damage":0,"enemies":"2 Louse","floor":5,"turns":1},{"damage":73,"enemies":"Gremlin Nob","floor":6,"turns":5}],"seed_played":"-5943606786368488581","potions_obtained":[{"floor":1,"key":"FearPotion"}],"is_trial":false,"path_per_floor":["M","?","?","M","M","E"],"character_chosen":"THE_SILENT","items_purchased":[],"campfire_rested":0,"item_purchase_floors":[],"current_hp_per_floor":[70,75,75,66,66,0,0],"gold":150,"neow_bonus":"","is_daily":false,"chose_seed":false,"campfire_upgraded":0,"win_rate":0.0,"timestamp":1613439939,"path_taken":["M","?","?","M","?","E"],"items_purchased_type":[],"build_version":"2020-12-22","purchased_purges":0,"victory":false,"max_hp_per_floor":[70,75,75,75,75,75,75],"card_choices":[{"not_picked":["FairyFestival","CrumblingArmor"],"picked":"Murderer","floor":1},{"not_picked":["Caltrops","Prepared"],"picked":"Underhanded Strike","floor":1},{"not_picked":["CrumblingArmor","OldLady"],"picked":"ShyLook","floor":4},{"not_picked":["Deflect","Dash"],"picked":"Blur","floor":4},{"not_picked":["CherryBlossoms","PunishingBird"],"picked":"Scorched","floor":5},{"not_picked":["Dodge and Roll","Deflect"],"picked":"PiercingWail","floor":5}],"player_experience":44135,"relics_obtained":[{"floor":1,"key":"LetterFromLob"}],"event_choices":[{"damage_healed":0,"gold_gain":0,"player_choice":"Donut","damage_taken":0,"max_hp_gain":5,"max_hp_loss":0,"event_name":"Big Fish","floor":2,"gold_loss":0},{"damage_healed":0,"gold_gain":0,"player_choice":"2 cards matched","damage_taken":0,"max_hp_gain":0,"max_hp_loss":0,"event_name":"Match and Keep!","floor":3,"gold_loss":0,"cards_obtained":["Die Die Die","Flechettes"]}],"is_beta":false,"boss_relics":[],"items_purged_floors":[],"is_endless":false,"potions_floor_spawned":[1],"killed_by":"Gremlin Nob","ascension_level":0}}