{"host":"51qmnr9isyv85d0p","time":1613473028,"event":{"mods":["AchievementEnabler","BaseMod","Colored Map","Colored Powertips","Curses Come First","Downfall","Minty Spire (QoL Compilation)","Red Circlet Mod","Relic Stats","StSLib","TestMod"],"gold_per_floor":[99,112,23051,23064,23164,23181,23208,21993,21893,21992,22006,22039,22058,22085,22095,22198,22198,22198,22217,22230,22290,22302,21271,21271,21271,21300,21309,21322,21352,21252,20280,20296,20395,20395,20395,20411,19943,19992,19452,19550,19617,19617,19644,19296,19321,19332,19332,19348,19361,19361],"floor_reached":51,"language":"ZHS","playtime":3928,"items_purged":["bronze:Defend","bronze:Strike","bronze:Defend","bronze:Strike","bronze:Defend","bronze:Replicate","Normality"],"score":1092,"play_id":"59c241ae-4303-4932-b294-985dfcfbc908","local_time":"20210216185707","is_ascension_mode":true,"campfire_choices":[{"data":"bronze:Strike","floor":1,"key":"SMITH"},{"data":"bronze:InfiniteLoop","floor":9,"key":"SMITH"},{"data":"bronze:ThunderWave","floor":18,"key":"SMITH"},{"data":"bronze:ClassDefault","floor":25,"key":"SMITH"},{"data":"testmod-Collector","floor":30,"key":"SMITH"},{"data":"bronze:ClassDefault","floor":35,"key":"SMITH"},{"data":"bronze:ChosenStrike","floor":42,"key":"SMITH"},{"data":"bronze:RecursiveStrike","floor":47,"key":"SMITH"}],"circlet_count":0,"master_deck":["bronze:Strike+1","bronze:Goto","bronze:DigitalCarnage","bronze:Fortify","bronze:ChosenStrike+1","bronze:ClassDefault+1","expansioncontent:Chronoboost","bronze:Terminator+1","bronze:Allocate","bronze:BronzeOrb","bronze:CleanCode","bronze:Repair","bronze:ClassDefault+1","testmod-Collector+1","bronze:BronzeOrb","bronze:InfiniteLoop+1","bronze:FindAndReplace","bronze:InfiniteBeams","bronze:Boost","bronze:ThunderWave+1","bronze:BronzeOrb+1","bronze:Optimize+1","bronze:RecursiveStrike+1","bronze:ClassDefault+1","Mayhem+1","Swift Strike","bronze:Library+1","bronze:Repulsor+1","expansioncontent:InvincibleStrength+1","expansioncontent:PolyBeam+1","bronze:ClassDefault+1","Deep Breath+1","Doubt","Shame","bronze:ChildClass+1","bronze:ClassDefault+1"],"relics":["bronze:BronzeCore","testmod-TestBox","testmod-Fanaticism","testmod-Antiphasic","Mummified Hand","Frozen Eye","testmod-Charity","Gambling Chip","Bottled Flame","downfall:HeartBlessingBlue","downfall:CloakOfManyFaces","CultistMask","FaceOfCleric","NlothsMask","GremlinMask","SsserpentHead","Centennial Puzzle","CaptainsWheel","testmod-CardMagician","Eternal Feather","MealTicket","Sling","champ:DuelingGlove","Toy Ornithopter","downfall:HeartBlessingGreen","Toxic Egg 2","Frozen Egg 2","Membership Card","Busted Crown","Guardian:GemstoneGun","Ornamental Fan","OrangePellets","testmod-InjuryResistance","Molten Egg 2","champ:Barbells","Lizard Tail","Darkstone Periapt","testmod-Laevatain","testmod-LifeArmor","testmod-MagicalMallet","bronze:CableSpool"],"acts_visited":["Exordium","TheCity","TheBeyond"],"potions_floor_usage":[5,5,8,8,11,12,20,23,26,26,26,43,43,45,45],"damage_taken":[{"damage":21,"enemies":"Jaw Worm","floor":2,"turns":4},{"damage":0,"enemies":"downfall:FleeingMerchant","floor":3,"turns":4},{"damage":7,"enemies":"2 Louse","floor":4,"turns":2},{"damage":43,"enemies":"downfall:Heads","floor":5,"turns":4},{"damage":0,"enemies":"Cultist","floor":6,"turns":2},{"damage":15,"enemies":"downfall:FleeingMerchant","floor":8,"turns":4},{"damage":21,"enemies":"downfall:FaceTrader","floor":10,"turns":4},{"damage":9,"enemies":"Exordium Thugs","floor":11,"turns":3},{"damage":9,"enemies":"3 Sentries","floor":12,"turns":3},{"damage":0,"enemies":"downfall:LooterAlt","floor":13,"turns":2},{"damage":0,"enemies":"Lagavulin","floor":14,"turns":2},{"damage":0,"enemies":"2 Fungi Beasts","floor":15,"turns":2},{"damage":10,"enemies":"WA_ARCHETYPE_RETAIN","floor":16,"turns":2},{"damage":12,"enemies":"3 Byrds","floor":19,"turns":2},{"damage":2,"enemies":"downfall:LooterAlt2","floor":20,"turns":2},{"damage":0,"enemies":"Snecko","floor":21,"turns":2},{"damage":0,"enemies":"Snake Plant","floor":22,"turns":2},{"damage":34,"enemies":"Gremlin Leader","floor":26,"turns":2},{"damage":0,"enemies":"Shelled Parasite and Fungi","floor":27,"turns":2},{"damage":37,"enemies":"Centurion and Healer","floor":28,"turns":2},{"damage":42,"enemies":"Slavers","floor":29,"turns":2},{"damage":24,"enemies":"Cultist and Chosen","floor":32,"turns":2},{"damage":36,"enemies":"IC_MUSHROOM_ARCHETYPE","floor":33,"turns":2},{"damage":40,"enemies":"3 Shapes","floor":36,"turns":2},{"damage":0,"enemies":"3 Shapes","floor":40,"turns":2},{"damage":7,"enemies":"Nemesis","floor":43,"turns":3},{"damage":0,"enemies":"Reptomancer","floor":45,"turns":2},{"damage":0,"enemies":"Orb Walker","floor":46,"turns":1},{"damage":4,"enemies":"Jaw Worm Horde","floor":48,"turns":2},{"damage":0,"enemies":"Maw","floor":49,"turns":1},{"damage":0,"enemies":"DF_ARCHETYPE_ORBS","floor":50,"turns":2}],"seed_played":"-331623254490203922","potions_obtained":[{"floor":5,"key":"FearPotion"},{"floor":10,"key":"BlessingOfTheForge"},{"floor":11,"key":"DistilledChaos"},{"floor":13,"key":"Block Potion"},{"floor":14,"key":"Energy Potion"},{"floor":20,"key":"SpeedPotion"},{"floor":26,"key":"Weak Potion"},{"floor":45,"key":"Dexterity Potion"},{"floor":49,"key":"AttackPotion"}],"is_trial":false,"path_per_floor":["R","M","$","M","?","M","T","$","R","?","M","E","M","E","M","B",null,"R","M","M","M","M","$","T","R","E","M","M","E","R","$","M","B",null,"R","M","?","?","$","?","T","R","E","$","E","M","R","M","M","B",null],"character_chosen":"THE_AUTOMATON","items_purchased":["bronze:ChosenStrike","testmod-Antiphasic","Mummified Hand","Frozen Eye","bronze:ClassDefault","expansioncontent:Chronoboost","Fire Potion","Fire Potion","Energy Potion","testmod-Charity","bronze:ClassDefault","testmod-Collector","bronze:BronzeOrb","bronze:InfiniteLoop","bronze:FindAndReplace","testmod-SpacePotion","BlessingOfTheForge","SteroidPotion","Gambling Chip","Bottled Flame","Eternal Feather","MealTicket","Sling","testmod-SpacePotion","Ancient Potion","PowerPotion","bronze:Optimize","bronze:RecursiveStrike","Toxic Egg 2","Frozen Egg 2","Membership Card","bronze:ClassDefault+1","Mayhem+1","Swift Strike","bronze:FreeFunctionsPotion","Fire Potion","Guardian:GemstoneGun","Ornamental Fan","OrangePellets","bronze:Repulsor+1","expansioncontent:InvincibleStrength","testmod-InjuryResistance","Molten Egg 2","champ:Barbells","bronze:ClassDefault+1","Deep Breath+1","testmod-LifeArmor","testmod-MagicalMallet","bronze:ClassDefault+1","Fire Potion","BlessingOfTheForge"],"campfire_rested":0,"item_purchase_floors":[3,3,3,3,3,3,3,3,3,8,8,8,8,8,8,8,8,8,8,8,23,23,23,23,23,23,23,23,31,31,31,31,31,31,31,31,37,37,37,37,37,39,39,39,39,39,44,44,44,44,44],"current_hp_per_floor":[77,63,63,57,48,48,48,46,56,61,64,65,74,83,92,100,100,100,99,104,107,109,109,109,109,111,113,115,117,117,117,119,121,121,121,121,122,123,125,128,129,129,149,149,151,153,153,154,156,158],"gold":19361,"neow_bonus":"TEN_PERCENT_HP_BONUS","is_daily":false,"chose_seed":false,"campfire_upgraded":8,"win_rate":0.0,"timestamp":1613473027,"path_taken":["R","M","$","M","?","M","T","$","R","?","M","E","M","E","M","BOSS","R","M","M","?","M","$","T","R","E","M","M","E","R","$","M","BOSS","R","M","?","?","$","?","T","R","E","$","E","M","R","M","M","BOSS"],"items_purchased_type":["Card","Relic","Relic","Relic","Card","Card","Potion","Potion","Potion","Relic","Card","Card","Card","Card","Card","Potion","Potion","Potion","Relic","Relic","Relic","Relic","Relic","Potion","Potion","Potion","Card","Card","Relic","Relic","Relic","Card","Card","Card","Potion","Potion","Relic","Relic","Relic","Card","Card","Relic","Relic","Relic","Card","Card","Relic","Relic","Card","Potion","Potion"],"build_version":"2020-12-22","purchased_purges":7,"victory":true,"max_hp_per_floor":[77,77,77,77,77,77,77,77,87,88,90,92,94,96,98,100,100,100,102,104,107,109,109,109,109,111,113,115,117,117,117,119,121,121,121,123,124,125,125,128,129,129,149,149,151,153,153,155,157,158],"relic_stats":{"Darkstone Periapt":18,"counters":[31,73],"Eternal Feather":0,"SsserpentHead":196,"OrangePellets":[6],"Centennial Puzzle":[33],"Lizard Tail":0,"Busted Crown":16,"FaceOfCleric":24,"Mummified Hand":[88],"Ornamental Fan":[36],"Gambling Chip":[70],"MealTicket":2,"obtain_stats":[{"Darkstone Periapt":41,"champ:DuelingGlove":26,"bronze:BronzeCore":0,"GremlinMask":10,"downfall:HeartBlessingGreen":30,"testmod-LifeArmor":44,"Sling":23,"testmod-Charity":8,"bronze:CableSpool":45,"testmod-Fanaticism":0,"Frozen Eye":3,"SsserpentHead":10,"Centennial Puzzle":12,"Lizard Tail":40,"testmod-InjuryResistance":39,"FaceOfCleric":10,"Mummified Hand":3,"downfall:HeartBlessingBlue":9,"testmod-Laevatain":43,"Gambling Chip":8,"MealTicket":23,"downfall:CloakOfManyFaces":10,"Toxic Egg 2":31,"champ:Barbells":39,"testmod-TestBox":0,"Guardian:GemstoneGun":37,"testmod-CardMagician":17,"Eternal Feather":23,"Frozen Egg 2":31,"testmod-Antiphasic":3,"OrangePellets":37,"Bottled Flame":8,"CaptainsWheel":14,"Busted Crown":34,"Ornamental Fan":37,"Molten Egg 2":39,"testmod-MagicalMallet":44,"CultistMask":10,"Membership Card":31,"Toy Ornithopter":29,"NlothsMask":10},{"Darkstone Periapt":25,"champ:DuelingGlove":18,"bronze:BronzeCore":0,"GremlinMask":7,"downfall:HeartBlessingGreen":21,"testmod-LifeArmor":26,"Sling":17,"testmod-Charity":6,"bronze:CableSpool":27,"testmod-Fanaticism":0,"Frozen Eye":2,"SsserpentHead":7,"Centennial Puzzle":9,"Lizard Tail":25,"testmod-InjuryResistance":24,"FaceOfCleric":7,"Mummified Hand":2,"downfall:HeartBlessingBlue":6,"testmod-Laevatain":26,"Gambling Chip":6,"MealTicket":17,"downfall:CloakOfManyFaces":7,"Toxic Egg 2":21,"champ:Barbells":24,"testmod-TestBox":0,"Guardian:GemstoneGun":24,"testmod-CardMagician":13,"Eternal Feather":17,"Frozen Egg 2":21,"testmod-Antiphasic":2,"OrangePellets":24,"Bottled Flame":6,"CaptainsWheel":11,"Busted Crown":23,"Ornamental Fan":24,"Molten Egg 2":24,"testmod-MagicalMallet":26,"CultistMask":7,"Membership Card":21,"Toy Ornithopter":21,"NlothsMask":7},{"Darkstone Periapt":62,"champ:DuelingGlove":48,"bronze:BronzeCore":0,"GremlinMask":24,"downfall:HeartBlessingGreen":54,"testmod-LifeArmor":65,"Sling":46,"testmod-Charity":20,"bronze:CableSpool":67,"testmod-Fanaticism":0,"Frozen Eye":8,"SsserpentHead":24,"Centennial Puzzle":30,"Lizard Tail":62,"testmod-InjuryResistance":60,"FaceOfCleric":24,"Mummified Hand":8,"downfall:HeartBlessingBlue":20,"testmod-Laevatain":65,"Gambling Chip":20,"MealTicket":46,"downfall:CloakOfManyFaces":24,"Toxic Egg 2":54,"champ:Barbells":60,"testmod-TestBox":0,"Guardian:GemstoneGun":60,"testmod-CardMagician":38,"Eternal Feather":46,"Frozen Egg 2":54,"testmod-Antiphasic":8,"OrangePellets":60,"Bottled Flame":20,"CaptainsWheel":34,"Busted Crown":58,"Ornamental Fan":60,"Molten Egg 2":60,"testmod-MagicalMallet":65,"CultistMask":24,"Membership Card":54,"Toy Ornithopter":54,"NlothsMask":24}],"Toy Ornithopter":0},"card_choices":[{"not_picked":["bronze:Invalidate","bronze:ForceShield"],"picked":"bronze:DigitalCarnage","floor":2},{"not_picked":["bronze:OilSpill","bronze:Turbo"],"picked":"bronze:Fortify","floor":3},{"not_picked":["bronze:WildBeam","bronze:WhirlingStrike"],"picked":"bronze:Terminator","floor":4},{"not_picked":["bronze:Constructor","bronze:BuggyMess"],"picked":"bronze:BronzeOrb","floor":5},{"not_picked":["bronze:BronzeOrb","bronze:BitShift"],"picked":"bronze:CleanCode","floor":6},{"not_picked":["bronze:ForLoop","bronze:BugBarrage"],"picked":"bronze:Repair","floor":8},{"not_picked":["bronze:Invalidate","bronze:OilSpill","bronze:DelayedSlice"],"picked":"SKIP","floor":11},{"not_picked":["bronze:Frontload","bronze:Branch","bronze:BitShift"],"picked":"SKIP","floor":12},{"not_picked":["bronze:CloningBeam","bronze:DigitalCarnage","bronze:Invalidate"],"picked":"SKIP","floor":13},{"not_picked":["bronze:DarkDash","bronze:FollowUp"],"picked":"bronze:InfiniteBeams","floor":14},{"not_picked":["bronze:AlphaBuild","bronze:Turbo"],"picked":"bronze:Boost","floor":15},{"not_picked":["bronze:AlphaBuild","bronze:SpaghettiCode"],"picked":"bronze:ThunderWave","floor":16},{"not_picked":["bronze:BuggyMess","bronze:Turbo","bronze:Iterate"],"picked":"SKIP","floor":19},{"not_picked":["bronze:OilSpill","bronze:NullPointer","bronze:Overload"],"picked":"SKIP","floor":20},{"not_picked":["bronze:Constructor+1","bronze:OilSpill","bronze:FindAndReplace"],"picked":"SKIP","floor":21},{"not_picked":["bronze:CutThrough","bronze:BuggyMess"],"picked":"bronze:BronzeOrb+1","floor":22},{"not_picked":["bronze:Repair+1","bronze:Safeguard","bronze:BuggyMess"],"picked":"SKIP","floor":26},{"not_picked":["bronze:Shell","bronze:WhirlingStrike","bronze:Constructor"],"picked":"SKIP","floor":27},{"not_picked":["bronze:Shield","bronze:WildBeam","bronze:Terminator"],"picked":"SKIP","floor":28},{"not_picked":["bronze:Separator","bronze:Deprecate","bronze:BugBarrage+1"],"picked":"SKIP","floor":29},{"not_picked":["bronze:Deprecate+1","bronze:Break","bronze:Allocate+1"],"picked":"SKIP","floor":32},{"not_picked":["bronze:AlphaBuild","bronze:CleanCode+1"],"picked":"bronze:Library+1","floor":33},{"not_picked":["bronze:WildBeam"],"picked":"SKIP","floor":36},{"not_picked":["expansioncontent:AwakenDeath","expansioncontent:GuardianWhirl"],"picked":"expansioncontent:PolyBeam","floor":38},{"not_picked":[],"picked":"bronze:ChildClass+1","floor":43},{"not_picked":["bronze:WildBeam+1"],"picked":"SKIP","floor":45},{"not_picked":["bronze:Separator+1"],"picked":"SKIP","floor":46},{"not_picked":["bronze:Boost+1"],"picked":"SKIP","floor":48},{"not_picked":["bronze:BitShift+1"],"picked":"SKIP","floor":49}],"player_experience":84409,"relics_obtained":[{"floor":10,"key":"downfall:CloakOfManyFaces"},{"floor":12,"key":"Centennial Puzzle"},{"floor":14,"key":"CaptainsWheel"},{"floor":26,"key":"champ:DuelingGlove"},{"floor":29,"key":"Toy Ornithopter"},{"floor":40,"key":"Lizard Tail"},{"floor":41,"key":"Darkstone Periapt"},{"floor":43,"key":"testmod-Laevatain"},{"floor":45,"key":"bronze:CableSpool"}],"event_choices":[],"is_beta":false,"boss_relics":[{"not_picked":["testmod-Temperance","testmod-StringDisintegrator"],"picked":"testmod-CardMagician"},{"not_picked":["testmod-NegativeEmotionEnhancer","expansioncontent:StudyCardRelic"],"picked":"Busted Crown"}],"items_purged_floors":[3,8,23,31,37,39,44],"is_endless":false,"potions_floor_spawned":[5,10,11,13,14,16,20,26,32,33,36,45,49],"ascension_level":2}}