{"host":"o3b7ow6d1xe49css","time":1613455606,"event":{"mods":["Act Like it!","Aspiration","BaseMod","Bestiary","Better Altar","Better Match","Better Note","Better Sensory Stone","Better Skull","Better Third Choice","Colored Powertips","Conspire","Energized Spire","Force Act Four","GifTheSpireLib","Halation","Hermit","Hubris","Infinite Spire","Lobotomy","Minty Spire (QoL Compilation)","Quick Restart","Rare Cards Sparkle","Relic Filter Mod","Reliquary","Replay The Spire","Spicy Shops","Spikes Relics","StSLib","Stuff the Spire","The Blue Laboratory","The Disciple","Wandering Minibosses"],"gold_per_floor":[117,135,145,16,32,67,127,127,127,152,73,107,136,166,166,267,267,465,475,486,340,32,66,66,92,119,148,148,148,148,192,192,304,304,346,659,413,413,10,60,60,113,113,172,172,235,295,346,346,474,474,474,33,66,66],"floor_reached":56,"language":"ENG","playtime":2902,"items_purged":["Strike_P","Strike_P+1","Indignation","LessonLearned"],"score":1860,"play_id":"bf9bc3d4-1d4d-4f68-8a6b-f44e389f9610","local_time":"20210215210646","daily_mods":["Heirloom","Flight"],"is_ascension_mode":true,"campfire_choices":[{"data":"Eruption","floor":8,"key":"SMITH"},{"data":"BattleHymn","floor":15,"key":"SMITH"},{"floor":28,"key":"RECALL"},{"data":"Pot Of Greed","floor":29,"key":"SMITH"},{"floor":30,"key":"REST"},{"data":"Scorched","floor":32,"key":"PURGE"},{"data":"Pot Of Greed","floor":41,"key":"SMITH"},{"floor":49,"key":"DIG"},{"data":"Wish","floor":52,"key":"SMITH"}],"circlet_count":0,"master_deck":["Defend_P","Eruption+1","Vigilance+1","Crescendo+1","UniverseFragment","Protect","FlurryOfBlows+1","Wallop+1","MeatLantern","hubris:DuctTapeCard","Protect+1","BattleHymn+1","Establishment+1","Scrawl+1","Indignation+1","Consecrate+1","ClearTheMind+1","Pot Of Greed+1","Pot Of Greed+1","Wish+1","Vault+1"],"relics":["HolyWater","Ring of Chaos","Shovel","CogitoBucket","hubris:Potato","aspiration:FetidBarrel","reliquary:HotPoker","hubris:DuctTape","Potion Belt","hubris:DisguiseKit","Empty Cage","AspirationHeart","Anchor","halation:Thesaurus","Garlic","Grinning Jar","CeramicFish","aspiration:Lifesprig","conspire:Flyswatter","Nunchaku","StuffTheSpire:ForceGauntlet","Philosopher\u0027s Stone","ResearcherNote","wanderingMiniBosses:LockLocket","aspiration:HummingbirdHeart","ReplayTheSpireMod:Ring of Exchange","aspiration:AnachronicSnailShell","reliquary:BoilingFlask","infinitespire:CheckeredPen","Iron Hammer","Replay:Wax Seal","hubris:SlimyHat","Darkstone Periapt","Replay:Ringing Soul","reliquary:Stiletto","Replay:Baseball","Ring of Chaos","Darkstone Periapt","Mercury Hourglass"],"acts_visited":["Exordium","TheCity","TheBeyond","Exordium","TheEnding"],"potions_floor_usage":[5,6,6,10,13,31,44,55,55,55,55],"damage_taken":[{"damage":2,"enemies":"Small Slimes","floor":1,"turns":3},{"damage":3,"enemies":"conspire:RoseBush","floor":2,"turns":2},{"damage":0,"enemies":"Jaw Worm","floor":3,"turns":3},{"damage":0,"enemies":"Large Slime","floor":5,"turns":5},{"damage":0,"enemies":"Lagavulin","floor":6,"turns":4},{"damage":5,"enemies":"3 Sentries","floor":10,"turns":6},{"damage":0,"enemies":"Lagavulin","floor":12,"turns":3},{"damage":42,"enemies":"Gremlin Nob","floor":13,"turns":4},{"damage":0,"enemies":"3 Sentries","floor":14,"turns":3},{"damage":6,"enemies":"Hexaghost","floor":16,"turns":6},{"damage":0,"enemies":"conspire:FuzzyDice","floor":18,"turns":6},{"damage":0,"enemies":"Shell Parasite","floor":19,"turns":5},{"damage":0,"enemies":"Centurion and Healer","floor":20,"turns":8},{"damage":0,"enemies":"Replay:Snechameleon","floor":23,"turns":3},{"damage":35,"enemies":"Nightmare","floor":25,"turns":6},{"damage":0,"enemies":"Slavers","floor":27,"turns":2},{"damage":2,"enemies":"Book of Stabbing","floor":31,"turns":3},{"damage":0,"enemies":"Automaton","floor":33,"turns":5},{"damage":0,"enemies":"Orb Walker","floor":35,"turns":5},{"damage":0,"enemies":"3 Shapes","floor":36,"turns":6},{"damage":2,"enemies":"R_Hoarder","floor":40,"turns":5},{"damage":2,"enemies":"Giant Head","floor":42,"turns":4},{"damage":0,"enemies":"Nemesis","floor":44,"turns":4},{"damage":0,"enemies":"Giant Head","floor":46,"turns":4},{"damage":0,"enemies":"R_Hoarder","floor":47,"turns":4},{"damage":0,"enemies":"Nemesis","floor":48,"turns":3},{"damage":0,"enemies":"Replay:Hell Engine","floor":50,"turns":4},{"damage":0,"enemies":"Shield and Spear","floor":54,"turns":3},{"damage":7,"enemies":"The Heart","floor":55,"turns":6}],"seed_played":"1793627461951804745","potions_obtained":[{"floor":1,"key":"DuplicationPotion"},{"floor":3,"key":"Fire Potion"},{"floor":5,"key":"blueLaboratory:FaithlessPotion"},{"floor":6,"key":"blueLaboratory:FruitPreserves"},{"floor":7,"key":"DuplicationPotion"},{"floor":20,"key":"blueLaboratory:MidnightOil"},{"floor":25,"key":"FairyPotion"},{"floor":31,"key":"blueLaboratory:CorrosionFlask"},{"floor":36,"key":"GamblersBrew"},{"floor":42,"key":"Explosive Potion"},{"floor":46,"key":"GamblersBrew"},{"floor":47,"key":"AttackPotion"}],"is_trial":true,"path_per_floor":["M","M","M","$","M","E","?","R","T","E","$","E","E","E","R","B",null,"M","M","M","$","$","E","AVR","NM","T","E","R","R","R","E","R","B",null,"M","M","$","?","$","E","R","E","T","E","AVR","E","E","E","R","B",null,"R","$","E","B",null],"character_chosen":"WATCHER","items_purchased":["FlurryOfBlows","Indignation","Anchor","halation:Thesaurus","Grinning Jar","aspiration:HummingbirdHeart","aspiration:AnachronicSnailShell","reliquary:SculptingSteel","blueLaboratory:HeartbeatPotion","Strength Potion"],"campfire_rested":1,"item_purchase_floors":[4,11,21,22,22,37,39,53,53,53],"current_hp_per_floor":[70,67,67,67,67,67,49,49,49,44,44,44,36,36,36,30,62,72,72,72,72,72,72,72,37,37,37,37,37,61,59,59,59,76,76,76,76,76,76,74,74,72,72,72,72,72,72,72,72,72,82,82,82,82,75],"gold":66,"neow_bonus":"","is_daily":false,"chose_seed":false,"campfire_upgraded":5,"win_rate":0.0,"timestamp":1613455606,"path_taken":["M","M","M","$","M","E","?","R","T","E","$","E","E","E","R","BOSS","M","M","M","$","$","E","AVR","NM","T","E","R","R","R","E","R","BOSS","M","M","$","?","$","E","R","E","T","E","AVR","E","E","E","R","BOSS","R","$","E","BOSS"],"items_purchased_type":["Card","Card","Relic","Relic","Relic","Relic","Relic","Relic","Potion","Potion"],"build_version":"2020-12-22","purchased_purges":4,"victory":true,"max_hp_per_floor":[72,72,72,72,72,72,72,72,72,72,72,72,72,72,72,72,72,82,82,82,82,82,82,82,82,82,82,82,82,82,82,82,82,82,82,82,82,82,82,82,82,82,82,82,82,82,82,82,82,82,82,82,82,82,82],"card_choices":[{"not_picked":["SignatureMove","Replay:DivineShield"],"picked":"Crescendo","floor":1},{"not_picked":["CrumblingArmor","BigBadWolf","MeatLantern"],"picked":"Singing Bowl","floor":1},{"not_picked":["BlackSwan","BeautyBeast"],"picked":"UniverseFragment","floor":2},{"not_picked":["WindmillStrike","WheelKick"],"picked":"Protect","floor":2},{"not_picked":["FlurryOfBlows","EmptyMind"],"picked":"LessonLearned","floor":3},{"not_picked":["OldLady","BeautyBeast","Murderer"],"picked":"Singing Bowl","floor":3},{"not_picked":["SingingMachine","MHz","SpiderBud"],"picked":"Singing Bowl","floor":5},{"not_picked":["Prostrate","Study","CutThroughFate"],"picked":"SKIP","floor":5},{"not_picked":["Collect","DeusExMachina"],"picked":"Wallop","floor":6},{"not_picked":["WallGazer","CherryBlossoms","OldLady"],"picked":"Singing Bowl","floor":6},{"not_picked":["Murderer","WhitesApple"],"picked":"MeatLantern","floor":6},{"not_picked":["OSAHOGD","Porccubus","WallGazer"],"picked":"Singing Bowl","floor":10},{"not_picked":["Alpha","WindmillStrike","FlurryOfBlows"],"picked":"SKIP","floor":10},{"not_picked":["JustLucky","CrushJoints"],"picked":"Protect","floor":12},{"not_picked":["Replay:AtTheReady","CutThroughFate"],"picked":"BattleHymn","floor":13},{"not_picked":["ThirdEye","Swivel"],"picked":"Establishment","floor":14},{"not_picked":["Devotion","Vault","Immolate"],"picked":"Scrawl","floor":16},{"not_picked":["Replay:AtTheReady","Replay:Anticipation+1","Power Through"],"picked":"Indignation+1","floor":18},{"not_picked":["MHz","LaLuna","CherryBlossoms"],"picked":"Singing Bowl","floor":18},{"not_picked":["ClearTheMind","JustLucky","Clothesline"],"picked":"Consecrate+1","floor":19},{"not_picked":["FieryBird","CrumblingArmor","PunishingBird"],"picked":"Singing Bowl","floor":19},{"not_picked":["Laetitia","HeroicMonk"],"picked":"Scorched","floor":19},{"not_picked":["Replay:Anticipation","JustLucky+1","Heavy Blade"],"picked":"ClearTheMind+1","floor":20},{"not_picked":["Replay:Hum","Replay:ManipulateFuture","Replay:Anticipation","Twin Strike"],"picked":"SKIP","floor":23},{"not_picked":["SashWhip","Prostrate","Replay:Vibes+1","Blood for Blood"],"picked":"SKIP","floor":25},{"not_picked":["TalkToTheHand","Replay:ManipulateFuture","Replay:DivineShield+1","conspire:Purge"],"picked":"SKIP","floor":27},{"not_picked":["FlyingSleeves","Replay:AtTheReady","Iron Wave"],"picked":"Wish","floor":31},{"not_picked":["MasterReality","DevaForm","Double Tap"],"picked":"Vault","floor":33},{"not_picked":["Mercenary","FairyFestival","CENSORED"],"picked":"Singing Bowl","floor":33},{"not_picked":["WreathOfFlame","Sanctity+1","Pray+1","Twin Strike"],"picked":"SKIP","floor":35},{"not_picked":["Replay:DivineShield+1","FollowUp","JustLucky+1","Rage"],"picked":"SKIP","floor":36},{"not_picked":["Consecrate","Replay:Vibes","Alpha","Shrug It Off"],"picked":"SKIP","floor":40},{"not_picked":["InnerPeace","WheelKick+1","FlurryOfBlows+1","Pommel Strike"],"picked":"SKIP","floor":42},{"not_picked":["SashWhip+1","BattleHymn","ThirdEye+1","Metallicize"],"picked":"SKIP","floor":44},{"not_picked":["LikeWater","DeceiveReality","Ragnarok","Second Wind"],"picked":"SKIP","floor":46},{"not_picked":["Collect+1","Halt","EmptyFist","Carnage"],"picked":"SKIP","floor":47},{"not_picked":["WheelKick","Replay:Hum+1","SashWhip+1","Warcry"],"picked":"SKIP","floor":48},{"not_picked":["MentalFortress","EmptyFist+1","FlurryOfBlows+1","Warcry"],"picked":"SKIP","floor":54},{"not_picked":["MentalFortress","EmptyFist+1","FlurryOfBlows+1","Warcry"],"picked":"SKIP","floor":54}],"player_experience":1515217,"relics_obtained":[{"floor":6,"key":"hubris:Potato"},{"floor":7,"key":"aspiration:FetidBarrel"},{"floor":9,"key":"reliquary:HotPoker"},{"floor":10,"key":"hubris:DuctTape"},{"floor":12,"key":"StuffTheSpire:Tea"},{"floor":13,"key":"Potion Belt"},{"floor":14,"key":"hubris:DisguiseKit"},{"floor":23,"key":"CeramicFish"},{"floor":25,"key":"conspire:Flyswatter"},{"floor":27,"key":"Nunchaku"},{"floor":31,"key":"StuffTheSpire:ForceGauntlet"},{"floor":36,"key":"wanderingMiniBosses:LockLocket"},{"floor":38,"key":"ReplayTheSpireMod:Ring of Exchange"},{"floor":40,"key":"reliquary:BoilingFlask"},{"floor":42,"key":"infinitespire:CheckeredPen"},{"floor":43,"key":"Iron Hammer"},{"floor":44,"key":"Replay:Wax Seal"},{"floor":46,"key":"Darkstone Periapt"},{"floor":47,"key":"Replay:Ringing Soul"},{"floor":48,"key":"reliquary:Stiletto"},{"floor":49,"key":"Replay:Baseball"},{"floor":54,"key":"Mercury Hourglass"}],"event_choices":[],"is_beta":false,"boss_relics":[{"not_picked":["Replay:Bronze Core","Snecko Eye"],"picked":"Empty Cage"},{"not_picked":["infinitespire:Cupcake","halation:Yufonium"],"picked":"Philosopher\u0027s Stone"},{"not_picked":["Replay:Grab Bag","ClockworkSouvenir"],"picked":"HolyWater"}],"items_purged_floors":[4,24,39,45],"is_endless":true,"potions_floor_spawned":[1,3,5,6,20,25,31,36,42,46,47],"ascension_level":5}}