{"host":"8rqsnaeml9gxb0kp","time":1613517097,"event":{"mods":["AchievementEnabler","BaseMod","Colored Powertips","Dark Map","Minty Spire (QoL Compilation)","Rare Cards Sparkle","Relic Stats","StSLib","slay the spire mod where everything is the same but ironclad has a cowboy hat"],"gold_per_floor":[119,135,145,145,110,148,148,191,241,241,275,305,317,343,355,497,509,534,546,543,555,587,599,611,346,346,346,52,77,117,117,117,240,240,253,253,3,71,119,119,119],"floor_reached":40,"language":"ENG","playtime":2521,"items_purged":["Strike_G","Writhe"],"score":623,"play_id":"9aefc887-b54a-46d5-9ede-025f2b6158a7","local_time":"20210216151137","is_ascension_mode":true,"campfire_choices":[{"floor":7.0,"key":"REST"},{"floor":10.0,"key":"REST"},{"floor":13.0,"key":"REST"},{"data":"Neutralize","floor":15.0,"key":"SMITH"},{"floor":23.0,"key":"REST"},{"data":"Phantasmal Killer","floor":27.0,"key":"SMITH"},{"data":"Accuracy","floor":32.0,"key":"SMITH"}],"circlet_count":0,"master_deck":["Strike_G+1","Strike_G+1","Defend_G+1","Defend_G+1","Defend_G+1","Defend_G+1","Defend_G+1","Survivor","Neutralize+1","Dagger Spray+1","Flying Knee","Blade Dance","Quick Slash","Dodge and Roll","PiercingWail","Dagger Throw","Phantasmal Killer+1","Accuracy+1","Cloak And Dagger","Deflect+1","Dodge and Roll","Acrobatics","Die Die Die","Corpse Explosion","PiercingWail","Wraith Form v2","Dagger Spray+1","Crippling Poison","Tactician"],"relics":["Ring of the Snake","Golden Idol","InkBottle","Juzu Bracelet","Nunchaku","MawBank","Empty Cage","Blue Candle","Happy Flower","Smiling Mask","Whetstone","Tiny Chest","Busted Crown","Tingsha","Dream Catcher"],"acts_visited":["Exordium","TheCity","TheBeyond"],"potions_floor_usage":[38,38,38],"damage_taken":[{"damage":2.0,"enemies":"Small Slimes","floor":1.0,"turns":3.0},{"damage":5.0,"enemies":"2 Louse","floor":2.0,"turns":3.0},{"damage":7.0,"enemies":"Jaw Worm","floor":3.0,"turns":5.0},{"damage":43.0,"enemies":"Lagavulin","floor":6.0,"turns":9.0},{"damage":30.0,"enemies":"Gremlin Nob","floor":8.0,"turns":4.0},{"damage":12.0,"enemies":"3 Sentries","floor":11.0,"turns":7.0},{"damage":12.0,"enemies":"Exordium Wildlife","floor":12.0,"turns":3.0},{"damage":2.0,"enemies":"Looter","floor":14.0,"turns":3.0},{"damage":26.0,"enemies":"The Guardian","floor":16.0,"turns":14.0},{"damage":0.0,"enemies":"3 Byrds","floor":18.0,"turns":4.0},{"damage":22.0,"enemies":"2 Thieves","floor":20.0,"turns":4.0},{"damage":13.0,"enemies":"Centurion and Healer","floor":22.0,"turns":9.0},{"damage":13.0,"enemies":"Snake Plant","floor":29.0,"turns":5.0},{"damage":18.0,"enemies":"Gremlin Leader","floor":30.0,"turns":5.0},{"damage":37.0,"enemies":"Automaton","floor":33.0,"turns":10.0},{"damage":12.0,"enemies":"Orb Walker","floor":35.0,"turns":4.0},{"damage":0,"enemies":"2 Orb Walkers","floor":38,"turns":4},{"damage":63,"enemies":"Nemesis","floor":40,"turns":11}],"seed_played":"-1340751152203797446","potions_obtained":[{"floor":3.0,"key":"Swift Potion"},{"floor":8.0,"key":"SkillPotion"},{"floor":14.0,"key":"EntropicBrew"},{"floor":16.0,"key":"EntropicBrew"},{"floor":18.0,"key":"Dexterity Potion"},{"floor":29.0,"key":"CultistPotion"},{"floor":33.0,"key":"Dexterity Potion"}],"is_trial":false,"path_per_floor":["M","M","M","?","?","E","R","E","T","R","E","M","R","M","R","B",null,"M","?","M","T","M","R","?","$","T","R","$","M","E","?","R","B",null,"M","?","$","?","T","E"],"character_chosen":"THE_SILENT","items_purchased":["Happy Flower","Acrobatics","Die Die Die","Whetstone","Crippling Poison","EssenceOfSteel","FearPotion"],"campfire_rested":4,"item_purchase_floors":[25,25,28,28,37,37,37],"current_hp_per_floor":[68,63,56,56,71,28,49,19,19,40,28,16,37,35,35,9,56,56,56,34,34,21,42,71,71,71,71,71,58,40,40,40,3,54,42,60,60,60,60,0,0],"gold":119,"neow_bonus":"TEN_PERCENT_HP_BONUS","is_daily":false,"chose_seed":false,"campfire_upgraded":3,"win_rate":0.0,"timestamp":1613517097,"path_taken":["M","M","M","?","?","E","R","E","T","R","E","M","R","M","R","BOSS","M","?","M","?","M","R","?","$","T","R","$","M","E","?","R","BOSS","M","?","$","?","?","E"],"items_purchased_type":["Relic","Card","Card","Relic","Card","Potion","Potion"],"build_version":"2020-12-22","purchased_purges":2,"victory":false,"max_hp_per_floor":[77,77,77,71,71,71,71,71,71,71,71,71,71,71,71,71,71,71,71,71,71,71,71,71,71,71,71,71,71,71,71,71,71,71,71,71,71,71,71,71,71],"relic_stats":{"Happy Flower":[13],"counters":[18,107],"Golden Idol":122,"Blue Candle":[0],"Tingsha":[13],"Juzu Bracelet":1,"Whetstone":["Dagger Spray","Strike_G"],"MawBank":168,"Smiling Mask":50,"Nunchaku":[20],"Dream Catcher":0,"Busted Crown":4,"Tiny Chest":1,"obtain_stats":[{"Happy Flower":25,"Golden Idol":4,"Blue Candle":21,"Tingsha":38,"Juzu Bracelet":8,"Whetstone":28,"MawBank":11,"Empty Cage":17,"Smiling Mask":26,"Nunchaku":9,"Dream Catcher":39,"Busted Crown":34,"Tiny Chest":30,"InkBottle":6,"Ring of the Snake":0},{"Happy Flower":12,"Golden Idol":3,"Blue Candle":11,"Tingsha":17,"Juzu Bracelet":5,"Whetstone":12,"MawBank":6,"Empty Cage":9,"Smiling Mask":12,"Nunchaku":5,"Dream Catcher":17,"Busted Crown":15,"Tiny Chest":14,"InkBottle":4,"Ring of the Snake":0},{"Happy Flower":68,"Golden Idol":11,"Blue Candle":59,"Tingsha":96,"Juzu Bracelet":24,"Whetstone":68,"MawBank":31,"Empty Cage":51,"Smiling Mask":68,"Nunchaku":24,"Dream Catcher":96,"Busted Crown":88,"Tiny Chest":78,"InkBottle":20,"Ring of the Snake":0}],"InkBottle":[38],"Ring of the Snake":[36]},"card_choices":[{"not_picked":["Prepared","Bane"],"picked":"Dagger Spray","floor":1.0},{"not_picked":["Prepared","Escape Plan","Deadly Poison"],"picked":"SKIP","floor":2.0},{"not_picked":["Underhanded Strike","Eviscerate"],"picked":"Flying Knee","floor":3.0},{"not_picked":["Burst","Dodge and Roll"],"picked":"Blade Dance","floor":6.0},{"not_picked":["Prepared","Expertise"],"picked":"Quick Slash","floor":8.0},{"not_picked":["Infinite Blades","Tactician"],"picked":"Dodge and Roll","floor":11.0},{"not_picked":["Deadly Poison","Sucker Punch"],"picked":"PiercingWail","floor":12.0},{"not_picked":["Flying Knee","Sucker Punch"],"picked":"Dagger Throw","floor":14.0},{"not_picked":["Glass Knife","A Thousand Cuts"],"picked":"Phantasmal Killer","floor":16.0},{"not_picked":["Blade Dance","Prepared"],"picked":"Accuracy","floor":18.0},{"not_picked":["Slice","Bane"],"picked":"Deflect+1","floor":20.0},{"not_picked":["Deadly Poison","Prepared"],"picked":"Dodge and Roll","floor":22.0},{"not_picked":["PiercingWail","Endless Agony+1"],"picked":"Corpse Explosion","floor":29.0},{"not_picked":["Outmaneuver","Underhanded Strike"],"picked":"PiercingWail","floor":30.0},{"not_picked":["Grand Finale","Venomology"],"picked":"Wraith Form v2","floor":33.0},{"not_picked":[],"picked":"Dagger Spray+1","floor":35.0},{"not_picked":[],"picked":"Tactician","floor":38}],"player_experience":258656,"relics_obtained":[{"floor":6.0,"key":"InkBottle"},{"floor":8.0,"key":"Juzu Bracelet"},{"floor":9.0,"key":"Nunchaku"},{"floor":11.0,"key":"MawBank"},{"floor":21.0,"key":"Blue Candle"},{"floor":26.0,"key":"Smiling Mask"},{"floor":30.0,"key":"Tiny Chest"},{"floor":38,"key":"Tingsha"},{"floor":39,"key":"Dream Catcher"}],"event_choices":[{"damage_healed":0.0,"max_hp_gain":0.0,"max_hp_loss":6.0,"gold_gain":0.0,"event_name":"Golden Idol","player_choice":"Lose Max HP","floor":4.0,"gold_loss":0.0,"damage_taken":0.0,"relics_obtained":["Golden Idol"]},{"damage_healed":17.0,"max_hp_gain":0.0,"max_hp_loss":0.0,"gold_gain":0.0,"event_name":"The Cleric","player_choice":"Healed","floor":5.0,"gold_loss":35.0,"damage_taken":0.0},{"damage_healed":0.0,"max_hp_gain":0.0,"max_hp_loss":0.0,"gold_gain":0.0,"event_name":"The Library","player_choice":"Read","floor":19.0,"gold_loss":0.0,"damage_taken":0.0,"cards_obtained":["Cloak And Dagger"]},{"damage_healed":29.0,"max_hp_gain":0.0,"max_hp_loss":0.0,"gold_gain":0.0,"event_name":"Wheel of Change","player_choice":"Full Heal","floor":24.0,"gold_loss":0.0,"damage_taken":0.0},{"damage_healed":0.0,"max_hp_gain":0.0,"max_hp_loss":0.0,"gold_gain":0.0,"event_name":"Back to Basics","player_choice":"Simplicity","floor":31.0,"gold_loss":0.0,"damage_taken":0.0,"cards_upgraded":["Strike_G","Defend_G","Defend_G","Defend_G","Defend_G","Defend_G"]},{"damage_healed":18.0,"max_hp_gain":0.0,"max_hp_loss":0.0,"gold_gain":0.0,"event_name":"Winding Halls","player_choice":"Writhe","floor":36.0,"gold_loss":0.0,"damage_taken":0.0,"cards_obtained":["Writhe"]},{"damage_healed":0,"gold_gain":0,"player_choice":"Fight","damage_taken":0,"max_hp_gain":0,"max_hp_loss":0,"event_name":"Mysterious Sphere","floor":38,"gold_loss":0}],"is_beta":false,"boss_relics":[{"not_picked":["Runic Pyramid","Velvet Choker"],"picked":"Empty Cage"},{"not_picked":["Fusion Hammer","Tiny House"],"picked":"Busted Crown"}],"items_purged_floors":[25,37],"is_endless":false,"potions_floor_spawned":[3,8,14,16,18,29,33],"killed_by":"Nemesis","ascension_level":8}}