{"host":"enu5gq013fznxjyt","time":1613451727,"event":{"mods":["BaseMod","Better Note","Block Reminder","Colored Powertips","Minty Spire (QoL Compilation)","Quick Restart","Relic Stats","StSLib"],"gold_per_floor":[368,543,561,561,561,561,594,607,630,649,669,669,376,397,397,525,525,541,566,245,261,261,261],"floor_reached":22,"language":"ENG","playtime":800,"items_purged":["Doubt","Injury"],"score":188,"play_id":"037fd860-c97c-40f1-b6db-66621b28c5c8","local_time":"20210215210207","is_ascension_mode":false,"campfire_choices":[{"data":"Zap","floor":6.0,"key":"SMITH"},{"floor":12.0,"key":"REST"},{"floor":15.0,"key":"REST"}],"circlet_count":0,"master_deck":["Strike_B","Strike_B","Strike_B","Strike_B","Defend_B","Defend_B","Defend_B","Defend_B","Zap+1","Dualcast","Gash","Loop","Redo","Beam Cell","Ball Lightning","Loop","BootSequence","Echo Form","Sweeping Beam","Stack","Ball Lightning","Turbo","Steam+1"],"relics":["Cracked Core","Golden Idol","Regal Pillow","Omamori","Toolbox","SlaversCollar","Vajra"],"acts_visited":["Exordium","TheCity"],"potions_floor_usage":[],"damage_taken":[{"damage":0.0,"enemies":"Small Slimes","floor":1.0,"turns":3.0},{"damage":6.0,"enemies":"2 Louse","floor":3.0,"turns":2.0},{"damage":22.0,"enemies":"Gremlin Nob","floor":7.0,"turns":4.0},{"damage":10.0,"enemies":"Cultist","floor":8.0,"turns":4.0},{"damage":14.0,"enemies":"Lots of Slimes","floor":10.0,"turns":4.0},{"damage":11.0,"enemies":"Red Slaver","floor":11.0,"turns":3.0},{"damage":9.0,"enemies":"Blue Slaver","floor":14.0,"turns":3.0},{"damage":53.0,"enemies":"Slime Boss","floor":16.0,"turns":11.0},{"damage":24.0,"enemies":"Spheric Guardian","floor":18.0,"turns":5.0},{"damage":30.0,"enemies":"3 Byrds","floor":19.0,"turns":5.0},{"damage":0,"enemies":"Snake Plant","floor":21,"turns":3},{"damage":9,"enemies":"Sentry and Sphere","floor":22,"turns":3}],"seed_played":"5172951814156922962","potions_obtained":[{"floor":1.0,"key":"Fire Potion"},{"floor":3.0,"key":"Fire Potion"},{"floor":7.0,"key":"Block Potion"},{"floor":11.0,"key":"BlessingOfTheForge"},{"floor":18.0,"key":"EssenceOfSteel"}],"is_trial":false,"path_per_floor":["M","?","M","?","?","R","E","M","T","M","M","R","$","M","R","B",null,"M","M","$","M","M"],"character_chosen":"DEFECT","items_purchased":["Toolbox","Loop","Ball Lightning","Turbo","Vajra"],"campfire_rested":2,"item_purchase_floors":[13,13,20,20,20],"current_hp_per_floor":[68,68,62,62,62,62,40,30,30,16,5,40,40,31,66,13,68,44,14,14,14,5,5],"gold":261,"neow_bonus":"TWO_FIFTY_GOLD","is_daily":false,"chose_seed":false,"campfire_upgraded":1,"win_rate":0.0,"timestamp":1613451727,"path_taken":["M","?","M","?","?","R","E","?","T","M","M","R","?","M","R","BOSS","M","M","$","M","?"],"items_purchased_type":["Relic","Card","Card","Card","Relic"],"build_version":"2020-12-22","purchased_purges":2,"victory":false,"max_hp_per_floor":[68,68,68,68,68,68,68,68,68,68,68,68,68,68,68,68,68,68,68,68,68,68,68],"relic_stats":{"Regal Pillow":30,"counters":[12,48],"Golden Idol":59,"obtain_stats":[{"SlaversCollar":17,"Regal Pillow":5,"Golden Idol":4,"Toolbox":13,"Vajra":20,"Omamori":7,"Cracked Core":0},{"SlaversCollar":8,"Regal Pillow":2,"Golden Idol":2,"Toolbox":6,"Vajra":10,"Omamori":3,"Cracked Core":0},{"SlaversCollar":32,"Regal Pillow":5,"Golden Idol":5,"Toolbox":19,"Vajra":42,"Omamori":9,"Cracked Core":0}]},"card_choices":[{"not_picked":["Darkness","Cold Snap"],"picked":"Gash","floor":1.0},{"not_picked":["Chaos","Cold Snap"],"picked":"Go for the Eyes","floor":3.0},{"not_picked":["Hello World","Skim"],"picked":"Loop","floor":7.0},{"not_picked":["Double Energy","Storm"],"picked":"Redo","floor":8.0},{"not_picked":["Coolheaded","FTL"],"picked":"Beam Cell","floor":10.0},{"not_picked":["Leap","Steam"],"picked":"Ball Lightning","floor":11.0},{"not_picked":["Hologram","Double Energy"],"picked":"BootSequence","floor":14.0},{"not_picked":["Creative AI","Reboot"],"picked":"Echo Form","floor":16.0},{"not_picked":["Hologram","Sunder+1"],"picked":"Sweeping Beam","floor":18.0},{"not_picked":["Rebound","Tempest"],"picked":"Stack","floor":19.0},{"not_picked":["Sweeping Beam","Compile Driver"],"picked":"Steam+1","floor":21}],"player_experience":247230,"relics_obtained":[{"floor":7.0,"key":"Omamori"}],"event_choices":[{"damage_healed":0.0,"max_hp_gain":0.0,"max_hp_loss":0.0,"gold_gain":175.0,"event_name":"Liars Game","player_choice":"AGREE","floor":2.0,"gold_loss":0.0,"damage_taken":0.0,"cards_obtained":["Doubt"]},{"damage_healed":0.0,"max_hp_gain":0.0,"max_hp_loss":0.0,"gold_gain":0.0,"event_name":"Golden Idol","player_choice":"Take Wound","floor":4.0,"gold_loss":0.0,"damage_taken":0.0,"relics_obtained":["Golden Idol"],"cards_obtained":["Injury"]},{"cards_removed":["Go for the Eyes"],"damage_healed":0.0,"max_hp_gain":0.0,"max_hp_loss":0.0,"gold_gain":0.0,"event_name":"WeMeetAgain","player_choice":"Gave Card","floor":5.0,"gold_loss":0.0,"damage_taken":0.0,"relics_obtained":["Regal Pillow"]}],"is_beta":false,"boss_relics":[{"not_picked":["Snecko Eye","Black Star"],"picked":"SlaversCollar"}],"items_purged_floors":[13,20],"is_endless":false,"potions_floor_spawned":[1,3,7,11,18],"killed_by":"Sentry and Sphere","ascension_level":0}}