{"host":"ox77rn1xcurm2t5a","time":1613512237,"event":{"mods":["2.2 Compatiblity","AchievementEnabler","Act Like it!","Aspiration","BaseMod","Best Route Mod","Better Match","Better Note","Better Sensory Stone","Block Reminder","Colored Map","Colored Powertips","Conjunction","Conspire","Custom Start","Energized Spire","GifTheSpireLib","Gold Saver","Gremlin Skip","Halation","Highlight Path","Hubris","Infinite Spire","Minty Spire (QoL Compilation)","Pale of the Ancients","Quick Restart","Replay The Spire","Reworked Bosses","ShortenTheSpire","Spire Exporter","StSLib","Stuff the Spire","Wandering Minibosses"],"gold_per_floor":[216,216,216,391,54,87,87,102,102,133,149,149,163,190,190,293,293,312,312,326,18,33,33,33,33],"floor_reached":24,"language":"ENG","playtime":589,"items_purged":["Doubt"],"score":257,"play_id":"cf4690ca-18ee-4c8a-baec-09e6d7f233e5","local_time":"20210216235037","is_ascension_mode":true,"campfire_choices":[{"floor":12,"key":"RECALL"},{"data":"Inflame","floor":15,"key":"SMITH"},{"data":"Inflame","floor":23,"key":"SMITH"}],"circlet_count":0,"master_deck":["Strike_R","Strike_R","Strike_R","Strike_R","Strike_R","Defend_R","Defend_R","Defend_R","Defend_R","Bash","Inflame+1","Metallicize","Dropkick","Inflame+1","Disarm","Heavy Blade","Demon Form","Pommel Strike","Thunderclap","Thunderclap"],"relics":["Burning Blood","Bag of Marbles","halation:Toothbrush","The Courier","Smiling Mask","Mark of Pain","halation:NonexistentMirror","halation:TwoAmDonut"],"acts_visited":["Exordium","TheCity"],"potions_floor_usage":[6,13,16,22],"damage_taken":[{"damage":6,"enemies":"2 Louse","floor":1,"turns":3},{"damage":19,"enemies":"Lagavulin","floor":6,"turns":5},{"damage":0,"enemies":"Small Slimes","floor":8,"turns":3},{"damage":29,"enemies":"Gremlin Nob","floor":10,"turns":4},{"damage":5,"enemies":"Jaw Worm","floor":11,"turns":6},{"damage":9,"enemies":"Red Slaver","floor":13,"turns":6},{"damage":30,"enemies":"3 Sentries","floor":14,"turns":7},{"damage":17,"enemies":"Slime Boss","floor":16,"turns":9},{"damage":39,"enemies":"3 Byrds","floor":18,"turns":5},{"damage":3,"enemies":"Chosen","floor":20,"turns":4},{"damage":31,"enemies":"3 Cultists","floor":22,"turns":5},{"damage":34,"enemies":"Slavers","floor":24,"turns":1}],"seed_played":"3200033002954052297","potions_obtained":[{"floor":1,"key":"BlessingOfTheForge"},{"floor":10,"key":"GamblersBrew"},{"floor":14,"key":"Explosive Potion"},{"floor":18,"key":"ColorlessPotion"}],"is_trial":false,"path_per_floor":["M","?","?","?","$","E","?","M","T","E","M","R","M","E","R","B",null,"M","?","M","$","M","R","E"],"character_chosen":"IRONCLAD","items_purchased":["Metallicize","Bag of Marbles","Dropkick","halation:NonexistentMirror","halation:TwoAmDonut"],"campfire_rested":0,"item_purchase_floors":[5,5,5,21,21],"current_hp_per_floor":[88,88,88,88,88,75,75,81,81,58,59,59,56,32,32,21,88,55,55,58,58,33,33,0,0],"gold":33,"neow_bonus":"TEN_PERCENT_HP_BONUS","is_daily":false,"chose_seed":false,"campfire_upgraded":2,"win_rate":0.0,"timestamp":1613512237,"path_taken":["M","?","?","?","$","E","?","M","T","E","M","R","?","E","R","BOSS","M","?","?","$","M","R","E"],"items_purchased_type":["Card","Relic","Card","Relic","Relic"],"build_version":"2020-12-22","purchased_purges":1,"victory":false,"max_hp_per_floor":[88,88,88,88,88,88,88,88,88,88,88,88,88,88,88,88,88,88,88,88,88,88,88,88,88],"card_choices":[{"not_picked":["ReplayTheSpireMod:Strike From Hell","Clothesline"],"picked":"Inflame","floor":1},{"not_picked":["Clothesline","infinitespire:OneForAll","Sentinel"],"picked":"SKIP","floor":6},{"not_picked":["Armaments","ReplayTheSpireMod:Strike From Hell"],"picked":"Inflame","floor":8},{"not_picked":["True Grit","Run Through"],"picked":"Disarm","floor":10},{"not_picked":["Burning Pact","Intimidate","Clothesline"],"picked":"SKIP","floor":11},{"not_picked":["ReplayTheSpireMod:LeadingStrike","Body Slam"],"picked":"Heavy Blade","floor":13},{"not_picked":["Clothesline","Warcry","conspire:Purge"],"picked":"SKIP","floor":14},{"not_picked":["Brutality","conspire:HitWhereItHurts"],"picked":"Demon Form","floor":16},{"not_picked":["Bloodletting","Clash"],"picked":"Pommel Strike","floor":18},{"not_picked":["Shockwave","Wild Strike","Clash"],"picked":"SKIP","floor":20},{"not_picked":["Intimidate+1","Pummel"],"picked":"Thunderclap","floor":22}],"player_experience":3119618,"relics_obtained":[{"floor":6,"key":"halation:Toothbrush"},{"floor":10,"key":"The Courier"},{"floor":14,"key":"Smiling Mask"}],"event_choices":[{"damage_healed":0,"gold_gain":0,"player_choice":"Leave","damage_taken":0,"max_hp_gain":0,"max_hp_loss":0,"event_name":"conspire:Investor","floor":3,"gold_loss":0},{"damage_healed":0,"gold_gain":175,"player_choice":"AGREE","damage_taken":0,"max_hp_gain":0,"max_hp_loss":0,"event_name":"Liars Game","floor":4,"gold_loss":0,"cards_obtained":["Doubt"]},{"damage_healed":0,"gold_gain":0,"player_choice":"Ignored","damage_taken":0,"max_hp_gain":0,"max_hp_loss":0,"event_name":"Golden Wing","floor":7,"gold_loss":0},{"damage_healed":0,"gold_gain":0,"player_choice":"Ignored","damage_taken":0,"max_hp_gain":0,"max_hp_loss":0,"event_name":"betterNote:BetterNote","floor":19,"gold_loss":0,"cards_obtained":["Strike_P"]}],"is_beta":false,"boss_relics":[{"not_picked":["Snecko Eye","Astrolabe"],"picked":"Mark of Pain"}],"items_purged_floors":[5],"is_endless":false,"potions_floor_spawned":[1,10,14,18],"killed_by":"Slavers","ascension_level":4}}