{"host":"za1qviwhp34x909e","time":1613453613,"event":{"mods":["Act Like it!","BaseMod","Colored Map","Colored Powertips","Downfall","Highlight Path","Hubris","Koishi","Marisa????????","Minty Spire (QoL Compilation)","Quick Restart","Reimu??????","Replay The Spire","StSLib","The Servant 0.9.4"],"gold_per_floor":[118,174,191,211,228,228,228,266,348,386,413,413,209,233,233,346,346,375,400,425,425,27,71,71,102,102,132,132,157,184,184,184,184,184],"floor_reached":33,"language":"ENG","playtime":2709,"items_purged":["Strike_MRS","Strike_MRS"],"score":404,"play_id":"05d5ae4f-15dc-49d0-acc8-68212a558e1a","local_time":"20210215233333","is_ascension_mode":true,"campfire_choices":[{"data":"GrandCross","floor":6,"key":"SMITH"},{"data":"MaximisePower","floor":12,"key":"SMITH"},{"data":"Acceleration","floor":15,"key":"SMITH"},{"data":"EscapeVelocity","floor":24,"key":"SMITH"},{"floor":28,"key":"REST"},{"floor":32,"key":"DIG"}],"circlet_count":0,"master_deck":["Strike_MRS","Defend_MRS","Defend_MRS","Defend_MRS","Defend_MRS","MasterSpark","UpSweep","EarthLightRay","SporeBomb","AsteroidBelt","MachineGunSpark","GrandCross+1","ManaConvection","Acceleration","MaximisePower+1","MagicChant","MagicAbsorber","UnstableBomb+1","GalacticHalo","BinaryStars","GasGiant","SporeBomb","NonDirectionalLaser","Acceleration+1","EscapeVelocity+1","EnergyRecoil+1","ShootingEcho","MeteoricShower","MysteriousBeam","OrrerysSun","OortCloud+1","Orbital"],"relics":["MiniHakkero","Replay:Bottled Flurry","CeramicFish","Question Card","ReplayTheSpireMod:Shallot","Orrery","Runic Pyramid","HandmadeGrimoire","Bottled Tornado","Shovel","PureWhite:ReiMu","MealTicket","Ring of Fury","Molten Egg 2"],"acts_visited":["Exordium","TheCity"],"potions_floor_usage":[5,5,8,8,20,25,33,33],"damage_taken":[{"damage":0,"enemies":"2 Louse","floor":1,"turns":2},{"damage":7,"enemies":"Jaw Worm","floor":3,"turns":3},{"damage":1,"enemies":"Cultist","floor":4,"turns":4},{"damage":18,"enemies":"Lots of Slimes","floor":5,"turns":4},{"damage":10,"enemies":"Lagavulin","floor":8,"turns":3},{"damage":26,"enemies":"Gremlin Nob","floor":10,"turns":4},{"damage":0,"enemies":"Blue Slaver","floor":11,"turns":2},{"damage":0,"enemies":"Exordium Wildlife","floor":14,"turns":5},{"damage":10,"enemies":"Hexaghost","floor":16,"turns":6},{"damage":4,"enemies":"Spheric Guardian","floor":18,"turns":4},{"damage":22,"enemies":"Shell Parasite","floor":19,"turns":5},{"damage":5,"enemies":"Snake Plant","floor":20,"turns":2},{"damage":9,"enemies":"Book of Stabbing","floor":23,"turns":3},{"damage":36,"enemies":"Slavers","floor":25,"turns":8},{"damage":0,"enemies":"Replay:Snechameleon","floor":27,"turns":3},{"damage":0,"enemies":"Chosen and Byrds","floor":29,"turns":5},{"damage":6,"enemies":"Shelled Parasite and Fungi","floor":30,"turns":5},{"damage":39,"enemies":"Champ","floor":33,"turns":10}],"seed_played":"-4872387187534688817","potions_obtained":[{"floor":2,"key":"PowerPotion"},{"floor":3,"key":"Weak Potion"},{"floor":4,"key":"hexamod:SoulburnPotion"},{"floor":5,"key":"GrandPatriotsElixir:ReiMu"},{"floor":16,"key":"FearPotion"},{"floor":20,"key":"Guardian:BlockOnCardUsePotion"},{"floor":25,"key":"FearPotion"},{"floor":29,"key":"sneckomod:MuddlingPotion"},{"floor":30,"key":"Explosive Potion"}],"is_trial":false,"path_per_floor":["M","?","M","M","M","R","?","E","T","E","M","R","$","M","R","B",null,"M","M","M","?","$","E","R","E","T","E","R","M","M","?","R","B"],"character_chosen":"MARISA","items_purchased":["UnstableBomb+1","Orrery","HandmadeGrimoire","MysteriousBeam"],"campfire_rested":1,"item_purchase_floors":[13,13,22,22],"current_hp_per_floor":[75,75,68,71,57,57,57,51,51,25,29,29,29,33,33,27,75,75,57,56,56,56,47,47,15,15,15,37,37,31,31,31,0,0],"gold":184,"neow_bonus":"RANDOM_EVENT","is_daily":false,"chose_seed":false,"campfire_upgraded":4,"win_rate":0.0,"timestamp":1613453613,"path_taken":["M","?","M","?","M","R","?","E","T","E","M","R","$","M","R","BOSS","M","M","M","?","$","E","R","E","T","E","R","M","M","?","R","BOSS"],"items_purchased_type":["Card","Relic","Relic","Card"],"build_version":"2020-12-22","purchased_purges":2,"victory":false,"max_hp_per_floor":[75,75,75,75,75,75,75,75,75,75,75,75,75,75,75,75,75,75,75,75,75,75,75,75,75,75,75,75,75,75,75,75,75,75],"card_choices":[{"not_picked":["PowerUp","GalacticHalo"],"picked":"SporeBomb","floor":1},{"not_picked":["ManaConvection","6A"],"picked":"AsteroidBelt","floor":2},{"not_picked":["LuminesStrike","MilkyWay"],"picked":"MachineGunSpark","floor":3},{"not_picked":["MilkyWay","ManaConvection"],"picked":"GrandCross","floor":4},{"not_picked":["Occultation","SporeBomb"],"picked":"ManaConvection","floor":5},{"not_picked":["IllusionStar","RefractionSpark"],"picked":"MaximisePower","floor":8},{"not_picked":["LuminesStrike","MysteriousBeam","DarkMatter"],"picked":"MagicChant","floor":10},{"not_picked":["MagicChant","DoubleSpark","OpenUniverse"],"picked":"MagicAbsorber","floor":11},{"not_picked":["GrandCross","IllusionStar","FinalSpark"],"picked":"GalacticHalo","floor":13},{"not_picked":["MeteoricShower","OpenUniverse","GravityBeat"],"picked":"BinaryStars","floor":13},{"not_picked":["Robbery","NonDirectionalLaser","ChargeUpSpray"],"picked":"GasGiant","floor":13},{"not_picked":["PropBag","RefractionSpark","AsteroidBelt"],"picked":"SporeBomb","floor":13},{"not_picked":["DoubleSpark","OpenUniverse","MachineGunSpark"],"picked":"NonDirectionalLaser","floor":13},{"not_picked":["GravityBeat","WitchLeyline","StarlightTyphoon"],"picked":"Acceleration","floor":14},{"not_picked":["BigCrunch","TreasureHunter","SuperNova"],"picked":"EscapeVelocity","floor":16},{"not_picked":["DarkMatter","LuminesStrike","MilkyWay"],"picked":"EnergyRecoil+1","floor":18},{"not_picked":["GravityBeat","DarkMatter","GalacticHalo+1"],"picked":"ShootingEcho","floor":19},{"not_picked":["WitchOfGreed+1","Acceleration","RefractionSpark"],"picked":"MeteoricShower","floor":20},{"not_picked":["ChargeUpSpray+1","EnergyRecoil","OortCloud"],"picked":"OrrerysSun","floor":23},{"not_picked":["MeteoricShower","GasGiant","UnstableBomb","MilkyWay"],"picked":"SKIP","floor":25},{"not_picked":["NonDirectionalLaser","OpenUniverse","MysteriousBeam","MilkyWay"],"picked":"SKIP","floor":27},{"not_picked":["DragonMeteor","AsteroidBelt+1","LuminesStrike"],"picked":"OortCloud+1","floor":29},{"not_picked":["GrandCross","EarthLightRay","ChargingUp"],"picked":"Orbital","floor":30}],"player_experience":735263,"relics_obtained":[{"floor":2,"key":"Replay:Bottled Flurry"},{"floor":8,"key":"CeramicFish"},{"floor":9,"key":"Question Card"},{"floor":10,"key":"ReplayTheSpireMod:Shallot"},{"floor":23,"key":"Bottled Tornado"},{"floor":25,"key":"Shovel"},{"floor":26,"key":"PureWhite:ReiMu"},{"floor":27,"key":"MealTicket"},{"floor":31,"key":"Ring of Fury"},{"floor":32,"key":"Molten Egg 2"}],"event_choices":[{"damage_healed":0,"gold_gain":0,"cards_transformed":["Strike_MRS"],"player_choice":"Change","damage_taken":0,"max_hp_gain":0,"max_hp_loss":0,"event_name":"Living Wall","floor":0,"gold_loss":0,"cards_obtained":["EarthLightRay"]},{"damage_healed":0,"gold_gain":0,"player_choice":"Ignored","damage_taken":0,"max_hp_gain":0,"max_hp_loss":0,"event_name":"Vampires","floor":21,"gold_loss":0}],"is_beta":false,"boss_relics":[{"not_picked":["Ectoplasm","Replay:Bronze Core"],"picked":"Runic Pyramid"}],"items_purged_floors":[13,22],"is_endless":false,"potions_floor_spawned":[3,4,5,16,20,25,29,30],"killed_by":"Champ","ascension_level":2}}