{"host":"6dypmz777xraikqf","time":1613474710,"event":{"mods":["AchievementEnabler","BaseMod","BetterRewards","Colored Map","Colored Powertips","Downfall","Highlight Path","Hubris","Infinite Spire","Minty Spire (QoL Compilation)","Replay The Spire","StSLib"],"gold_per_floor":[117,192,7,24,24,24,56,76,76,111,111,146,163,163,163,241,241,261,281,295,321,336,366,378,378,378,378,394,428,428,456,456,563,563,618,678,678,738,503,503,552,621,621,689,704,775,837,901,901,901,901,901,263,310,310],"floor_reached":56,"language":"ENG","playtime":4257,"items_purged":["Strike_R","Defend_R"],"score":3001,"play_id":"bc7cba2b-ee39-4115-8c16-06c52e0d17a3","local_time":"20210216112510","is_ascension_mode":true,"campfire_choices":[{"data":"Infernal Blade","floor":6,"key":"SMITH"},{"floor":11,"key":"REST"},{"floor":15,"key":"REST"},{"data":"hubris:Fate","floor":25,"key":"SMITH"},{"floor":27,"key":"RECALL"},{"data":"Demonic Infusion","floor":32,"key":"SMITH"},{"data":"Corruption","floor":40,"key":"SMITH"},{"data":"Barricade","floor":49,"key":"SMITH"},{"data":"Sentinel","floor":52,"key":"SMITH"}],"circlet_count":0,"master_deck":["AscendersBane","Strike_R","Strike_R","Strike_R","Strike_R","Defend_R","Defend_R","Defend_R","Bash","Infernal Blade+1","Fiend Fire","Fiend Fire","hubris:ReadiedAction","Shrug It Off","Evolve","Shrug It Off","Demonic Infusion+1","Second Wind","hubris:Fate+1","Impervious","Burning Pact","True Grit","Havoc","Defy Death","Impervious","Shrug It Off","Metallicize","Burning Pact","Feel No Pain","Corruption+1","Intimidate","Dark Embrace","Sentinel+1","Barricade+1","Body Slam","Body Slam+1","Replay:Dark Deal","Havoc","Corruption"],"relics":["hubris:Backtick","Dead Branch","Bag of Preparation","Replay:Ringing Soul","Pet Ghost","hubris:Potato","infinitespire:Lucky Rock","ReplayTheSpireMod:TigerMarble","hubris:KleinBottle","Mark of Pain","Red Mask","ReplayFunnel","infinitespire:CheckeredPen","ReplayTheSpireMod:Shallot","Question Card","PreservedInsect","infinitespire:EvilPickle","hubris:ScarierMask","Happy Flower","Smiling Mask","ReplayTheSpireMod:Spearhead","InkBottle","Replay:Rubber Ducky","Oddly Smooth Stone","Lantern"],"acts_visited":["Exordium","TheCity","TheBeyond","TheEnding"],"potions_floor_usage":[31,55],"damage_taken":[{"damage":9,"enemies":"2 Louse","floor":1,"turns":3},{"damage":7,"enemies":"Jaw Worm","floor":4,"turns":2},{"damage":6,"enemies":"Lagavulin","floor":7,"turns":5},{"damage":0,"enemies":"Cultist","floor":8,"turns":2},{"damage":11,"enemies":"Replay:BlueRogue","floor":10,"turns":2},{"damage":0,"enemies":"Lagavulin","floor":12,"turns":2},{"damage":0,"enemies":"Exordium Thugs","floor":13,"turns":3},{"damage":0,"enemies":"Fading Forest","floor":16,"turns":9},{"damage":4,"enemies":"3 Byrds","floor":18,"turns":4},{"damage":11,"enemies":"Shell Parasite","floor":19,"turns":3},{"damage":0,"enemies":"Shelled Parasite and Fungi","floor":20,"turns":2},{"damage":0,"enemies":"Masked Bandits","floor":21,"turns":1},{"damage":0,"enemies":"Snake Plant","floor":22,"turns":2},{"damage":7,"enemies":"Slavers","floor":23,"turns":5},{"damage":0,"enemies":"Centurion and Healer","floor":24,"turns":4},{"damage":0,"enemies":"Chosen and Byrds","floor":28,"turns":4},{"damage":0,"enemies":"Book of Stabbing","floor":29,"turns":1},{"damage":13,"enemies":"Gremlin Leader","floor":31,"turns":5},{"damage":0,"enemies":"Pondfish","floor":33,"turns":3},{"damage":0,"enemies":"3 Shapes","floor":35,"turns":1},{"damage":0,"enemies":"3 Darklings","floor":36,"turns":1},{"damage":8,"enemies":"Maw","floor":38,"turns":5},{"damage":0,"enemies":"Spire Growth","floor":41,"turns":3},{"damage":0,"enemies":"Reptomancer","floor":42,"turns":1},{"damage":1,"enemies":"Nemesis","floor":44,"turns":3},{"damage":0,"enemies":"Sphere and 2 Shapes","floor":45,"turns":1},{"damage":0,"enemies":"Giant Head","floor":46,"turns":3},{"damage":0,"enemies":"Writhing Mass","floor":47,"turns":2},{"damage":0,"enemies":"3 Darklings","floor":48,"turns":4},{"damage":0,"enemies":"Donu and Deca","floor":50,"turns":4},{"damage":0,"enemies":"Shield and Spear","floor":54,"turns":3},{"damage":0,"enemies":"The Heart","floor":55,"turns":4}],"seed_played":"-155203506790349670","potions_obtained":[{"floor":4,"key":"PowerPotion"},{"floor":7,"key":"bronze:BurnAndBuffPotion"},{"floor":16,"key":"DuplicationPotion"},{"floor":33,"key":"Explosive Potion"}],"is_trial":false,"path_per_floor":["M","?","$","M","?","R","E","M","T","E","R","E","M","$","R","B",null,"M","M","M","?","M","E","M","R","T","R","M","E","?","E","R","B",null,"M","M","?","M","$","R","M","E","T","E","M","E","M","M","R","B",null,"R","$","E","B",null],"character_chosen":"IRONCLAD","items_purchased":["Fiend Fire","Havoc","ReplayTheSpireMod:TigerMarble","hubris:KleinBottle","Happy Flower","Replay:Dark Deal","Havoc","Replay:Rubber Ducky","Oddly Smooth Stone"],"campfire_rested":2,"item_purchase_floors":[3,3,14,14,39,53,53,53,53],"current_hp_per_floor":[59,48,48,41,41,41,38,41,41,33,58,61,64,38,65,68,89,88,77,88,91,94,90,93,93,93,93,96,99,102,92,92,95,121,124,124,124,125,125,125,125,128,128,130,130,133,133,136,136,136,144,144,147,150,150],"gold":310,"neow_bonus":"BOSS_RELIC","is_daily":false,"chose_seed":false,"campfire_upgraded":6,"win_rate":0.0,"timestamp":1613474710,"path_taken":["M","?","$","M","?","R","E","M","T","E","R","E","?","?","R","BOSS","M","?","M","?","M","E","M","R","T","R","M","E","?","E","R","BOSS","M","M","?","?","$","R","M","E","T","E","M","E","M","M","R","BOSS","R","$","E","BOSS"],"items_purchased_type":["Card","Card","Relic","Relic","Relic","Card","Card","Relic","Relic"],"build_version":"2020-12-22","purchased_purges":2,"victory":true,"max_hp_per_floor":[75,75,75,75,75,75,78,81,81,84,84,87,90,93,93,96,96,99,99,102,105,108,111,114,114,114,114,117,120,123,126,126,129,129,132,132,132,135,135,135,135,138,138,141,141,144,144,147,147,147,147,147,150,153,153],"card_choices":[{"not_picked":["Body Slam","Entrench"],"picked":"Infernal Blade","floor":1},{"not_picked":["Body Slam","Rage"],"picked":"hubris:ReadiedAction","floor":4},{"not_picked":["Armaments","Sword Boomerang"],"picked":"Shrug It Off","floor":7},{"not_picked":["Life Link","Anger"],"picked":"Evolve","floor":8},{"not_picked":["Pummel","Dropkick"],"picked":"Shrug It Off","floor":10},{"not_picked":["Cleave","Run Through"],"picked":"Demonic Infusion","floor":12},{"not_picked":["Armaments","Intimidate"],"picked":"Second Wind","floor":13},{"not_picked":["infinitespire:FinalStrike","infinitespire:Menacing"],"picked":"hubris:Fate","floor":14},{"not_picked":["Bludgeon","Demonic Infusion"],"picked":"Impervious","floor":16},{"not_picked":["Shrug It Off","Sentinel"],"picked":"Burning Pact","floor":18},{"not_picked":["Flex","Whirlwind","Inflame"],"picked":"SKIP","floor":19},{"not_picked":["Sword Boomerang","Anger+1"],"picked":"True Grit","floor":20},{"not_picked":["Defy Death","Blood for Blood"],"picked":"Havoc","floor":21},{"not_picked":["Flex+1","ReplayTheSpireMod:Limb From Limb"],"picked":"Defy Death","floor":22},{"not_picked":["Body Slam","Warcry"],"picked":"Impervious","floor":23},{"not_picked":["Massacre","Clash+1"],"picked":"Shrug It Off","floor":24},{"not_picked":["ReplayTheSpireMod:Corrosion Curse","hubris:SharpeningStone"],"picked":"Metallicize","floor":28},{"not_picked":["Double Tap","Iron Wave"],"picked":"Burning Pact","floor":29},{"not_picked":["Perfected Strike","hubris:CleavingFinish+1","Clash"],"picked":"Feel No Pain","floor":31},{"not_picked":["Eclipse","Fiend Fire","Double Tap"],"picked":"Corruption","floor":33},{"not_picked":["Heavy Blade","Pummel+1","Armaments+1"],"picked":"Intimidate","floor":35},{"not_picked":["ReplayTheSpireMod:Strike From Hell","Sever Soul","Iron Wave","Body Slam"],"picked":"SKIP","floor":36},{"not_picked":["Battle Trance","Shockwave","Cleave+1"],"picked":"Dark Embrace","floor":38},{"not_picked":["infinitespire:OneForAll","Wild Strike+1","Iron Wave+1","Twin Strike"],"picked":"SKIP","floor":41},{"not_picked":["Evolve","Combust","Run Through"],"picked":"Sentinel","floor":42},{"not_picked":["Thunderclap+1","Shrug It Off","Sword Boomerang"],"picked":"Barricade","floor":44},{"not_picked":["hubris:ReadiedAction","Shockwave+1","Iron Wave"],"picked":"Body Slam","floor":46},{"not_picked":["Cleave+1","Clash","Body Slam","Shockwave+1"],"picked":"SKIP","floor":47},{"not_picked":["Ghostly Armor","Headbutt","hubris:CleavingFinish"],"picked":"Body Slam+1","floor":48},{"not_picked":["ReplayTheSpireMod:Stacked","ReplayTheSpireMod:Strike From Hell","Rupture"],"picked":"Corruption","floor":54}],"player_experience":245203,"relics_obtained":[{"floor":7,"key":"Replay:Ringing Soul"},{"floor":9,"key":"Pet Ghost"},{"floor":10,"key":"hubris:Potato"},{"floor":12,"key":"infinitespire:Lucky Rock"},{"floor":21,"key":"Red Mask"},{"floor":23,"key":"ReplayFunnel"},{"floor":26,"key":"infinitespire:CheckeredPen"},{"floor":29,"key":"ReplayTheSpireMod:Shallot"},{"floor":31,"key":"PreservedInsect"},{"floor":42,"key":"Smiling Mask"},{"floor":44,"key":"ReplayTheSpireMod:Spearhead"},{"floor":46,"key":"InkBottle"},{"floor":54,"key":"Lantern"}],"event_choices":[{"damage_healed":0,"gold_gain":75,"player_choice":"Gather Gold","damage_taken":11,"max_hp_gain":0,"max_hp_loss":0,"event_name":"World of Goop","floor":2,"gold_loss":0},{"cards_removed":["Havoc"],"damage_healed":0,"gold_gain":0,"player_choice":"Gave Card","damage_taken":0,"relics_obtained":["Bag of Preparation"],"max_hp_gain":0,"max_hp_loss":0,"event_name":"WeMeetAgain","floor":5,"gold_loss":0},{"damage_healed":0,"gold_gain":0,"player_choice":"Fought Bandits","damage_taken":0,"max_hp_gain":0,"max_hp_loss":0,"event_name":"Masked Bandits","floor":21,"gold_loss":0},{"cards_removed":["Writhe"],"damage_healed":0,"gold_gain":0,"player_choice":"Purged","damage_taken":0,"max_hp_gain":0,"max_hp_loss":0,"event_name":"Purifier","floor":37,"gold_loss":0}],"is_beta":false,"boss_relics":[{"not_picked":["Snecko Heart","Honey Jar"],"picked":"Mark of Pain"},{"not_picked":["hubris:CrackedHourglass","hubris:RunicObelisk"],"picked":"hubris:ScarierMask"}],"items_purged_floors":[39,53],"is_endless":false,"potions_floor_spawned":[4,7,10,16,19,20,23,29,33,42,45,46],"ascension_level":18}}