{"host":"g7uq9uzahx9e0kti","time":1613485087,"event":{"mods":["AchievementEnabler","BaseMod","CapriCore","Hermit","Koishi","Minty Spire (QoL Compilation)","Permanent Neow","Quick Restart","StSLib","SuperFastMode","The Bug Knight","The Cursed","The Hierophant","The Immortal","The Runesmith","Together in Spire","WarShipGirlsR/??á´Ò³R mod"],"gold_per_floor":[115,390,401,69,85,119,119,19,45,45,80,80,80,115,115,219,219,231,231,231,251,262,294,294,294,319,319,348,348,367,408,408,408,408],"floor_reached":33,"language":"KOR","playtime":3482,"items_purged":["Regret","rmod:strick"],"score":301,"play_id":"bcf947a6-b907-4527-9999-13b39bc9a6b1","local_time":"20210216231807","is_ascension_mode":false,"campfire_choices":[{"data":"rmod:ammunitionsupply","floor":15,"key":"SMITH"},{"data":"rmod:ammunitionsupply","floor":27,"key":"SMITH"},{"data":"rmod:garrisonisland","floor":29,"key":"SMITH"},{"floor":32,"key":"REST"}],"circlet_count":0,"master_deck":["rmod:strick","rmod:strick","rmod:strick","rmod:defend","rmod:defend","rmod:defend","rmod:basicallowance","rmod:maingunfire","rmod:diamondstrike","rmod:chargemoney","rmod:diamondstrike","rmod:intelligenceanalysis","rmod:ammunitionsupply+1","Parasite","rmod:ammunitionsupply+1","rmod:highspeedmaneuver","rmod:supportescort","rmod:garrisonisland+1","rmod:punchline","rmod:ammunitionsupply","rmod:luckystar","rmod:fletcherpendant+1","rmod:windflower","rmod:fuelsupply+1"],"relics":["rmod:firstchargereward","Mercury Hourglass","Juzu Bracelet","Nunchaku","Vajra","Darkstone Periapt","Omamori","Cursed Key","Matryoshka","Strawberry","Eternal Feather","HornCleat","CeramicFish","HollowMod:PaleOreRelic"],"acts_visited":["Exordium","TheCity"],"potions_floor_usage":[16,16,16,33,33],"damage_taken":[{"damage":0,"enemies":"Small Slimes","floor":1,"turns":2},{"damage":2,"enemies":"Cultist","floor":3,"turns":3},{"damage":0,"enemies":"2 Louse","floor":5,"turns":1},{"damage":27,"enemies":"Lagavulin","floor":6,"turns":7},{"damage":11,"enemies":"Gremlin Nob","floor":11,"turns":4},{"damage":9,"enemies":"3 Sentries","floor":14,"turns":5},{"damage":16,"enemies":"Hexaghost","floor":16,"turns":5},{"damage":13,"enemies":"3 Byrds","floor":18,"turns":4},{"damage":10,"enemies":"2 Thieves","floor":21,"turns":4},{"damage":0,"enemies":"3 Cultists","floor":22,"turns":4},{"damage":26,"enemies":"Gremlin Leader","floor":23,"turns":6},{"damage":18,"enemies":"Chosen and Byrds","floor":28,"turns":5},{"damage":0,"enemies":"Snake Plant","floor":30,"turns":3},{"damage":38,"enemies":"Book of Stabbing","floor":31,"turns":5},{"damage":45,"enemies":"Champ","floor":33,"turns":7}],"seed_played":"-5010576268769778755","potions_obtained":[{"floor":1,"key":"Block Potion"},{"floor":5,"key":"AttackPotion"},{"floor":11,"key":"DuplicationPotion"},{"floor":18,"key":"ColorlessPotion"},{"floor":22,"key":"DuplicationPotion"},{"floor":31,"key":"PowerPotion"}],"is_trial":false,"path_per_floor":["M","?","M","$","M","E","?","$","T","T","E","?","?","E","R","B",null,"M","?","?","M","M","E","?","?","T","R","M","R","M","E","R","B"],"character_chosen":"PRAEFECT","items_purchased":["Mercury Hourglass"],"campfire_rested":1,"item_purchase_floors":[4],"current_hp_per_floor":[75,75,73,73,73,46,51,51,51,51,40,33,57,48,48,32,81,68,68,75,65,65,39,39,39,39,51,33,45,45,7,45,0,0],"gold":408,"neow_bonus":"THREE_CARDS","is_daily":false,"chose_seed":false,"campfire_upgraded":3,"win_rate":0.0,"timestamp":1613485087,"path_taken":["M","?","?","$","M","E","?","?","T","?","E","?","?","E","R","BOSS","M","?","?","M","M","E","?","?","T","R","M","R","M","E","R","BOSS"],"items_purchased_type":["Relic"],"build_version":"2020-12-22","purchased_purges":2,"victory":false,"max_hp_per_floor":[75,75,75,75,75,75,75,75,75,75,75,75,81,81,81,81,81,81,81,88,88,88,88,88,88,88,88,88,88,88,88,88,88,88],"card_choices":[{"not_picked":["rmod:maintain","rmod:sl"],"picked":"rmod:diamondstrike","floor":0},{"not_picked":["rmod:diamondstrike","rmod:luckystar"],"picked":"rmod:chargemoney","floor":1},{"not_picked":["rmod:aviationdawn","rmod:circuitoustactics"],"picked":"rmod:diamondstrike","floor":3},{"not_picked":["rmod:chargemoney","rmod:maintain"],"picked":"rmod:intelligenceanalysis","floor":5},{"not_picked":["rmod:aviationdawn","rmod:diamondstrike"],"picked":"rmod:unsinkable","floor":6},{"not_picked":["rmod:timeschanged","rmod:steelsupply"],"picked":"rmod:ammunitionsupply","floor":11},{"not_picked":["rmod:steelsupply","rmod:circuitoustactics"],"picked":"rmod:ammunitionsupply","floor":14},{"not_picked":["rmod:supriseattacks","rmod:fletcher"],"picked":"rmod:highspeedmaneuver","floor":16},{"not_picked":["rmod:intelligenceanalysis","rmod:goodsister+1"],"picked":"rmod:supportescort","floor":18},{"not_picked":["rmod:fletcherpendant+1","rmod:intelligenceanalysis+1"],"picked":"rmod:garrisonisland","floor":21},{"not_picked":["rmod:salvage+1","rmod:bulid+1"],"picked":"rmod:punchline","floor":22},{"not_picked":["rmod:chargemoney","rmod:circuitoustactics","rmod:selfconfidence"],"picked":"SKIP","floor":23},{"not_picked":[],"picked":"rmod:luckystar","floor":25},{"not_picked":["rmod:circuitoustactics","rmod:diamondstrike+1"],"picked":"rmod:fletcherpendant+1","floor":28},{"not_picked":["rmod:steelsupply","rmod:firesupport"],"picked":"rmod:windflower","floor":30},{"not_picked":["rmod:luckystar","rmod:capitalist"],"picked":"rmod:fuelsupply+1","floor":31}],"player_experience":113817,"relics_obtained":[{"floor":6,"key":"Juzu Bracelet"},{"floor":9,"key":"Nunchaku"},{"floor":10,"key":"Vajra"},{"floor":11,"key":"Darkstone Periapt"},{"floor":14,"key":"Omamori"},{"floor":23,"key":"Eternal Feather"},{"floor":26,"key":"HornCleat"},{"floor":26,"key":"CeramicFish"},{"floor":31,"key":"HollowMod:PaleOreRelic"}],"event_choices":[{"damage_healed":0,"gold_gain":275,"player_choice":"Desecrate","damage_taken":0,"max_hp_gain":0,"max_hp_loss":0,"event_name":"Golden Shrine","floor":2,"gold_loss":0,"cards_obtained":["Regret"]},{"cards_removed":["rmod:unsinkable"],"damage_healed":5,"gold_gain":0,"player_choice":"Offered Common","damage_taken":0,"max_hp_gain":0,"max_hp_loss":0,"event_name":"Bonfire Elementals","floor":7,"gold_loss":0},{"cards_removed":["rmod:unsinkable"],"damage_healed":5,"gold_gain":0,"player_choice":"Offered Special","damage_taken":0,"max_hp_gain":0,"max_hp_loss":0,"event_name":"Bonfire Elementals","floor":7,"gold_loss":0},{"cards_removed":["rmod:defend"],"damage_healed":0,"gold_gain":0,"player_choice":"Card Removal","damage_taken":7,"max_hp_gain":0,"max_hp_loss":0,"event_name":"Golden Wing","floor":12,"gold_loss":0},{"damage_healed":18,"gold_gain":0,"player_choice":"Healed and dodged fight","damage_taken":0,"max_hp_gain":0,"max_hp_loss":0,"event_name":"Mushrooms","floor":13,"gold_loss":0,"cards_obtained":["Parasite"]},{"damage_healed":0,"gold_gain":0,"player_choice":"Stole Relic","damage_taken":0,"relics_obtained":["Matryoshka"],"max_hp_gain":0,"max_hp_loss":0,"event_name":"Addict","floor":19,"gold_loss":0,"cards_obtained":["Shame"]},{"damage_healed":0,"gold_gain":0,"player_choice":"Gave Potion","damage_taken":0,"relics_obtained":["Strawberry"],"max_hp_gain":0,"max_hp_loss":0,"event_name":"WeMeetAgain","floor":20,"gold_loss":0},{"damage_healed":0,"gold_gain":0,"player_choice":"Read","damage_taken":0,"max_hp_gain":0,"max_hp_loss":0,"event_name":"The Library","floor":24,"gold_loss":0,"cards_obtained":["rmod:ammunitionsupply"]}],"is_beta":false,"boss_relics":[{"not_picked":["Empty Cage","SlaversCollar"],"picked":"Cursed Key"}],"items_purged_floors":[4,8],"is_endless":false,"potions_floor_spawned":[1,5,11,18,22,31],"killed_by":"Champ","ascension_level":0}}