{"host":"61s3c1o1s4fng5dr","time":1613497197,"event":{"mods":["AchievementEnabler","Alarm Clock","AlwaysNeverKeys","BaseMod","Bestiary","Block Reminder","Colored Map","Googly Eyes","Highlight Path","Minty Spire (QoL Compilation)","Permanent Neow","Quick Restart","Random Character Button","Spire Birthday Party"],"gold_per_floor":[369,379,454,287,303,335,335,354,354,29,29,43,43,59,59,162,162,172,172,172,172,172,172,97,97,97,97,108,121,134,164,164,268,268,282,293,303,321,340,340,340],"floor_reached":40,"language":"ENG","playtime":2725,"items_purged":["Parasite"],"score":435,"play_id":"8c3bb81f-bc79-4a70-bd20-86b2c1bbb3f5","local_time":"20210216123957","is_ascension_mode":false,"campfire_choices":[{"floor":7.0,"key":"REST"},{"floor":11.0,"key":"REST"},{"data":"Metallicize","floor":13.0,"key":"SMITH"},{"data":"Body Slam","floor":15.0,"key":"SMITH"},{"data":"Barricade","floor":23.0,"key":"SMITH"},{"data":"Metallicize","floor":32.0,"key":"SMITH"}],"circlet_count":0,"master_deck":["Strike_R+1","Strike_R+1","Defend_R+1","Defend_R+1","Defend_R+1","Defend_R+1","Bash","Metallicize+1","Flash of Steel","Evolve","Ghostly Armor","Body Slam+1","Barricade+1","Dropkick","Metallicize+1","Shrug It Off","Shrug It Off"],"relics":["Burning Blood","Red Skull","Oddly Smooth Stone","Pantograph","Runic Cube","StrikeDummy","StoneCalendar","Paper Frog","Black Star"],"acts_visited":["Exordium","TheCity","TheBeyond"],"potions_floor_usage":[38,39],"damage_taken":[{"damage":14.0,"enemies":"2 Louse","floor":1.0,"turns":3.0},{"damage":9.0,"enemies":"Cultist","floor":2.0,"turns":4.0},{"damage":4.0,"enemies":"Small Slimes","floor":5.0,"turns":3.0},{"damage":37.0,"enemies":"3 Sentries","floor":6.0,"turns":12.0},{"damage":7.0,"enemies":"3 Louse","floor":8.0,"turns":5.0},{"damage":10.0,"enemies":"Looter","floor":12.0,"turns":4.0},{"damage":12.0,"enemies":"Large Slime","floor":14.0,"turns":5.0},{"damage":57.0,"enemies":"The Guardian","floor":16.0,"turns":18.0},{"damage":22.0,"enemies":"Spheric Guardian","floor":18.0,"turns":14.0},{"damage":3.0,"enemies":"Shell Parasite","floor":28.0,"turns":6.0},{"damage":15.0,"enemies":"Sentry and Sphere","floor":29.0,"turns":7.0},{"damage":2.0,"enemies":"Cultist and Chosen","floor":30.0,"turns":8.0},{"damage":5.0,"enemies":"Book of Stabbing","floor":31.0,"turns":10.0},{"damage":16.0,"enemies":"Champ","floor":33.0,"turns":12.0},{"damage":11.0,"enemies":"Orb Walker","floor":35.0,"turns":6.0},{"damage":6.0,"enemies":"3 Shapes","floor":36.0,"turns":5.0},{"damage":15.0,"enemies":"Maw","floor":37.0,"turns":10.0},{"damage":36,"enemies":"4 Shapes","floor":38,"turns":7},{"damage":14,"enemies":"Transient","floor":39,"turns":5},{"damage":52,"enemies":"Giant Head","floor":40,"turns":10}],"seed_played":"762008185859634938","potions_obtained":[{"floor":1.0,"key":"BlessingOfTheForge"},{"floor":6.0,"key":"Dexterity Potion"},{"floor":8.0,"key":"Regen Potion"},{"floor":12.0,"key":"BlessingOfTheForge"},{"floor":18.0,"key":"AttackPotion"},{"floor":29.0,"key":"LiquidBronze"},{"floor":33.0,"key":"SpeedPotion"},{"floor":37.0,"key":"SkillPotion"},{"floor":38,"key":"PowerPotion"}],"is_trial":false,"path_per_floor":["M","M","?","$","M","E","R","M","T","$","R","M","R","M","R","B",null,"M","?","?","?","$","R","?","?","T","$","M","M","M","E","R","B",null,"M","M","M","M","M","E"],"character_chosen":"IRONCLAD","items_purchased":["Flash of Steel","Ghostly Armor","Pantograph"],"campfire_rested":2,"item_purchase_floors":[4,10,10],"current_hp_per_floor":[72,69,61,61,63,32,55,54,54,54,77,73,73,67,67,41,77,61,61,61,61,61,61,61,61,61,61,64,55,59,60,60,67,77,72,72,63,33,25,0,0],"gold":340,"neow_bonus":"TWO_FIFTY_GOLD","is_daily":false,"chose_seed":false,"campfire_upgraded":4,"win_rate":0.0,"timestamp":1613497197,"path_taken":["M","M","?","$","M","E","R","M","T","$","R","M","R","?","R","BOSS","M","?","?","?","$","R","?","?","T","$","M","M","M","E","R","BOSS","M","M","M","M","M","E"],"items_purchased_type":["Card","Card","Relic"],"build_version":"2020-12-22","purchased_purges":1,"victory":false,"max_hp_per_floor":[80,80,80,77,77,77,77,77,77,77,77,77,77,77,77,77,77,77,77,77,77,77,77,77,77,77,77,77,77,77,77,77,77,77,77,77,77,77,77,77,77],"card_choices":[{"not_picked":["Uppercut","Heavy Blade"],"picked":"Metallicize","floor":1.0},{"not_picked":["Havoc","Heavy Blade","Uppercut"],"picked":"SKIP","floor":2.0},{"not_picked":["Rupture","Reckless Charge","Combust"],"picked":"SKIP","floor":5.0},{"not_picked":["Rupture","Armaments"],"picked":"Evolve","floor":6.0},{"not_picked":["Disarm","Perfected Strike","Cleave"],"picked":"SKIP","floor":8.0},{"not_picked":["Ghostly Armor","Anger","Perfected Strike"],"picked":"SKIP","floor":12.0},{"not_picked":["True Grit","Pommel Strike"],"picked":"Body Slam","floor":14.0},{"not_picked":["Juggernaut","Impervious"],"picked":"Barricade","floor":16.0},{"not_picked":["Flex","Anger","Havoc"],"picked":"SKIP","floor":18.0},{"not_picked":["Twin Strike+1","Berserk"],"picked":"Shrug It Off","floor":28.0},{"not_picked":["Body Slam","Clothesline"],"picked":"Shrug It Off","floor":29.0},{"not_picked":["Warcry","Thunderclap","Blood for Blood"],"picked":"SKIP","floor":30.0},{"not_picked":["Bludgeon","Uppercut+1","Barricade"],"picked":"SKIP","floor":31.0},{"not_picked":["True Grit+1","Warcry+1","Fire Breathing"],"picked":"SKIP","floor":35.0},{"not_picked":["Battle Trance","Heavy Blade+1","Sentinel+1"],"picked":"SKIP","floor":36.0},{"not_picked":["Blood for Blood+1","Disarm+1","Demon Form"],"picked":"SKIP","floor":37.0},{"not_picked":["Pommel Strike","Cleave+1","Thunderclap"],"picked":"SKIP","floor":38},{"not_picked":["Battle Trance+1","Offering","Body Slam"],"picked":"SKIP","floor":39}],"player_experience":464752,"relics_obtained":[{"floor":6.0,"key":"Red Skull"},{"floor":9.0,"key":"Oddly Smooth Stone"},{"floor":26.0,"key":"StoneCalendar"},{"floor":31.0,"key":"Paper Frog"}],"event_choices":[{"damage_healed":0.0,"max_hp_gain":0.0,"max_hp_loss":0.0,"gold_gain":75.0,"event_name":"FaceTrader","player_choice":"Touch","floor":3.0,"gold_loss":0.0,"damage_taken":8.0},{"damage_healed":0.0,"max_hp_gain":0.0,"max_hp_loss":0.0,"gold_gain":0.0,"event_name":"Back to Basics","player_choice":"Simplicity","floor":19.0,"gold_loss":0.0,"damage_taken":0.0,"cards_upgraded":["Strike_R","Strike_R","Strike_R","Strike_R","Strike_R","Defend_R","Defend_R","Defend_R","Defend_R"]},{"damage_healed":0.0,"max_hp_gain":0.0,"max_hp_loss":0.0,"gold_gain":0.0,"cards_transformed":["Strike_R","Strike_R"],"event_name":"Drug Dealer","player_choice":"Became Test Subject","floor":20.0,"gold_loss":0.0,"damage_taken":0.0,"cards_obtained":["Dropkick","Metallicize"]},{"damage_healed":0.0,"max_hp_gain":0.0,"max_hp_loss":0.0,"gold_gain":0.0,"event_name":"Ghosts","player_choice":"Ignored","floor":21.0,"gold_loss":0.0,"damage_taken":0.0},{"cards_removed":["Strike_R"],"damage_healed":0.0,"max_hp_gain":0.0,"max_hp_loss":0.0,"gold_gain":0.0,"event_name":"Beggar","player_choice":"Gave Gold","floor":24.0,"gold_loss":75.0,"damage_taken":0.0},{"damage_healed":0.0,"max_hp_gain":0.0,"max_hp_loss":0.0,"gold_gain":0.0,"event_name":"The Mausoleum","player_choice":"Opened","floor":25.0,"gold_loss":0.0,"damage_taken":0.0,"relics_obtained":["StrikeDummy"]}],"is_beta":false,"boss_relics":[{"not_picked":["Astrolabe","Coffee Dripper"],"picked":"Runic Cube"},{"not_picked":["SacredBark","Fusion Hammer"],"picked":"Black Star"}],"items_purged_floors":[4],"is_endless":false,"potions_floor_spawned":[1,6,8,12,18,29,33,37,38],"killed_by":"Giant Head","ascension_level":0}}