{"host":"nkolxg4se00n20yf","time":1613510159,"event":{"mods":["BaseMod","CatGirl Mod","Chen","Colored Map","Colored Powertips","Downfall","Friendly Minions","Infinite Spire","Kiyohime????","Marisa????????","Minty Spire (QoL Compilation)","StSLib","Td1madao Mod","The Administrix","The Cursed","The Exalted","The Hierophant","The Servant 0.9.4"],"gold_per_floor":[115,130,130,188,188,188,201,228,252,267,277,291,148,165,165,268,268,288,301,301,311,77,107,107,127,180,180,180,205,223,223,223,321,321,341,341,355,355,46,80,80,115,115,165,165,177,196,229,229,229],"floor_reached":51,"language":"ENG","playtime":4168,"items_purged":[],"score":1019,"play_id":"39a615fd-8785-4871-a69a-b39e26a41f64","local_time":"20210216221559","is_ascension_mode":true,"campfire_choices":[{"data":"Eruption","floor":6.0,"key":"SMITH"},{"floor":15.0,"key":"REST"},{"floor":24.0,"key":"REST"},{"floor":27.0,"key":"REST"},{"floor":32.0,"key":"REST"},{"floor":41,"key":"REST"},{"floor":45,"key":"REST"},{"floor":49,"key":"REST"}],"circlet_count":0,"master_deck":["Strike_P","Strike_P","Defend_P","Defend_P","Defend_P+1","Eruption+1","Vigilance","The Bomb+1","ClearTheMind+1","SandsOfTime","LessonLearned","CrushJoints","Crescendo","Perseverance","Devotion","WreathOfFlame+1","Sanctity+1","Pray+1","Protect","MentalFortress","FearNoEvil","LikeWater","Bandage Up","FlyingSleeves","Study","Judgement","Evaluate+1","ThirdEye","Halt+1","Tantrum+1","LikeWater+1"],"relics":["PureWater","Potion Belt","infinitespire:PuzzleCube","Damaru","Astrolabe","Sling","infinitespire:Golems Mask","Bromod:ArcaneConsequence","Regal Pillow","Bromod:ArcaneBarrier","SlaversCollar","Cauldron","Anchor","HandDrill","TeardropLocket","Gremlin Horn","infinitespire:Satchel","CloakClasp","Juzu Bracelet"],"acts_visited":["Exordium","TheCity","TheBeyond"],"potions_floor_usage":[40,40,44,48],"damage_taken":[{"damage":12.0,"enemies":"Cultist","floor":1.0,"turns":3.0},{"damage":7.0,"enemies":"Jaw Worm","floor":2.0,"turns":3.0},{"damage":6.0,"enemies":"2 Louse","floor":7.0,"turns":3.0},{"damage":0.0,"enemies":"Lagavulin","floor":8.0,"turns":4.0},{"damage":3.0,"enemies":"2 Fungi Beasts","floor":10.0,"turns":3.0},{"damage":1.0,"enemies":"Looter","floor":11.0,"turns":3.0},{"damage":0.0,"enemies":"Large Slime","floor":12.0,"turns":3.0},{"damage":14.0,"enemies":"Red Slaver","floor":14.0,"turns":2.0},{"damage":42.0,"enemies":"The Guardian","floor":16.0,"turns":10.0},{"damage":6.0,"enemies":"Shell Parasite","floor":18.0,"turns":3.0},{"damage":12.0,"enemies":"Chosen","floor":19.0,"turns":4.0},{"damage":20.0,"enemies":"Snake Plant","floor":21.0,"turns":4.0},{"damage":43.0,"enemies":"Slavers","floor":23.0,"turns":6.0},{"damage":18.0,"enemies":"Shelled Parasite and Fungi","floor":25.0,"turns":5.0},{"damage":8.0,"enemies":"Sentry and Sphere","floor":30.0,"turns":6.0},{"damage":24.0,"enemies":"Champ","floor":33.0,"turns":9.0},{"damage":32.0,"enemies":"3 Darklings","floor":35.0,"turns":5.0},{"damage":22.0,"enemies":"Orb Walker","floor":37.0,"turns":4.0},{"damage":0.0,"enemies":"Transient","floor":38.0,"turns":2.0},{"damage":17,"enemies":"Giant Head","floor":40,"turns":7},{"damage":8,"enemies":"Reptomancer","floor":42,"turns":7},{"damage":1,"enemies":"Mind Bloom Boss Battle","floor":44,"turns":7},{"damage":0,"enemies":"Sphere and 2 Shapes","floor":46,"turns":4},{"damage":13,"enemies":"Jaw Worm Horde","floor":47,"turns":3},{"damage":0,"enemies":"Giant Head","floor":48,"turns":6},{"damage":15,"enemies":"Donu and Deca","floor":50,"turns":7}],"seed_played":"-8012351636852701761","potions_obtained":[{"floor":2.0,"key":"FairyPotion"},{"floor":8.0,"key":"Energy Potion"},{"floor":11.0,"key":"PowerPotion"},{"floor":16.0,"key":"Guardian:BlockOnCardUsePotion"},{"floor":23.0,"key":"BlessingOfTheForge"},{"floor":35.0,"key":"PowerPotion"},{"floor":36.0,"key":"CultistPotion"},{"floor":36.0,"key":"Ambrosia"},{"floor":36.0,"key":"Block Potion"},{"floor":36.0,"key":"SmokeBomb"},{"floor":40,"key":"Energy Potion"},{"floor":44,"key":"Ambrosia"},{"floor":46,"key":"hexamod:SoulburnPotion"},{"floor":47,"key":"Weak Potion"}],"is_trial":false,"path_per_floor":["M","M","$","?","?","R","M","E","T","M","M","M","$","M","R","B",null,"M","M","?","M","$","E","R","M","T","R","?","T","M","?","R","B",null,"M","AVR","M","M","$","E","R","E","T","?","R","M","M","E","R","B",null],"character_chosen":"WATCHER","items_purchased":["Damaru","Sling","Bandage Up","Anchor","HandDrill"],"campfire_rested":7,"item_purchase_floors":[13,22,22,39,39],"current_hp_per_floor":[35,28,28,28,52,52,46,46,46,43,42,42,42,28,49,7,56,50,38,38,18,18,4,25,11,11,32,32,32,28,28,64,44,65,37,37,19,23,23,10,46,42,42,45,72,72,63,67,72,61],"gold":229,"neow_bonus":"RANDOM_COLORLESS_2","is_daily":false,"chose_seed":false,"campfire_upgraded":1,"win_rate":0.0,"timestamp":1613510159,"path_taken":["M","M","?","?","?","R","M","E","T","M","M","M","?","M","R","BOSS","M","M","?","?","$","E","R","M","T","R","?","?","M","?","R","BOSS","M","AVR","M","M","$","E","R","E","T","?","R","M","M","E","R","BOSS"],"items_purchased_type":["Relic","Relic","Card","Relic","Relic"],"build_version":"2020-12-22","purchased_purges":0,"victory":true,"max_hp_per_floor":[72,72,72,72,72,72,72,72,72,72,72,72,72,72,72,72,72,72,72,72,72,72,72,72,72,72,72,72,72,72,72,72,72,72,72,72,72,72,72,72,72,72,72,72,72,72,72,72,72,72],"card_choices":[{"not_picked":["Secret Technique","Violence"],"picked":"The Bomb","floor":0.0},{"not_picked":["EmptyFist","FollowUp"],"picked":"ClearTheMind","floor":1.0},{"not_picked":["PathToVictory","Halt"],"picked":"SandsOfTime","floor":2.0},{"not_picked":["Weave","JustLucky"],"picked":"PathToVictory","floor":7.0},{"not_picked":["ForeignInfluence","MentalFortress"],"picked":"LessonLearned","floor":8.0},{"not_picked":["Evaluate","Meditate"],"picked":"CrushJoints","floor":10.0},{"not_picked":["EmptyFist","EmptyBody"],"picked":"Crescendo","floor":11.0},{"not_picked":["Indignation","ClearTheMind"],"picked":"Perseverance","floor":12.0},{"not_picked":["EmptyMind","CrushJoints","Crescendo"],"picked":"SKIP","floor":14.0},{"not_picked":["DeusExMachina","Alpha"],"picked":"Devotion","floor":16.0},{"not_picked":["SashWhip","Consecrate"],"picked":"Protect","floor":18.0},{"not_picked":["Consecrate","Meditate"],"picked":"MentalFortress","floor":19.0},{"not_picked":["Sanctity","Study"],"picked":"LikeWater","floor":21.0},{"not_picked":["CutThroughFate","PathToVictory","SashWhip"],"picked":"SKIP","floor":23.0},{"not_picked":["FollowUp+1","CutThroughFate"],"picked":"FlyingSleeves","floor":25.0},{"not_picked":["EmptyFist","BowlingBash"],"picked":"Study","floor":30.0},{"not_picked":["Scrawl","Devotion"],"picked":"Judgement","floor":33.0},{"not_picked":["Protect+1","CutThroughFate+1"],"picked":"Evaluate+1","floor":35.0},{"not_picked":["Consecrate","BowlingBash"],"picked":"ThirdEye","floor":37.0},{"not_picked":["Protect","CrushJoints","EmptyFist+1"],"picked":"SKIP","floor":40},{"not_picked":["Protect","Evaluate+1"],"picked":"Halt+1","floor":42},{"not_picked":["CarveReality","EmptyFist+1"],"picked":"Tantrum+1","floor":44},{"not_picked":["FollowUp","ConjureBlade"],"picked":"LikeWater+1","floor":46},{"not_picked":["FollowUp","Crescendo","CutThroughFate"],"picked":"SKIP","floor":47},{"not_picked":["FearNoEvil","WheelKick","EmptyFist"],"picked":"SKIP","floor":48}],"player_experience":1132847,"relics_obtained":[{"floor":8.0,"key":"Potion Belt"},{"floor":9.0,"key":"infinitespire:PuzzleCube"},{"floor":23.0,"key":"infinitespire:Golems Mask"},{"floor":26.0,"key":"Bromod:ArcaneConsequence"},{"floor":29.0,"key":"Regal Pillow"},{"floor":40,"key":"TeardropLocket"},{"floor":42,"key":"Gremlin Horn"},{"floor":43,"key":"infinitespire:Satchel"},{"floor":44,"key":"CloakClasp"},{"floor":48,"key":"Juzu Bracelet"}],"event_choices":[{"damage_healed":0.0,"max_hp_gain":0.0,"max_hp_loss":0.0,"gold_gain":58.0,"event_name":"Golden Wing","player_choice":"Gained Gold","floor":4.0,"gold_loss":0.0,"damage_taken":0.0},{"damage_healed":24.0,"max_hp_gain":0.0,"max_hp_loss":0.0,"gold_gain":0.0,"event_name":"Big Fish","player_choice":"Banana","floor":5.0,"gold_loss":0.0,"damage_taken":0.0},{"damage_healed":0.0,"max_hp_gain":0.0,"max_hp_loss":0.0,"gold_gain":0.0,"cards_transformed":["Strike_P"],"event_name":"Transmorgrifier","player_choice":"Transformed","floor":20.0,"gold_loss":0.0,"damage_taken":0.0,"cards_obtained":["FearNoEvil"]},{"damage_healed":0,"gold_gain":0,"player_choice":"Fight","damage_taken":0,"max_hp_gain":0,"max_hp_loss":0,"event_name":"MindBloom","floor":44,"gold_loss":0}],"is_beta":false,"boss_relics":[{"not_picked":["Pandora\u0027s Box","Coffee Dripper"],"picked":"Astrolabe"},{"not_picked":["Snecko Eye","Runic Pyramid"],"picked":"Bromod:ArcaneBarrier"}],"items_purged_floors":[],"is_endless":false,"potions_floor_spawned":[2,8,11,16,23,35,40,44,46,47],"ascension_level":6}}