{"host":"q8mjpf3krl0t4p3x","time":1613455270,"event":{"mods":["BaseMod","Colored Map","Colored Powertips","Googly Eyes","Minty Spire (QoL Compilation)","Quick Restart","StSLib","everything is the same but u backflip on backflip","slay the spire mod where everything is the same but ironclad has a cowboy hat"],"gold_per_floor":[112,112,128,128,141,141,157,192,192,218,236,236,236],"floor_reached":12,"language":"ENG","playtime":452,"items_purged":[],"score":153,"play_id":"8e554a29-0e67-4fa2-8f1b-5c60fc090252","local_time":"20210215220110","is_ascension_mode":true,"campfire_choices":[{"data":"Double Tap","floor":6,"key":"SMITH"}],"circlet_count":0,"master_deck":["AscendersBane","Strike_R","Strike_R","Strike_R","Strike_R","Strike_R","Defend_R","Defend_R","Defend_R","Defend_R","Bash","Exhume","Iron Wave","Double Tap+1","Flame Barrier","Cleave","Reaper"],"relics":["Burning Blood","Ginger","The Courier","Pear"],"acts_visited":["Exordium"],"potions_floor_usage":[10,10],"damage_taken":[{"damage":11,"enemies":"2 Louse","floor":1,"turns":2},{"damage":5,"enemies":"Cultist","floor":3,"turns":5},{"damage":3,"enemies":"Small Slimes","floor":5,"turns":4},{"damage":3,"enemies":"Gremlin Gang","floor":7,"turns":3},{"damage":18,"enemies":"3 Sentries","floor":8,"turns":7},{"damage":44,"enemies":"Lagavulin","floor":10,"turns":7},{"damage":18,"enemies":"3 Louse","floor":11,"turns":3},{"damage":24,"enemies":"Gremlin Nob","floor":12,"turns":4}],"seed_played":"2127061168897146","potions_obtained":[{"floor":5,"key":"Weak Potion"},{"floor":8,"key":"AttackPotion"},{"floor":11,"key":"Dexterity Potion"}],"is_trial":false,"path_per_floor":["M","?","M","?","M","R","M","E","T","E","M","E"],"character_chosen":"IRONCLAD","items_purchased":[],"campfire_rested":0,"item_purchase_floors":[],"current_hp_per_floor":[63,63,64,64,67,67,70,58,58,30,30,6,6],"gold":236,"neow_bonus":"ONE_RANDOM_RARE_CARD","is_daily":false,"chose_seed":false,"campfire_upgraded":1,"win_rate":0.0,"timestamp":1613455270,"path_taken":["M","?","?","?","?","R","M","E","T","E","M","E"],"items_purchased_type":[],"build_version":"2020-12-22","purchased_purges":0,"victory":false,"max_hp_per_floor":[75,75,75,75,75,75,75,75,75,85,85,85,85],"card_choices":[{"not_picked":["True Grit","Perfected Strike"],"picked":"Iron Wave","floor":1},{"not_picked":["True Grit","Rampage"],"picked":"Flame Barrier","floor":3},{"not_picked":["Havoc","Anger"],"picked":"Cleave","floor":5},{"not_picked":["Blood for Blood","Perfected Strike","Heavy Blade"],"picked":"SKIP","floor":7},{"not_picked":["Flex","Armaments","Burning Pact"],"picked":"SKIP","floor":8},{"not_picked":["Heavy Blade","Rupture"],"picked":"Reaper","floor":10},{"not_picked":["Warcry","Iron Wave","Entrench"],"picked":"SKIP","floor":11}],"player_experience":185656,"relics_obtained":[{"floor":8,"key":"Ginger"},{"floor":9,"key":"The Courier"},{"floor":10,"key":"Pear"}],"event_choices":[{"damage_healed":0,"gold_gain":0,"player_choice":"1 cards matched","damage_taken":0,"max_hp_gain":0,"max_hp_loss":0,"event_name":"Match and Keep!","floor":2,"gold_loss":0,"cards_obtained":["Double Tap"]},{"damage_healed":0,"gold_gain":0,"player_choice":"Bought 0 Potions","damage_taken":0,"max_hp_gain":0,"max_hp_loss":0,"event_name":"The Woman in Blue","floor":4,"gold_loss":0}],"is_beta":false,"boss_relics":[],"items_purged_floors":[],"is_endless":false,"potions_floor_spawned":[5,8,11],"killed_by":"Gremlin Nob","ascension_level":14}}