{"host":"kybn6ox37urbij4t","time":1613478622,"event":{"mods":["Aspiration","BaseMod","Better Third Choice","Dota2Spire","Downfall","Minty Spire (QoL Compilation)","Reliquary","Replay The Spire","StSLib","The Blue Laboratory","TheWitcher"],"gold_per_floor":[99,116,128,147,147,177,177,209,228,228,128,128,139,70,85,185,185,185,185],"floor_reached":17,"language":"ENG","playtime":1673,"items_purged":[],"score":167,"play_id":"9b9047de-5d33-42c0-9d5c-99bef0cc8dfb","local_time":"20210216133022","is_ascension_mode":false,"campfire_choices":[{"data":"bronze:Goto","floor":1,"key":"SMITH"},{"data":"bronze:Replicate","floor":11,"key":"SMITH"}],"circlet_count":0,"master_deck":["bronze:Strike","bronze:Strike","bronze:Strike","bronze:Defend","bronze:Defend","bronze:Defend","bronze:Defend","bronze:Replicate+1","bronze:Goto+1","bronze:Iterate","bronze:DelayedSlice","bronze:ChildClass","bronze:OilSpill+1","bronze:Repulsor","bronze:BuggyMess","bronze:DelayedSlice+1","bronze:GetLatest","bronze:AlphaBuild+1"],"relics":["bronze:BronzeCore","Replay:Accelerometer","Singing Bowl","Molten Egg 2","downfall:HeartBlessingGreen","bronze:MakeshiftBattery"],"acts_visited":["Exordium","TheCity"],"potions_floor_usage":[8],"damage_taken":[{"damage":1,"enemies":"2 Louse","floor":2,"turns":3},{"damage":4,"enemies":"Cultist","floor":3,"turns":4},{"damage":5,"enemies":"Small Slimes","floor":4,"turns":3},{"damage":35,"enemies":"Lagavulin","floor":6,"turns":7},{"damage":11,"enemies":"Gremlin Nob","floor":8,"turns":3},{"damage":0,"enemies":"2 Fungi Beasts","floor":9,"turns":3},{"damage":0,"enemies":"Blue Slaver","floor":13,"turns":2},{"damage":0,"enemies":"downfall:FleeingMerchant","floor":14,"turns":4},{"damage":1,"enemies":"Red Slaver","floor":15,"turns":2},{"damage":28,"enemies":"WA_ARCHETYPE_RETAIN","floor":16,"turns":5}],"seed_played":"9220764457513722735","potions_obtained":[{"floor":4,"key":"Adrenaline Potion"},{"floor":6,"key":"blueLaboratory:BottleOfRum"},{"floor":9,"key":"blueLaboratory:ArtificerPotion"},{"floor":15,"key":"bronze:CleanCodePotion"}],"is_trial":false,"path_per_floor":["R","M","M","M","?","E","T","E","M","?","R","?","M","$","M","B",null],"character_chosen":"THE_AUTOMATON","items_purchased":["bronze:DelayedSlice+1"],"campfire_rested":0,"item_purchase_floors":[14],"current_hp_per_floor":[77,76,72,67,75,40,40,31,31,31,31,31,31,31,30,2,79,79,79],"gold":185,"neow_bonus":"TEN_PERCENT_HP_BONUS","is_daily":false,"chose_seed":false,"campfire_upgraded":2,"win_rate":0.0,"timestamp":1613478622,"path_taken":["R","M","M","M","?","E","T","E","?","?","R","?","M","$","M","BOSS"],"items_purchased_type":["Card"],"build_version":"2020-12-22","purchased_purges":0,"victory":false,"max_hp_per_floor":[77,77,77,77,77,77,77,79,79,79,79,79,79,79,79,79,79,79,79],"card_choices":[{"not_picked":["bronze:BitShift","bronze:Shield"],"picked":"bronze:Iterate","floor":2},{"not_picked":["bronze:CutThrough","bronze:BitShift"],"picked":"bronze:DelayedSlice","floor":3},{"not_picked":["bronze:CloningBeam","bronze:CleanCode","bronze:Frontload"],"picked":"SKIP","floor":4},{"not_picked":["bronze:BitShift","bronze:DelayedGuard"],"picked":"bronze:ChildClass","floor":6},{"not_picked":["bronze:SpaghettiCode","bronze:DelayedGuard","bronze:DigitalCarnage+1"],"picked":"Singing Bowl","floor":8},{"not_picked":["bronze:WildBeam+1","bronze:Deprecate"],"picked":"bronze:BuggyMess","floor":9},{"not_picked":["bronze:BitShift","bronze:ForLoop"],"picked":"bronze:Repulsor","floor":13},{"not_picked":["bronze:DelayedGuard","bronze:Frontload"],"picked":"bronze:BuggyMess","floor":14},{"not_picked":["bronze:BitShift","bronze:Boost"],"picked":"bronze:GetLatest","floor":15},{"not_picked":["bronze:CleanCode","bronze:FindAndReplace"],"picked":"bronze:AlphaBuild+1","floor":16}],"player_experience":407945,"relics_obtained":[{"floor":6,"key":"Replay:Accelerometer"},{"floor":7,"key":"Singing Bowl"},{"floor":8,"key":"Molten Egg 2"}],"event_choices":[],"is_beta":false,"boss_relics":[{"not_picked":["reliquary:ThirdArm","Runic Dome"],"picked":"bronze:MakeshiftBattery"}],"items_purged_floors":[],"is_endless":false,"potions_floor_spawned":[4,6,9,15,16],"ascension_level":0}}