{"host":"j4g6ia6asvpyu2b0","time":1613439066,"event":{"mods":["BaseMod","Colored Map","Infinite Spire","Minty Spire (QoL Compilation)","Permanent Neow","Quick Restart","Relic Stats","StSLib","Unceasing Turn Reminder"],"gold_per_floor":[110,125,141,160,175,205,205,237,286,306,339,359,370,387,387,486,486,500,500,513,532,532,532,557,570,570,602,613,316,327,358,358,461,461,478,494,494,494,494,528,545,556,556,556,590,211,246,264,264,268,268,268,48,86,94],"floor_reached":56,"language":"ENG","playtime":2600,"items_purged":["Strike_G+1"],"score":1615,"play_id":"d161e084-61eb-4c43-8c93-17dc620b3a09","local_time":"20210215183106","is_ascension_mode":true,"campfire_choices":[{"data":"Predator","floor":7,"key":"SMITH"},{"data":"Crippling Poison","floor":15,"key":"SMITH"},{"data":"Well Laid Plans","floor":23,"key":"SMITH"},{"data":"Footwork","floor":32,"key":"SMITH"},{"floor":49,"key":"RECALL"},{"data":"infinitespire:SevenWalls","floor":52,"key":"SMITH"}],"circlet_count":0,"master_deck":["Strike_G+1","Strike_G+1","Strike_G+1","Defend_G+1","Defend_G+1","Defend_G+1","Defend_G+1","Defend_G+1","Survivor","Neutralize","Sucker Punch","Dagger Spray","Predator+1","Blade Dance","Dagger Throw","Crippling Poison+1","Escape Plan","Backflip","Quick Slash","Blur","Blur","Tactician","Corpse Explosion","Well Laid Plans+1","Dash","Prepared","Flying Knee+1","Blade Dance+1","Predator","Blur","Dodge and Roll","Footwork+1","Backflip+1","Predator+1","A Thousand Cuts","Backflip","Tactician+1","infinitespire:FutureSight","infinitespire:Gouge","infinitespire:SevenWalls+1","Outmaneuver","Cloak And Dagger+1","infinitespire:NeuralNetwork","PiercingWail","Noxious Fumes","After Image","PiercingWail","Footwork","Tactician","Quick Slash","Outmaneuver","Deadly Poison"],"relics":["Ring of the Snake","CaptainsWheel","Bronze Scales","Tough Bandages","Potion Belt","Paper Crane","Coffee Dripper","Pen Nib","Mummified Hand","Bird Faced Urn","Omamori","Ancient Tea Set","Black Star","Art of War","Regal Pillow","infinitespire:Satchel","Toy Ornithopter","Torii","infinitespire:Midas Blood","Boot","infinitespire:Lucky Rock","Eternal Feather"],"acts_visited":["Exordium","TheCity","TheBeyond","TheEnding"],"potions_floor_usage":[5,6,21,24,35,40,54,55,55,55,55],"damage_taken":[{"damage":7,"enemies":"infinitespire:Voidling","floor":1,"turns":5},{"damage":0,"enemies":"Cultist","floor":2,"turns":4},{"damage":0,"enemies":"Small Slimes","floor":3,"turns":3},{"damage":3,"enemies":"3 Louse","floor":4,"turns":2},{"damage":0,"enemies":"Blue Slaver","floor":5,"turns":3},{"damage":11,"enemies":"Lagavulin","floor":6,"turns":6},{"damage":9,"enemies":"3 Sentries","floor":8,"turns":5},{"damage":0,"enemies":"2 Fungi Beasts","floor":10,"turns":3},{"damage":8,"enemies":"Lagavulin","floor":11,"turns":6},{"damage":0,"enemies":"Exordium Wildlife","floor":12,"turns":4},{"damage":6,"enemies":"Lots of Slimes","floor":13,"turns":2},{"damage":0,"enemies":"2 Fungi Beasts","floor":14,"turns":3},{"damage":4,"enemies":"Hexaghost","floor":16,"turns":11},{"damage":1,"enemies":"Spheric Guardian","floor":18,"turns":4},{"damage":0,"enemies":"3 Byrds","floor":20,"turns":2},{"damage":2,"enemies":"Snake Plant","floor":21,"turns":5},{"damage":0,"enemies":"Slavers","floor":24,"turns":5},{"damage":0,"enemies":"Centurion and Healer","floor":25,"turns":4},{"damage":0,"enemies":"Book of Stabbing","floor":27,"turns":5},{"damage":1,"enemies":"Chosen and Byrds","floor":28,"turns":5},{"damage":0,"enemies":"Shelled Parasite and Fungi","floor":30,"turns":4},{"damage":24,"enemies":"Slavers","floor":31,"turns":4},{"damage":1,"enemies":"Automaton","floor":33,"turns":14},{"damage":0,"enemies":"3 Shapes","floor":35,"turns":3},{"damage":0,"enemies":"Orb Walker","floor":36,"turns":3},{"damage":0,"enemies":"Reptomancer","floor":40,"turns":5},{"damage":0,"enemies":"3 Darklings","floor":41,"turns":5},{"damage":5,"enemies":"Jaw Worm Horde","floor":42,"turns":4},{"damage":0,"enemies":"Nightmare","floor":45,"turns":11},{"damage":0,"enemies":"Nemesis","floor":47,"turns":7},{"damage":0,"enemies":"Spire Growth","floor":48,"turns":5},{"damage":13,"enemies":"Donu and Deca","floor":50,"turns":6},{"damage":9,"enemies":"Shield and Spear","floor":54,"turns":11},{"damage":55,"enemies":"The Heart","floor":55,"turns":11}],"seed_played":"5516676829936906065","potions_obtained":[{"floor":1,"key":"Block Potion"},{"floor":2,"key":"DuplicationPotion"},{"floor":5,"key":"Dexterity Potion"},{"floor":13,"key":"BlessingOfTheForge"},{"floor":14,"key":"Fire Potion"},{"floor":18,"key":"SkillPotion"},{"floor":20,"key":"LiquidBronze"},{"floor":31,"key":"FearPotion"},{"floor":33,"key":"Fire Potion"},{"floor":42,"key":"Poison Potion"},{"floor":45,"key":"FearPotion"},{"floor":47,"key":"Fire Potion"},{"floor":48,"key":"SkillPotion"}],"is_trial":false,"path_per_floor":["M","M","M","M","M","E","R","E","T","M","E","M","M","M","R","B",null,"M","?","M","M","?","R","E","M","T","E","M","$","M","E","R","B",null,"M","M","AVR","?","?","E","M","M","T","?","NM","$","E","M","R","B",null,"R","$","E","B",null],"character_chosen":"THE_SILENT","items_purchased":["Omamori","Footwork","Noxious Fumes","Torii","Footwork","Tactician","Quick Slash","Outmaneuver"],"campfire_rested":0,"item_purchase_floors":[29,29,46,46,53,53,53,53],"current_hp_per_floor":[49,49,49,46,46,35,35,26,26,26,18,18,12,12,12,8,70,69,69,69,67,67,67,67,67,67,67,68,68,70,48,48,51,70,70,70,70,70,52,56,62,61,61,61,67,67,70,70,70,67,70,70,70,70,25],"gold":94,"neow_bonus":"ONE_RARE_RELIC","is_daily":false,"chose_seed":false,"campfire_upgraded":5,"win_rate":0.0,"timestamp":1613439066,"path_taken":["M","?","M","M","M","E","R","E","T","M","E","M","?","M","R","BOSS","M","?","M","?","?","R","E","M","T","E","M","$","M","E","R","BOSS","M","M","AVR","?","?","E","M","M","T","?","NM","?","E","?","R","BOSS","R","$","E","BOSS"],"items_purchased_type":["Relic","Card","Card","Relic","Card","Card","Card","Card"],"build_version":"2020-12-22","purchased_purges":1,"victory":true,"max_hp_per_floor":[70,70,70,70,70,70,70,70,70,70,70,70,70,70,70,70,70,70,70,70,70,70,70,70,70,70,70,70,70,70,70,70,70,70,70,70,70,70,70,70,70,70,70,70,70,70,70,70,70,70,70,70,70,70,70],"relic_stats":{"Regal Pillow":0,"Torii":2,"counters":[34,180],"Eternal Feather":0,"Pen Nib":[24],"Boot":[43],"Tough Bandages":[159],"Mummified Hand":[54],"Bronze Scales":[635],"Bird Faced Urn":[57],"Black Star":4,"Art of War":[5],"obtain_stats":[{"Potion Belt":9,"Regal Pillow":40,"Torii":46,"Eternal Feather":54,"Pen Nib":24,"Omamori":29,"infinitespire:Lucky Rock":54,"Paper Crane":11,"Ancient Tea Set":31,"Boot":47,"CaptainsWheel":0,"Tough Bandages":8,"Mummified Hand":26,"Bronze Scales":6,"Bird Faced Urn":27,"infinitespire:Satchel":45,"Coffee Dripper":17,"Black Star":34,"Art of War":40,"Toy Ornithopter":45,"Ring of the Snake":0,"infinitespire:Midas Blood":47},{"Potion Belt":7,"Regal Pillow":26,"Torii":29,"Eternal Feather":33,"Pen Nib":17,"Omamori":20,"infinitespire:Lucky Rock":33,"Paper Crane":9,"Ancient Tea Set":22,"Boot":30,"CaptainsWheel":0,"Tough Bandages":7,"Mummified Hand":18,"Bronze Scales":6,"Bird Faced Urn":19,"infinitespire:Satchel":29,"Coffee Dripper":13,"Black Star":23,"Art of War":26,"Toy Ornithopter":29,"Ring of the Snake":0,"infinitespire:Midas Blood":30},{"Potion Belt":28,"Regal Pillow":120,"Torii":140,"Eternal Feather":169,"Pen Nib":73,"Omamori":87,"infinitespire:Lucky Rock":169,"Paper Crane":37,"Ancient Tea Set":95,"Boot":147,"CaptainsWheel":0,"Tough Bandages":28,"Mummified Hand":77,"Bronze Scales":23,"Bird Faced Urn":82,"infinitespire:Satchel":140,"Coffee Dripper":57,"Black Star":109,"Art of War":120,"Toy Ornithopter":140,"Ring of the Snake":0,"infinitespire:Midas Blood":147}],"Toy Ornithopter":5,"Ring of the Snake":[68]},"card_choices":[{"not_picked":["Underhanded Strike","Slice"],"picked":"Sucker Punch","floor":1},{"not_picked":["Dagger Throw","Underhanded Strike"],"picked":"Dagger Spray","floor":2},{"not_picked":["Cloak And Dagger","Bouncing Flask"],"picked":"Predator","floor":3},{"not_picked":["Escape Plan","Grand Finale"],"picked":"Blade Dance","floor":4},{"not_picked":["Prepared","Outmaneuver"],"picked":"Dagger Throw","floor":5},{"not_picked":["Skewer","PiercingWail"],"picked":"Crippling Poison","floor":6},{"not_picked":["Prepared","Cloak And Dagger"],"picked":"Escape Plan","floor":8},{"not_picked":["Dodge and Roll","Underhanded Strike"],"picked":"Backflip","floor":10},{"not_picked":["Bane","Slice"],"picked":"Quick Slash","floor":11},{"not_picked":["Poisoned Stab","Dagger Spray"],"picked":"Blur","floor":12},{"not_picked":["Calculated Gamble","Poisoned Stab"],"picked":"Blur","floor":13},{"not_picked":["Sucker Punch","Terror"],"picked":"Tactician","floor":14},{"not_picked":["Glass Knife","Night Terror"],"picked":"Corpse Explosion","floor":16},{"not_picked":["Slice","Endless Agony"],"picked":"Well Laid Plans","floor":18},{"not_picked":["Endless Agony","Poisoned Stab"],"picked":"Prepared","floor":20},{"not_picked":["Bane+1","Dagger Spray"],"picked":"Flying Knee+1","floor":21},{"not_picked":["Deflect","Poisoned Stab"],"picked":"Blade Dance+1","floor":24},{"not_picked":["Deadly Poison","Sucker Punch"],"picked":"Predator","floor":25},{"not_picked":["Dagger Throw","Heel Hook+1"],"picked":"Blur","floor":27},{"not_picked":["Flying Knee","Backstab+1"],"picked":"Dodge and Roll","floor":28},{"not_picked":["Prepared+1","Slice+1"],"picked":"Backflip+1","floor":30},{"not_picked":["Deadly Poison+1","Grand Finale"],"picked":"Predator+1","floor":31},{"not_picked":["Adrenaline","Die Die Die"],"picked":"A Thousand Cuts","floor":33},{"not_picked":["Poisoned Stab","Endless Agony"],"picked":"Backflip","floor":35},{"not_picked":["Blade Dance+1","Setup+1"],"picked":"Tactician+1","floor":36},{"not_picked":["infinitespire:NeuralNetwork","infinitespire:Oblivion"],"picked":"infinitespire:SevenWalls","floor":39},{"not_picked":["Cloak And Dagger","Expertise+1"],"picked":"Outmaneuver","floor":40},{"not_picked":["Outmaneuver","Bane+1"],"picked":"Cloak And Dagger+1","floor":41},{"not_picked":["Deflect+1","Underhanded Strike+1"],"picked":"Crippling Poison","floor":42},{"not_picked":["infinitespire:Punishment","infinitespire:Execution"],"picked":"infinitespire:NeuralNetwork","floor":45},{"not_picked":["Underhanded Strike","Storm of Steel"],"picked":"PiercingWail","floor":45},{"not_picked":["Slice+1","Grand Finale"],"picked":"After Image","floor":47},{"not_picked":["Cloak And Dagger","Blade Dance+1"],"picked":"PiercingWail","floor":48},{"not_picked":["Setup","Deflect+1"],"picked":"Deadly Poison","floor":54}],"player_experience":1247739,"relics_obtained":[{"floor":6,"key":"Bronze Scales"},{"floor":8,"key":"Tough Bandages"},{"floor":9,"key":"Potion Belt"},{"floor":11,"key":"Paper Crane"},{"floor":24,"key":"Pen Nib"},{"floor":26,"key":"Mummified Hand"},{"floor":27,"key":"Bird Faced Urn"},{"floor":31,"key":"Ancient Tea Set"},{"floor":40,"key":"Art of War"},{"floor":40,"key":"Regal Pillow"},{"floor":45,"key":"infinitespire:Satchel"},{"floor":45,"key":"Toy Ornithopter"},{"floor":47,"key":"infinitespire:Midas Blood"},{"floor":47,"key":"Boot"},{"floor":54,"key":"infinitespire:Lucky Rock"},{"floor":54,"key":"Eternal Feather"}],"event_choices":[{"damage_healed":0,"gold_gain":0,"cards_transformed":["Strike_G"],"player_choice":"Transformed","damage_taken":0,"max_hp_gain":0,"max_hp_loss":0,"event_name":"Transmorgrifier","floor":19,"gold_loss":0,"cards_obtained":["Dash"]},{"damage_healed":0,"gold_gain":0,"player_choice":"Simplicity","damage_taken":0,"max_hp_gain":0,"max_hp_loss":0,"event_name":"Back to Basics","floor":22,"gold_loss":0,"cards_upgraded":["Strike_G","Strike_G","Strike_G","Strike_G","Defend_G","Defend_G","Defend_G","Defend_G","Defend_G"]},{"damage_healed":0,"gold_gain":0,"player_choice":"Ignored","damage_taken":0,"max_hp_gain":0,"max_hp_loss":0,"event_name":"Tomb of Lord Red Mask","floor":38,"gold_loss":0},{"cards_removed":["Crippling Poison"],"damage_healed":0,"gold_gain":0,"player_choice":"Removed Skill","damage_taken":0,"max_hp_gain":0,"max_hp_loss":0,"event_name":"Falling","floor":44,"gold_loss":0}],"is_beta":false,"boss_relics":[{"not_picked":["Busted Crown","Velvet Choker"],"picked":"Coffee Dripper"},{"not_picked":["WristBlade","SacredBark"],"picked":"Black Star"}],"items_purged_floors":[29],"is_endless":false,"potions_floor_spawned":[1,2,5,13,14,18,20,31,33,42,45,47,48],"ascension_level":2}}