{"host":"u7lm8z2rvb4dg2oo","time":1613453394,"event":{"mods":["AchievementEnabler","BaseMod","Bestiary","Block Reminder","Colored Map","Colored Powertips","Curses Come First","DeckTracker","Googly Eyes","Highlight Path","Minty Spire (QoL Compilation)","Quick Restart","StSLib"],"gold_per_floor":[113,113,128,144,154,154,186,206,229,242,242,242,242,222,222,296,296,316,327,327,57,71,97,117,135,159,159,159],"floor_reached":27,"language":"ENG","playtime":1599,"items_purged":[],"score":442,"play_id":"2dd873b6-96be-4625-8301-42389a10dcab","local_time":"20210216002954","is_ascension_mode":true,"campfire_choices":[{"data":"Backstab","floor":6.0,"key":"SMITH"},{"data":"Blade Dance","floor":11.0,"key":"SMITH"},{"floor":13.0,"key":"REST"},{"data":"Envenom","floor":15.0,"key":"SMITH"}],"circlet_count":0,"master_deck":["AscendersBane","Strike_G","Strike_G","Strike_G","Strike_G","Strike_G","Defend_G","Defend_G","Defend_G","Defend_G","Defend_G","Survivor","Neutralize","Terror+1","Leg Sweep","Backstab+1","Dagger Spray","Cloak And Dagger+1","Blade Dance+1","Backstab","Envenom+1","Phantasmal Killer","Accuracy","Caltrops","PiercingWail"],"relics":["Ring of the Snake","MealTicket","Dream Catcher","SacredBark","Bronze Scales","Art of War","Juzu Bracelet"],"acts_visited":["Exordium","TheCity"],"potions_floor_usage":[24,25,27],"damage_taken":[{"damage":5.0,"enemies":"Small Slimes","floor":1.0,"turns":6.0},{"damage":0.0,"enemies":"Cultist","floor":3.0,"turns":3.0},{"damage":0.0,"enemies":"Jaw Worm","floor":4.0,"turns":4.0},{"damage":0.0,"enemies":"2 Fungi Beasts","floor":5.0,"turns":4.0},{"damage":16.0,"enemies":"Gremlin Nob","floor":7.0,"turns":3.0},{"damage":0.0,"enemies":"Lots of Slimes","floor":8.0,"turns":3.0},{"damage":3.0,"enemies":"Exordium Wildlife","floor":10.0,"turns":3.0},{"damage":37.0,"enemies":"The Guardian","floor":16.0,"turns":11.0},{"damage":18.0,"enemies":"Chosen","floor":18.0,"turns":4.0},{"damage":12.0,"enemies":"3 Byrds","floor":19.0,"turns":5.0},{"damage":9.0,"enemies":"Cultist and Chosen","floor":20.0,"turns":5.0},{"damage":27.0,"enemies":"Shelled Parasite and Fungi","floor":22.0,"turns":5.0},{"damage":31,"enemies":"Gremlin Leader","floor":23,"turns":6},{"damage":13,"enemies":"Snake Plant","floor":24,"turns":3},{"damage":29,"enemies":"Centurion and Healer","floor":25,"turns":4},{"damage":11,"enemies":"Snecko","floor":27,"turns":4}],"seed_played":"3896133573503906593","potions_obtained":[{"floor":1.0,"key":"SmokeBomb"},{"floor":3.0,"key":"Poison Potion"},{"floor":14.0,"key":"SkillPotion"},{"floor":16.0,"key":"Ancient Potion"},{"floor":18.0,"key":"SkillPotion"},{"floor":23,"key":"DistilledChaos"},{"floor":24,"key":"Regen Potion"},{"floor":25,"key":"SkillPotion"}],"is_trial":false,"path_per_floor":["M","?","M","M","M","R","E","M","T","M","R","?","R","?","R","B",null,"M","M","M","$","M","E","M","M","T","M"],"character_chosen":"THE_SILENT","items_purchased":["FairyPotion","Bronze Scales"],"campfire_rested":1,"item_purchase_floors":[21,21],"current_hp_per_floor":[60,60,60,60,60,60,44,44,44,41,41,41,62,62,62,25,60,42,30,21,36,9,22,9,7,7,0,0],"gold":159,"neow_bonus":"TEN_PERCENT_HP_BONUS","is_daily":false,"chose_seed":false,"campfire_upgraded":3,"win_rate":0.0,"timestamp":1613453394,"path_taken":["M","?","M","?","M","R","E","M","T","M","R","?","R","?","R","BOSS","M","M","M","$","M","E","M","?","T","M"],"items_purchased_type":["Potion","Relic"],"build_version":"2020-12-22","purchased_purges":0,"victory":false,"max_hp_per_floor":[72,72,72,72,72,72,72,72,72,72,72,72,72,72,72,72,72,72,72,72,72,72,72,72,72,72,72,72],"card_choices":[{"not_picked":["Skewer","Underhanded Strike"],"picked":"Terror","floor":1.0},{"not_picked":["Eviscerate","Quick Slash"],"picked":"Leg Sweep","floor":3.0},{"not_picked":["Deflect","Doppelganger"],"picked":"Backstab","floor":4.0},{"not_picked":["Prepared","Backflip"],"picked":"Dagger Spray","floor":5.0},{"not_picked":["Slice","Night Terror"],"picked":"Cloak And Dagger","floor":7.0},{"not_picked":["Acrobatics","Cloak And Dagger"],"picked":"Blade Dance","floor":8.0},{"not_picked":["Dagger Spray","Dodge and Roll"],"picked":"Backstab","floor":10.0},{"not_picked":["Distraction","PiercingWail"],"picked":"Envenom","floor":13.0},{"not_picked":["Corpse Explosion","Grand Finale"],"picked":"Phantasmal Killer","floor":16.0},{"not_picked":["Backflip","Dodge and Roll"],"picked":"Accuracy","floor":18.0},{"not_picked":["Eviscerate","Sucker Punch","Outmaneuver"],"picked":"SKIP","floor":19.0},{"not_picked":["Quick Slash","Slice","Flying Knee"],"picked":"SKIP","floor":22.0},{"not_picked":["Outmaneuver","Doppelganger"],"picked":"Caltrops","floor":23},{"not_picked":["Deadly Poison","Deflect","Prepared"],"picked":"SKIP","floor":24},{"not_picked":["Crippling Poison+1","Flechettes"],"picked":"PiercingWail","floor":25}],"player_experience":1101914,"relics_obtained":[{"floor":7.0,"key":"MealTicket"},{"floor":9.0,"key":"Dream Catcher"},{"floor":23,"key":"Art of War"},{"floor":26,"key":"Juzu Bracelet"}],"event_choices":[{"damage_healed":0.0,"max_hp_gain":0.0,"max_hp_loss":0.0,"gold_gain":0.0,"event_name":"Accursed Blacksmith","player_choice":"Forge","floor":2.0,"gold_loss":0.0,"damage_taken":0.0,"cards_upgraded":["Terror"]},{"damage_healed":0.0,"max_hp_gain":0.0,"max_hp_loss":0.0,"gold_gain":0.0,"event_name":"Living Wall","player_choice":"Grow","floor":12.0,"gold_loss":0.0,"damage_taken":0.0,"cards_upgraded":["Cloak And Dagger"]},{"damage_healed":0.0,"max_hp_gain":0.0,"max_hp_loss":0.0,"gold_gain":0.0,"event_name":"The Woman in Blue","player_choice":"Bought 1 Potion","floor":14.0,"gold_loss":0.0,"damage_taken":0.0}],"is_beta":false,"boss_relics":[{"not_picked":["HoveringKite","Empty Cage"],"picked":"SacredBark"}],"items_purged_floors":[],"is_endless":false,"potions_floor_spawned":[1,3,16,18,23,24,25],"killed_by":"Snecko","ascension_level":17}}