{"host":"u7lm8z2rvb4dg2oo","time":1613453729,"event":{"mods":["AchievementEnabler","BaseMod","Bestiary","Block Reminder","Colored Map","Colored Powertips","Curses Come First","DeckTracker","Googly Eyes","Highlight Path","Minty Spire (QoL Compilation)","Quick Restart","StSLib"],"gold_per_floor":[361,4,14,14,24,24,24,24],"floor_reached":7,"language":"ENG","playtime":316,"items_purged":[],"score":76,"play_id":"43095133-5dc0-4b2c-b5d8-4f8c33ec2774","local_time":"20210216003529","is_ascension_mode":true,"campfire_choices":[{"data":"Noxious Fumes","floor":6,"key":"SMITH"}],"circlet_count":0,"master_deck":["AscendersBane","Strike_G","Strike_G","Strike_G","Strike_G","Strike_G","Defend_G","Defend_G","Defend_G","Defend_G","Defend_G","Survivor","Neutralize","Clumsy","Noxious Fumes+1","Backstab","Well Laid Plans","Accuracy","Masterful Stab","Finisher"],"relics":["Ring of the Snake","Prayer Wheel"],"acts_visited":["Exordium"],"potions_floor_usage":[],"damage_taken":[{"damage":5.0,"enemies":"Cultist","floor":1.0,"turns":5.0},{"damage":1.0,"enemies":"Small Slimes","floor":3.0,"turns":3.0},{"damage":0.0,"enemies":"2 Louse","floor":5.0,"turns":1.0},{"damage":46,"enemies":"3 Sentries","floor":7,"turns":7}],"seed_played":"406257841690103536","potions_obtained":[{"floor":1.0,"key":"FearPotion"},{"floor":3.0,"key":"DuplicationPotion"}],"is_trial":false,"path_per_floor":["M","$","M","$","M","R","E"],"character_chosen":"THE_SILENT","items_purchased":["Prayer Wheel","Backstab"],"campfire_rested":0,"item_purchase_floors":[2,2],"current_hp_per_floor":[54,54,53,53,53,53,7,7],"gold":24,"neow_bonus":"TWO_FIFTY_GOLD","is_daily":false,"chose_seed":false,"campfire_upgraded":1,"win_rate":0.0,"timestamp":1613453729,"path_taken":["M","$","M","$","?","R","E"],"items_purchased_type":["Relic","Card"],"build_version":"2020-12-22","purchased_purges":0,"victory":false,"max_hp_per_floor":[66,66,66,66,66,66,66,66],"card_choices":[{"not_picked":["Flying Knee","Dodge and Roll"],"picked":"Noxious Fumes","floor":1.0},{"not_picked":["PiercingWail","Concentrate"],"picked":"Well Laid Plans","floor":3.0},{"not_picked":["Predator","Acrobatics"],"picked":"Accuracy","floor":3.0},{"not_picked":["Poisoned Stab","Bane"],"picked":"Masterful Stab","floor":5},{"not_picked":["Tactician","Deflect"],"picked":"Finisher","floor":5}],"player_experience":1103986,"relics_obtained":[],"event_choices":[],"is_beta":false,"boss_relics":[],"items_purged_floors":[],"is_endless":false,"potions_floor_spawned":[1,3],"killed_by":"3 Sentries","ascension_level":17}}