{"host":"d3b2x3wue20uj2ir","time":1613485903,"event":{"mods":["AchievementEnabler","BaseMod","Better Third Choice","BetterRewards","Exacting","FTL Soundtrack","Minty Spire (QoL Compilation)","Shop Mod","StSLib"],"gold_per_floor":[109,109,109,91,101,135,135,154,154,154,165,165,215,246,246,347,347,357,16,216,230,230,259,259,284,284,284,284,10,42,70,70,169,169,183,183,183,24,0,0,29,29,29,360,360,391,391,402,402,402,402,402,29,54,54],"floor_reached":56,"language":"ENG","playtime":2703,"items_purged":[],"score":1902,"play_id":"049653fb-d7a1-4efc-a466-26865c5ae442","local_time":"20210217003143","is_ascension_mode":true,"campfire_choices":[{"floor":7,"key":"REST"},{"floor":10,"key":"REST"},{"floor":12,"key":"RECALL"},{"floor":15,"key":"REST"},{"floor":24,"key":"REST"},{"floor":27,"key":"REST"},{"floor":32,"key":"REST"},{"data":"ConjureBlade","floor":40,"key":"SMITH"},{"floor":42,"key":"REST"},{"floor":45,"key":"REST"},{"floor":49,"key":"REST"},{"data":"Ragnarok","floor":52,"key":"SMITH"}],"circlet_count":0,"master_deck":["Strike_P","Strike_P","Strike_P","Strike_P","Defend_P+1","Defend_P","Defend_P","Eruption+1","Vigilance","LessonLearned","EmptyMind","Protect+1","Pray","Prostrate","Pray+1","Prostrate+1","Ragnarok+1","FlurryOfBlows","Prostrate","Consecrate","Prostrate+1","WreathOfFlame","FlurryOfBlows","DevaForm+1","FearNoEvil","LessonLearned+1","Consecrate","FollowUp+1","Protect+1","BattleHymn","EmptyBody+1","ConjureBlade+1","Trip","EmptyBody","EmptyBody","Wallop+1","Establishment","CurseOfTheBell","ReachHeaven+1","Bandage Up","Mind Blast","Dramatic Entrance","Consecrate+1","Consecrate+1","Consecrate","FlyingSleeves+1","JustLucky+1","Evaluate+1","Decay","Wallop+1","EmptyFist+1","Establishment","Halt","Crescendo+1"],"relics":["PureWater","Dead Branch","Toolbox","Vajra","Strawberry","Strange Spoon","FossilizedHelix","Dream Catcher","The Courier","Ornamental Fan","Potion Belt","StoneCalendar","Black Star","Akabeko","Art of War","Juzu Bracelet","TeardropLocket","White Beast Statue","PreservedInsect","Gremlin Horn","MutagenicStrength","Eternal Feather","War Paint","GoldenEye","Calling Bell","Anchor","Yang","Thread and Needle","Ice Cream","Whetstone","Red Mask","Boot","Regal Pillow","Darkstone Periapt","Old Coin","Molten Egg 2","Oddly Smooth Stone","Blood Vial","ClockworkSouvenir","Lantern","Orichalcum","Shuriken"],"acts_visited":["Exordium","TheCity","TheBeyond","TheEnding"],"potions_floor_usage":[6,16,16,23,30,33,44,50,50,50,50,55,55,55,55,55],"damage_taken":[{"damage":0,"enemies":"Small Slimes","floor":1,"turns":3},{"damage":0,"enemies":"Jaw Worm","floor":5,"turns":2},{"damage":0,"enemies":"Lagavulin","floor":6,"turns":6},{"damage":0,"enemies":"Cultist","floor":8,"turns":3},{"damage":0,"enemies":"Looter","floor":11,"turns":3},{"damage":12,"enemies":"Gremlin Gang","floor":13,"turns":4},{"damage":0,"enemies":"3 Sentries","floor":14,"turns":4},{"damage":10,"enemies":"The Guardian","floor":16,"turns":7},{"damage":35,"enemies":"3 Byrds","floor":18,"turns":4},{"damage":10,"enemies":"Spheric Guardian","floor":21,"turns":4},{"damage":7,"enemies":"Slavers","floor":23,"turns":4},{"damage":0,"enemies":"Book of Stabbing","floor":25,"turns":3},{"damage":9,"enemies":"Slavers","floor":30,"turns":3},{"damage":10,"enemies":"Centurion and Healer","floor":31,"turns":3},{"damage":38,"enemies":"Champ","floor":33,"turns":8},{"damage":0,"enemies":"3 Shapes","floor":35,"turns":4},{"damage":4,"enemies":"Giant Head","floor":41,"turns":7},{"damage":9,"enemies":"Reptomancer","floor":44,"turns":3},{"damage":16,"enemies":"Giant Head","floor":46,"turns":7},{"damage":0,"enemies":"3 Darklings","floor":48,"turns":4},{"damage":4,"enemies":"Awakened One","floor":50,"turns":8},{"damage":0,"enemies":"Shield and Spear","floor":54,"turns":3},{"damage":53,"enemies":"The Heart","floor":55,"turns":8}],"seed_played":"-112168922906058687","potions_obtained":[{"floor":1,"key":"SpeedPotion"},{"floor":1,"key":"BottledMiracle"},{"floor":6,"key":"LiquidBronze"},{"floor":11,"key":"StancePotion"},{"floor":18,"key":"EssenceOfSteel"},{"floor":25,"key":"Swift Potion"},{"floor":30,"key":"Swift Potion"},{"floor":31,"key":"AttackPotion"},{"floor":33,"key":"Swift Potion"},{"floor":35,"key":"EntropicBrew"},{"floor":41,"key":"PowerPotion"},{"floor":44,"key":"SmokeBomb"},{"floor":46,"key":"AttackPotion"},{"floor":54,"key":"AttackPotion"}],"is_trial":false,"path_per_floor":["M","?","?","$","M","E","R","M","T","R","M","R","M","E","R","B",null,"M","$","?","M","?","E","R","E","T","R","?","$","E","M","R","B",null,"M","?","?","$","?","R","E","R","T","E","R","E","?","M","R","B",null,"R","$","E","B",null],"character_chosen":"WATCHER","items_purchased":["Dead Branch","Toolbox","Vajra","Strawberry","Strange Spoon","LessonLearned","FossilizedHelix","Dream Catcher","EmptyMind","Prostrate","LessonLearned","Akabeko","Consecrate","Art of War","Eternal Feather","Trip","Whetstone","Consecrate","ClockworkSouvenir","Lantern","Establishment","Halt"],"campfire_rested":9,"item_purchase_floors":[0,0,0,0,0,0,0,0,0,4,19,19,19,19,29,29,38,38,53,53,53,53],"current_hp_per_floor":[37,9,9,9,9,9,32,32,32,55,55,55,43,43,66,56,79,44,44,44,34,34,27,50,50,50,73,73,73,64,54,79,41,79,79,79,69,69,69,79,75,79,79,70,79,63,69,71,85,81,85,85,85,85,32],"gold":54,"neow_bonus":"","is_daily":false,"chose_seed":false,"campfire_upgraded":2,"win_rate":0.0,"timestamp":1613485903,"path_taken":["M","?","?","$","?","E","R","M","T","R","M","R","M","E","R","BOSS","M","$","?","?","?","E","R","E","T","R","?","$","E","M","R","BOSS","M","?","?","$","?","R","E","R","T","E","R","E","?","M","R","BOSS","R","$","E","BOSS"],"items_purchased_type":["Relic","Relic","Relic","Relic","Relic","Card","Relic","Relic","Card","Card","Card","Relic","Card","Relic","Relic","Card","Relic","Card","Relic","Relic","Card","Card"],"build_version":"2020-12-22","purchased_purges":0,"victory":true,"max_hp_per_floor":[79,79,79,79,79,79,79,79,79,79,79,79,79,79,79,79,79,79,79,79,79,79,79,79,79,79,79,79,79,79,79,79,79,79,79,79,79,79,79,79,79,79,79,79,79,79,85,85,85,85,85,85,85,85,85],"card_choices":[{"not_picked":["SashWhip","JustLucky"],"picked":"Protect","floor":1},{"not_picked":["Tantrum","EmptyFist"],"picked":"Pray","floor":5},{"not_picked":["Tantrum","Wireheading"],"picked":"Prostrate","floor":6},{"not_picked":["EmptyMind","EmptyFist"],"picked":"Ragnarok","floor":7},{"not_picked":["FlyingSleeves","Nirvana"],"picked":"FlurryOfBlows","floor":8},{"not_picked":["EmptyFist","FearNoEvil"],"picked":"Prostrate","floor":10},{"not_picked":["Halt","JustLucky"],"picked":"Consecrate","floor":11},{"not_picked":["Judgement","Perseverance"],"picked":"Prostrate","floor":13},{"not_picked":["Indignation","Halt"],"picked":"WreathOfFlame","floor":14},{"not_picked":["BowlingBash","FlyingSleeves"],"picked":"FlurryOfBlows","floor":15},{"not_picked":["Devotion","ConjureBlade"],"picked":"DevaForm","floor":16},{"not_picked":["Halt","ThirdEye"],"picked":"FearNoEvil","floor":18},{"not_picked":["FlyingSleeves","CutThroughFate"],"picked":"FollowUp+1","floor":21},{"not_picked":["CarveReality+1","SashWhip"],"picked":"Protect+1","floor":23},{"not_picked":["FlurryOfBlows+1","FlyingSleeves"],"picked":"BattleHymn","floor":24},{"not_picked":["Wireheading","ForeignInfluence"],"picked":"EmptyBody+1","floor":25},{"not_picked":["FollowUp+1","Prostrate"],"picked":"ConjureBlade","floor":27},{"not_picked":["ThirdEye","EmptyFist"],"picked":"EmptyBody","floor":30},{"not_picked":["WaveOfTheHand","SashWhip"],"picked":"EmptyBody","floor":31},{"not_picked":["Tantrum","ThirdEye"],"picked":"Wallop","floor":32},{"not_picked":["Omniscience","LessonLearned"],"picked":"Establishment","floor":33},{"not_picked":["FollowUp","Wireheading"],"picked":"ReachHeaven+1","floor":35},{"not_picked":["Magnetism","Deep Breath"],"picked":"Bandage Up","floor":37},{"not_picked":["Secret Technique","Dramatic Entrance"],"picked":"Mind Blast","floor":37},{"not_picked":["Forethought","Transmutation"],"picked":"Dramatic Entrance","floor":37},{"not_picked":["Nirvana+1","Indignation"],"picked":"Consecrate+1","floor":41},{"not_picked":["LikeWater+1","SashWhip"],"picked":"Consecrate","floor":42},{"not_picked":["FollowUp+1","Study+1"],"picked":"FlyingSleeves+1","floor":44},{"not_picked":["TalkToTheHand+1","CutThroughFate+1"],"picked":"JustLucky+1","floor":45},{"not_picked":["BowlingBash+1","ThirdEye"],"picked":"Evaluate+1","floor":46},{"not_picked":["MentalFortress","LikeWater+1"],"picked":"Wallop+1","floor":48},{"not_picked":["Wallop+1","LikeWater+1"],"picked":"EmptyFist+1","floor":49},{"not_picked":["Scrawl","JustLucky+1"],"picked":"Crescendo+1","floor":54}],"player_experience":713471,"relics_obtained":[{"floor":6,"key":"Potion Belt"},{"floor":14,"key":"StoneCalendar"},{"floor":23,"key":"Juzu Bracelet"},{"floor":23,"key":"TeardropLocket"},{"floor":25,"key":"White Beast Statue"},{"floor":25,"key":"PreservedInsect"},{"floor":26,"key":"Gremlin Horn"},{"floor":30,"key":"War Paint"},{"floor":30,"key":"GoldenEye"},{"floor":34,"key":"Anchor"},{"floor":34,"key":"Yang"},{"floor":34,"key":"Thread and Needle"},{"floor":41,"key":"Boot"},{"floor":41,"key":"Regal Pillow"},{"floor":43,"key":"Darkstone Periapt"},{"floor":44,"key":"Old Coin"},{"floor":44,"key":"Molten Egg 2"},{"floor":46,"key":"Oddly Smooth Stone"},{"floor":46,"key":"Blood Vial"},{"floor":54,"key":"Orichalcum"},{"floor":54,"key":"Shuriken"}],"event_choices":[{"damage_healed":0,"gold_gain":1,"player_choice":"Relic Relic ","damage_taken":28,"max_hp_gain":0,"max_hp_loss":0,"event_name":"betterThird:BetterScrap","floor":2,"gold_loss":0,"cards_obtained":["Uppercut"]},{"damage_healed":0,"gold_gain":0,"cards_transformed":["Defend_P"],"player_choice":"Transformed","damage_taken":0,"max_hp_gain":0,"max_hp_loss":0,"event_name":"Transmorgrifier","floor":3,"gold_loss":0,"cards_obtained":["Pray"]},{"damage_healed":0,"gold_gain":200,"player_choice":"Gold","damage_taken":0,"max_hp_gain":0,"max_hp_loss":0,"event_name":"Wheel of Change","floor":20,"gold_loss":0},{"damage_healed":0,"gold_gain":0,"player_choice":"Ignored","damage_taken":0,"max_hp_gain":0,"max_hp_loss":0,"event_name":"Ghosts","floor":22,"gold_loss":0},{"damage_healed":0,"gold_gain":0,"player_choice":"Inject Mutagens","damage_taken":0,"relics_obtained":["MutagenicStrength"],"max_hp_gain":0,"max_hp_loss":0,"event_name":"Drug Dealer","floor":28,"gold_loss":0},{"damage_healed":0,"gold_gain":0,"player_choice":"Gave Potion","damage_taken":0,"relics_obtained":["Ice Cream"],"max_hp_gain":0,"max_hp_loss":0,"event_name":"WeMeetAgain","floor":36,"gold_loss":0},{"damage_healed":0,"gold_gain":0,"player_choice":"Memory 3","damage_taken":10,"max_hp_gain":0,"max_hp_loss":0,"event_name":"SensoryStone","floor":37,"gold_loss":0},{"damage_healed":0,"gold_gain":0,"player_choice":"Paid","damage_taken":0,"relics_obtained":["Red Mask"],"max_hp_gain":0,"max_hp_loss":0,"event_name":"Tomb of Lord Red Mask","floor":39,"gold_loss":24},{"damage_healed":0,"gold_gain":0,"player_choice":"Cursed","damage_taken":0,"max_hp_gain":0,"max_hp_loss":0,"event_name":"Wheel of Change","floor":47,"gold_loss":0,"cards_obtained":["Decay"]}],"is_beta":false,"boss_relics":[{"not_picked":["Cursed Key","Runic Pyramid"],"picked":"Black Star"},{"not_picked":["Runic Dome","Velvet Choker"],"picked":"Calling Bell"}],"items_purged_floors":[],"is_endless":false,"potions_floor_spawned":[1,6,11,18,25,30,31,33,35,41,44,46,48,54],"ascension_level":2}}