{"host":"baujym3o9opv3mbj","time":1613480274,"event":{"mods":["AchievementEnabler","BaseMod","Colored Map","Minty Spire (QoL Compilation)","Rare Cards Sparkle","StSLib","SuperFastMode"],"gold_per_floor":[111,111,122,132,132,157,170,170,197,197,214,230,230,405,405,405,405],"floor_reached":16,"language":"KOR","playtime":1100,"items_purged":[],"score":102,"play_id":"347b6ca4-edaf-41ef-a43f-022bcceee650","local_time":"20210216215754","is_ascension_mode":false,"campfire_choices":[{"floor":8,"key":"REST"},{"data":"Defend_R","floor":10,"key":"SMITH"},{"floor":15,"key":"REST"}],"circlet_count":0,"master_deck":["Strike_R","Strike_R","Strike_R","Strike_R","Strike_R","Defend_R+1","Defend_R+1","Defend_R+1","Defend_R+1","Bash","Rage+1","Iron Wave","Armaments","Uppercut","Headbutt","Shrug It Off","Anger","Doubt"],"relics":["Burning Blood","War Paint","Bag of Marbles"],"acts_visited":["Exordium"],"potions_floor_usage":[7,16],"damage_taken":[{"damage":8,"enemies":"Small Slimes","floor":1,"turns":3},{"damage":1,"enemies":"Cultist","floor":3,"turns":4},{"damage":3,"enemies":"Jaw Worm","floor":4,"turns":3},{"damage":52,"enemies":"Gremlin Nob","floor":6,"turns":7},{"damage":8,"enemies":"Large Slime","floor":7,"turns":7},{"damage":7,"enemies":"Exordium Wildlife","floor":11,"turns":4},{"damage":5,"enemies":"2 Fungi Beasts","floor":12,"turns":5},{"damage":86,"enemies":"Slime Boss","floor":16,"turns":14}],"seed_played":"-7734433331952677170","potions_obtained":[{"floor":1,"key":"GamblersBrew"},{"floor":4,"key":"FearPotion"}],"is_trial":false,"path_per_floor":["M","?","M","M","?","E","M","R","T","R","M","M","?","?","R","B"],"character_chosen":"IRONCLAD","items_purchased":[],"campfire_rested":2,"item_purchase_floors":[],"current_hp_per_floor":[78,80,80,80,80,34,32,56,56,56,55,56,56,56,80,0,0],"gold":405,"neow_bonus":"UPGRADE_CARD","is_daily":false,"chose_seed":false,"campfire_upgraded":1,"win_rate":0.0,"timestamp":1613480274,"path_taken":["M","?","M","?","?","E","M","R","T","R","M","M","?","?","R","BOSS"],"items_purchased_type":[],"build_version":"2020-12-22","purchased_purges":0,"victory":false,"max_hp_per_floor":[80,80,80,80,80,80,80,80,80,80,80,80,80,80,80,80,80],"card_choices":[{"not_picked":["Battle Trance","Inflame"],"picked":"Rage","floor":1},{"not_picked":["Dropkick","Battle Trance"],"picked":"Iron Wave","floor":3},{"not_picked":["Headbutt","Second Wind"],"picked":"Armaments","floor":4},{"not_picked":["Clothesline","Bloodletting"],"picked":"Uppercut","floor":6},{"not_picked":["Warcry","Feel No Pain"],"picked":"Headbutt","floor":7},{"not_picked":["Metallicize","Cleave"],"picked":"Shrug It Off","floor":11},{"not_picked":["Headbutt","Clash"],"picked":"Anger","floor":12}],"player_experience":2645,"relics_obtained":[{"floor":6,"key":"War Paint"},{"floor":9,"key":"Bag of Marbles"}],"event_choices":[{"damage_healed":2,"gold_gain":0,"player_choice":"Full Heal","damage_taken":0,"max_hp_gain":0,"max_hp_loss":0,"event_name":"Wheel of Change","floor":2,"gold_loss":0},{"damage_healed":0,"gold_gain":0,"player_choice":"Leave","damage_taken":0,"max_hp_gain":0,"max_hp_loss":0,"event_name":"The Cleric","floor":5,"gold_loss":0},{"damage_healed":0,"gold_gain":0,"player_choice":"Grow","damage_taken":0,"max_hp_gain":0,"max_hp_loss":0,"event_name":"Living Wall","floor":13,"gold_loss":0,"cards_upgraded":["Defend_R"]},{"damage_healed":0,"gold_gain":175,"player_choice":"AGREE","damage_taken":0,"max_hp_gain":0,"max_hp_loss":0,"event_name":"Liars Game","floor":14,"gold_loss":0,"cards_obtained":["Doubt"]}],"is_beta":false,"boss_relics":[],"items_purged_floors":[],"is_endless":false,"potions_floor_spawned":[1,4],"killed_by":"Slime Boss","ascension_level":0}}