{"host":"5hsgormuu0lj4iiq","time":1613436122,"event":{"mods":["AchievementEnabler","BaseMod","Colored Map","Colored Powertips","Minty Spire (QoL Compilation)","Quick Restart","Relic Stats","SuperFastMode","everything is the same but u backflip on backflip","slay the spire mod where everything is the same but ironclad has a cowboy hat"],"gold_per_floor":[116,116,116,40,58,91,91,91,144,188,31,54,127,167,167,288,288,313,118,136,136,152,186,210,61,87,87,105,105,117,156,168,276,288,315,29,29,49,49,49,59,75,75,75,109,109,109,177,177,177],"floor_reached":51,"language":"ENG","playtime":1010,"items_purged":["Strike_B"],"score":1144,"play_id":"f8d1fece-9efe-4495-b59f-6e055d0612e0","local_time":"20210215194202","is_ascension_mode":true,"campfire_choices":[{"data":"Static Discharge","floor":7,"key":"SMITH"},{"data":"Zap","floor":15,"key":"SMITH"},{"floor":27,"key":"REST"},{"data":"Core Surge","floor":32,"key":"SMITH"},{"floor":40,"key":"REST"},{"floor":44,"key":"REST"},{"floor":46,"key":"REST"},{"floor":49,"key":"RECALL"}],"circlet_count":0,"master_deck":["AscendersBane","Strike_B","Strike_B","Strike_B","Defend_B","Defend_B","Defend_B","Defend_B","Zap+1","Dualcast","Cold Snap+1","Static Discharge+1","Static Discharge+1","Core Surge+1","Static Discharge","Coolheaded","Coolheaded","Cold Snap","Biased Cognition","Genetic Algorithm","Echo Form","Storm","Self Repair+1","Conserve Battery"],"relics":["Cracked Core","NeowsBlessing","Pen Nib","Mummified Hand","Bloody Idol","Art of War","Gremlin Horn","DollysMirror","Meat on the Bone","Lizard Tail","Runic Pyramid","Tiny Chest","DataDisk","Orichalcum","MawBank","Boot","Fusion Hammer","Oddly Smooth Stone","Bird Faced Urn","Nunchaku","Eternal Feather","Kunai"],"acts_visited":["Exordium","TheCity","TheBeyond"],"potions_floor_usage":[22,22,33,33],"damage_taken":[{"damage":0,"enemies":"Small Slimes","floor":1,"turns":1},{"damage":0,"enemies":"Jaw Worm","floor":5,"turns":1},{"damage":0,"enemies":"Gremlin Nob","floor":6,"turns":1},{"damage":21,"enemies":"Lagavulin","floor":10,"turns":7},{"damage":0,"enemies":"2 Louse","floor":12,"turns":2},{"damage":15,"enemies":"Gremlin Nob","floor":14,"turns":3},{"damage":17,"enemies":"Hexaghost","floor":16,"turns":4},{"damage":10,"enemies":"Chosen","floor":18,"turns":5},{"damage":7,"enemies":"Spheric Guardian","floor":20,"turns":4},{"damage":34,"enemies":"Snake Plant","floor":22,"turns":3},{"damage":30,"enemies":"Book of Stabbing","floor":23,"turns":4},{"damage":12,"enemies":"3 Cultists","floor":24,"turns":4},{"damage":11,"enemies":"Snecko","floor":28,"turns":4},{"damage":99,"enemies":"Champ","floor":33,"turns":10},{"damage":11,"enemies":"3 Shapes","floor":35,"turns":4},{"damage":28,"enemies":"3 Darklings","floor":38,"turns":3},{"damage":19,"enemies":"Maw","floor":41,"turns":5},{"damage":24,"enemies":"Sphere and 2 Shapes","floor":42,"turns":3},{"damage":28,"enemies":"Nemesis","floor":45,"turns":10},{"damage":61,"enemies":"Donu and Deca","floor":50,"turns":10}],"seed_played":"-7322120032992649436","potions_obtained":[{"floor":6,"key":"DuplicationPotion"},{"floor":10,"key":"Dexterity Potion"},{"floor":12,"key":"FairyPotion"},{"floor":22,"key":"Fruit Juice"},{"floor":23,"key":"SteroidPotion"},{"floor":28,"key":"FocusPotion"},{"floor":35,"key":"SpeedPotion"}],"is_trial":false,"path_per_floor":["M","?","?","$","M","E","R","?","T","E","$","M","T","E","R","B",null,"M","$","M","?","M","E","M","$","T","R","M","?","?","T","R","B",null,"M","$","?","M","$","R","M","M","T","R","E","R","?","T","R","B",null],"character_chosen":"DEFECT","items_purchased":["Static Discharge","DollysMirror","Static Discharge","Coolheaded","DataDisk","Oddly Smooth Stone","Echo Form"],"campfire_rested":4,"item_purchase_floors":[4,11,19,19,25,36,36],"current_hp_per_floor":[68,68,65,65,65,65,65,65,65,44,44,44,44,41,41,36,61,51,51,44,44,27,34,34,34,34,56,45,45,45,55,60,35,66,65,70,70,59,59,74,68,61,61,74,67,74,70,70,70,45],"gold":177,"neow_bonus":"THREE_ENEMY_KILL","is_daily":false,"chose_seed":false,"campfire_upgraded":3,"win_rate":0.0,"timestamp":1613436122,"path_taken":["M","?","?","?","M","E","R","?","T","E","$","M","?","E","R","BOSS","M","$","M","?","M","E","M","?","T","R","M","?","?","?","R","BOSS","M","$","?","M","?","R","M","M","T","R","E","R","?","?","R","BOSS"],"items_purchased_type":["Card","Relic","Card","Card","Relic","Relic","Card"],"build_version":"2020-12-22","purchased_purges":1,"victory":true,"max_hp_per_floor":[75,75,75,75,75,75,75,69,69,69,69,69,69,69,69,69,69,69,69,69,69,74,74,74,74,74,74,74,74,74,74,74,74,74,74,74,74,74,74,74,74,74,74,74,74,74,70,70,70,70],"relic_stats":{"Gremlin Horn":[10,10],"counters":[20,88],"Eternal Feather":7,"Pen Nib":[11],"Orichalcum":[36],"MawBank":84,"Boot":[47],"Lizard Tail":37,"Nunchaku":[3],"Mummified Hand":[65],"Bloody Idol":65,"Bird Faced Urn":[52],"Tiny Chest":2,"Art of War":[13],"Kunai":[4],"obtain_stats":[{"NeowsBlessing":0,"Gremlin Horn":10,"Golden Idol":8,"Oddly Smooth Stone":36,"Eternal Feather":45,"Pen Nib":3,"Orichalcum":26,"MawBank":29,"Boot":31,"Lizard Tail":14,"DataDisk":25,"Nunchaku":43,"Mummified Hand":6,"DollysMirror":11,"Bloody Idol":30,"Bird Faced Urn":37,"Tiny Chest":23,"Fusion Hammer":34,"Art of War":9,"Kunai":48,"Cracked Core":0,"Meat on the Bone":13,"Runic Pyramid":17},{"NeowsBlessing":0,"Gremlin Horn":4,"Golden Idol":3,"Oddly Smooth Stone":15,"Eternal Feather":19,"Pen Nib":1,"Orichalcum":12,"MawBank":13,"Boot":13,"Lizard Tail":6,"DataDisk":12,"Nunchaku":18,"Mummified Hand":3,"DollysMirror":4,"Bloody Idol":13,"Bird Faced Urn":15,"Tiny Chest":11,"Fusion Hammer":14,"Art of War":3,"Kunai":19,"Cracked Core":0,"Meat on the Bone":5,"Runic Pyramid":7},{"NeowsBlessing":0,"Gremlin Horn":10,"Golden Idol":3,"Oddly Smooth Stone":57,"Eternal Feather":78,"Pen Nib":1,"Orichalcum":39,"MawBank":43,"Boot":43,"Lizard Tail":15,"DataDisk":39,"Nunchaku":68,"Mummified Hand":3,"DollysMirror":10,"Bloody Idol":43,"Bird Faced Urn":57,"Tiny Chest":35,"Fusion Hammer":53,"Art of War":3,"Kunai":78,"Cracked Core":0,"Meat on the Bone":12,"Runic Pyramid":19}],"Meat on the Bone":84},"card_choices":[{"not_picked":["Beam Cell","Hello World"],"picked":"Cold Snap","floor":1},{"not_picked":["Capacitor","Steam","Consume"],"picked":"SKIP","floor":5},{"not_picked":["Reinforced Body","Chaos","Redo"],"picked":"SKIP","floor":6},{"not_picked":["Reinforced Body","Sunder","Redo"],"picked":"SKIP","floor":10},{"not_picked":["Gash","Rebound","FTL"],"picked":"SKIP","floor":12},{"not_picked":["FTL","Machine Learning","Barrage"],"picked":"SKIP","floor":14},{"not_picked":["Buffer","Echo Form"],"picked":"Core Surge","floor":16},{"not_picked":["Barrage","Turbo","Steam"],"picked":"SKIP","floor":18},{"not_picked":["Steam Power","Redo","Turbo"],"picked":"SKIP","floor":20},{"not_picked":["Streamline","Rebound"],"picked":"Coolheaded","floor":22},{"not_picked":["Sunder","Hologram","Compile Driver"],"picked":"SKIP","floor":23},{"not_picked":["Redo","Rebound"],"picked":"Cold Snap","floor":24},{"not_picked":["Turbo","Barrage","Recycle"],"picked":"SKIP","floor":28},{"not_picked":["Fission","Seek"],"picked":"Biased Cognition","floor":33},{"not_picked":["Beam Cell+1","Reprogram"],"picked":"Genetic Algorithm","floor":35},{"not_picked":["BootSequence","Ball Lightning"],"picked":"Storm","floor":38},{"not_picked":["Gash","Compile Driver","Leap"],"picked":"SKIP","floor":41},{"not_picked":["Compile Driver","Turbo"],"picked":"Self Repair+1","floor":42},{"not_picked":["Rebound","Steam"],"picked":"Conserve Battery","floor":45}],"player_experience":735812,"relics_obtained":[{"floor":6,"key":"Mummified Hand"},{"floor":9,"key":"Art of War"},{"floor":10,"key":"Gremlin Horn"},{"floor":13,"key":"Meat on the Bone"},{"floor":14,"key":"Lizard Tail"},{"floor":23,"key":"Tiny Chest"},{"floor":26,"key":"Orichalcum"},{"floor":31,"key":"Boot"},{"floor":43,"key":"Nunchaku"},{"floor":45,"key":"Eternal Feather"},{"floor":48,"key":"Kunai"}],"event_choices":[{"damage_healed":0,"gold_gain":0,"player_choice":"Grow","damage_taken":0,"max_hp_gain":0,"max_hp_loss":0,"event_name":"Living Wall","floor":2,"gold_loss":0,"cards_upgraded":["Cold Snap"]},{"damage_healed":0,"gold_gain":0,"player_choice":"Success","damage_taken":3,"relics_obtained":["Pen Nib"],"max_hp_gain":0,"max_hp_loss":0,"event_name":"Scrap Ooze","floor":3,"gold_loss":0},{"damage_healed":0,"gold_gain":0,"player_choice":"Lose Max HP","damage_taken":0,"relics_obtained":["Golden Idol"],"max_hp_gain":0,"max_hp_loss":6,"event_name":"Golden Idol","floor":8,"gold_loss":0},{"damage_healed":0,"gold_gain":0,"player_choice":"Ignored","damage_taken":0,"max_hp_gain":0,"max_hp_loss":0,"event_name":"Ghosts","floor":21,"gold_loss":0},{"damage_healed":0,"gold_gain":0,"player_choice":"Opened","damage_taken":0,"relics_obtained":["MawBank"],"max_hp_gain":0,"max_hp_loss":0,"event_name":"The Mausoleum","floor":29,"gold_loss":0},{"damage_healed":0,"gold_gain":0,"player_choice":"Gave Idol","damage_taken":0,"relics_obtained":["Bloody Idol"],"max_hp_gain":0,"max_hp_loss":0,"event_name":"Forgotten Altar","floor":30,"relics_lost":["Golden Idol"],"gold_loss":0},{"damage_healed":0,"gold_gain":0,"player_choice":"Gave Potion","damage_taken":0,"relics_obtained":["Bird Faced Urn"],"max_hp_gain":0,"max_hp_loss":0,"event_name":"WeMeetAgain","floor":37,"gold_loss":0},{"damage_healed":0,"gold_gain":0,"player_choice":"Max HP","damage_taken":0,"max_hp_gain":0,"max_hp_loss":4,"event_name":"Winding Halls","floor":47,"gold_loss":0}],"is_beta":false,"boss_relics":[{"not_picked":["Snecko Eye","Empty Cage"],"picked":"Runic Pyramid"},{"not_picked":["Philosopher\u0027s Stone","Tiny House"],"picked":"Fusion Hammer"}],"items_purged_floors":[19],"is_endless":false,"potions_floor_spawned":[6,10,12,14,16,22,23,28,35],"ascension_level":12}}