{"host":"nuu0xlk1bpqu5s2n","time":1613438829,"event":{"mods":["AchievementEnabler","BaseMod","Minty Spire (QoL Compilation)","StSLib"],"gold_per_floor":[116,116,116,116,41,41,41,79,103,137,137,153,177,220,220,220,220],"floor_reached":16,"language":"ENG","playtime":476,"items_purged":["Injury"],"score":332,"play_id":"e20422a8-daef-4b0b-8c2b-dbf935b8664b","local_time":"20210216032709","is_ascension_mode":true,"campfire_choices":[{"data":"Neutralize","floor":6,"key":"SMITH"},{"data":"Backstab","floor":11,"key":"SMITH"},{"data":"Phantasmal Killer","floor":15,"key":"SMITH"}],"circlet_count":0,"master_deck":["AscendersBane","Strike_G","Strike_G","Strike_G","Strike_G","Defend_G","Defend_G","Defend_G","Defend_G","Defend_G","Survivor","Neutralize+1","Backflip","Doubt","Backstab+1","Terror","PiercingWail","Endless Agony","Phantasmal Killer+1"],"relics":["Ring of the Snake","NeowsBlessing","Golden Idol","Torii","Potion Belt","Snake Skull","Mercury Hourglass"],"acts_visited":["Exordium"],"potions_floor_usage":[14],"damage_taken":[{"damage":0,"enemies":"Small Slimes","floor":1,"turns":1},{"damage":0,"enemies":"Gremlin Nob","floor":8,"turns":1},{"damage":0,"enemies":"3 Sentries","floor":10,"turns":1},{"damage":0,"enemies":"2 Louse","floor":12,"turns":2},{"damage":1,"enemies":"Cultist","floor":13,"turns":5},{"damage":1,"enemies":"Lagavulin","floor":14,"turns":7},{"damage":56,"enemies":"Slime Boss","floor":16,"turns":9}],"seed_played":"2236536163130195458","potions_obtained":[{"floor":12,"key":"Strength Potion"},{"floor":14,"key":"SpeedPotion"}],"is_trial":false,"path_per_floor":["M","?","$","?","$","R","?","E","T","E","R","M","M","E","R","B"],"character_chosen":"THE_SILENT","items_purchased":[],"campfire_rested":0,"item_purchase_floors":[],"current_hp_per_floor":[59,52,52,52,52,52,52,52,52,52,52,52,51,50,50,0,0],"gold":220,"neow_bonus":"THREE_ENEMY_KILL","is_daily":false,"chose_seed":false,"campfire_upgraded":3,"win_rate":0.0,"timestamp":1613438829,"path_taken":["M","?","$","?","$","R","?","E","T","E","R","?","M","E","R","BOSS"],"items_purchased_type":[],"build_version":"2020-12-22","purchased_purges":1,"victory":false,"max_hp_per_floor":[66,66,66,66,66,66,66,66,66,66,66,66,66,66,66,66,66],"card_choices":[{"not_picked":["Blur","Catalyst"],"picked":"Backflip","floor":1},{"not_picked":["Deadly Poison","Deflect"],"picked":"Backstab","floor":8},{"not_picked":["Caltrops","Backflip"],"picked":"Terror","floor":10},{"not_picked":["Sucker Punch","Flying Knee"],"picked":"PiercingWail","floor":12},{"not_picked":["Eviscerate","Dagger Throw"],"picked":"Endless Agony","floor":13},{"not_picked":["Underhanded Strike","Deadly Poison"],"picked":"Phantasmal Killer","floor":14}],"player_experience":556075,"relics_obtained":[{"floor":8,"key":"Torii"},{"floor":9,"key":"Potion Belt"},{"floor":10,"key":"Snake Skull"},{"floor":14,"key":"Mercury Hourglass"}],"event_choices":[{"cards_removed":["Strike_G"],"damage_healed":0,"gold_gain":0,"player_choice":"Card Removal","damage_taken":7,"max_hp_gain":0,"max_hp_loss":0,"event_name":"Golden Wing","floor":2,"gold_loss":0},{"damage_healed":0,"gold_gain":0,"player_choice":"Take Wound","damage_taken":0,"relics_obtained":["Golden Idol"],"max_hp_gain":0,"max_hp_loss":0,"event_name":"Golden Idol","floor":4,"gold_loss":0,"cards_obtained":["Injury"]},{"damage_healed":0,"gold_gain":0,"player_choice":"1 cards matched","damage_taken":0,"max_hp_gain":0,"max_hp_loss":0,"event_name":"Match and Keep!","floor":7,"gold_loss":0,"cards_obtained":["Doubt"]}],"is_beta":false,"boss_relics":[],"items_purged_floors":[5],"is_endless":false,"potions_floor_spawned":[12,14],"killed_by":"Slime Boss","ascension_level":20}}