{"host":"xo0glkmxta74xh34","time":1613510392,"event":{"mods":["BaseMod","Downfall","Minty Spire (QoL Compilation)","Reliquary","Replay The Spire","StSLib"],"gold_per_floor":[0,13,13,0,12,12,35,35,46,63,48,48,67,97,112,215,215,215,215,215,231,241,256,256,291,311,311,343,356,373,383,394,499,499,499,515,18,18,18,70,96,125,125,125,125,166,166,46,65,65],"floor_reached":51,"language":"ENG","playtime":3034,"items_purged":["bronze:Defend"],"score":934,"play_id":"3198f5eb-c78a-46ab-9e81-2cd2472e826d","local_time":"20210216151952","is_ascension_mode":true,"campfire_choices":[{"data":"bronze:Virus","floor":1.0,"key":"SMITH"},{"data":"bronze:BronzeArmor","floor":6.0,"key":"SMITH"},{"data":"bronze:Replicate","floor":8.0,"key":"SMITH"},{"floor":12.0,"key":"REST"},{"data":"bronze:Format","floor":18.0,"key":"SMITH"},{"floor":35,"key":"DIG"},{"floor":43,"key":"REST"},{"data":"bronze:Verify","floor":45,"key":"SMITH"},{"floor":47,"key":"REST"}],"circlet_count":0,"master_deck":["bronze:Strike+1","bronze:Strike+1","bronze:Defend","bronze:Defend+1","bronze:Defend","bronze:Virus+1","bronze:Overload","bronze:FineTuning","bronze:Format+1","bronze:FunctionCard","bronze:ChosenStrike","bronze:Verify+1","bronze:SpaghettiCode","bronze:Repulsor+1","bronze:Library","ReplayTheSpireMod:Brewmster","bronze:ChildClass+1"],"relics":["bronze:BronzeCore","Whetstone","sneckomod:SneckoTalon","reliquary:Stiletto","Toy Ornithopter","Nloth\u0027s Gift","Replay:Kaleidoscope","Runic Pyramid","hexamod:CandleOfCauterizing","FossilizedHelix","Ring of Hypnosis","ReplayTheSpireMod:Ring of Collecting","Ring of Misfortune","MealTicket","ReplayTheSpireMod:Ring of Challenge","reliquary:Sideboard","Letter Opener","hexamod:Sixitude","Gambling Chip"],"acts_visited":["Exordium","TheCity","TheBeyond"],"potions_floor_usage":[31,33,36,42,42,46,49,49,50,50,50,50,50],"damage_taken":[{"damage":2.0,"enemies":"Small Slimes","floor":2.0,"turns":3.0},{"damage":10.0,"enemies":"downfall:FleeingMerchant","floor":4.0,"turns":4.0},{"damage":1.0,"enemies":"Cultist","floor":5.0,"turns":3.0},{"damage":11.0,"enemies":"Jaw Worm","floor":9.0,"turns":2.0},{"damage":17.0,"enemies":"Exordium Thugs","floor":10.0,"turns":4.0},{"damage":1.0,"enemies":"downfall:FleeingMerchant","floor":11.0,"turns":4.0},{"damage":2.0,"enemies":"2 Fungi Beasts","floor":13.0,"turns":3.0},{"damage":21.0,"enemies":"3 Sentries","floor":14.0,"turns":11.0},{"damage":4.0,"enemies":"Red Slaver","floor":15.0,"turns":2.0},{"damage":1.0,"enemies":"WA_ARCHETYPE_RETAIN","floor":16.0,"turns":5.0},{"damage":4.0,"enemies":"3 Byrds","floor":21.0,"turns":5.0},{"damage":0.0,"enemies":"Shell Parasite","floor":22.0,"turns":4.0},{"damage":4.0,"enemies":"Cultist and Chosen","floor":23.0,"turns":6.0},{"damage":2.0,"enemies":"Book of Stabbing","floor":25.0,"turns":5.0},{"damage":6.0,"enemies":"Centurion and Healer","floor":26.0,"turns":4.0},{"damage":14.0,"enemies":"Gremlin Leader","floor":28.0,"turns":5.0},{"damage":10,"enemies":"Shelled Parasite and Fungi","floor":29,"turns":4},{"damage":21,"enemies":"Snake Plant","floor":30,"turns":3},{"damage":0,"enemies":"Centurion and Healer","floor":31,"turns":4},{"damage":6,"enemies":"Sentry and Sphere","floor":32,"turns":4},{"damage":48,"enemies":"IC_MUSHROOM_ARCHETYPE","floor":33,"turns":7},{"damage":1,"enemies":"Orb Walker","floor":36,"turns":3},{"damage":5,"enemies":"downfall:FleeingMerchant","floor":37,"turns":4},{"damage":39,"enemies":"Reptomancer","floor":42,"turns":6},{"damage":24,"enemies":"Nemesis","floor":46,"turns":7},{"damage":3,"enemies":"downfall:FleeingMerchant","floor":48,"turns":1},{"damage":21,"enemies":"3 Darklings","floor":49,"turns":4},{"damage":18,"enemies":"SI_POISON_ARCHETYPE","floor":50,"turns":6}],"seed_played":"4200487426675637542","potions_obtained":[{"floor":9.0,"key":"PowerPotion"},{"floor":10.0,"key":"Swift Potion"},{"floor":13.0,"key":"Energy Potion"},{"floor":21.0,"key":"Fruit Juice"},{"floor":23.0,"key":"BlessingOfTheForge"},{"floor":26.0,"key":"Strength Potion"},{"floor":29,"key":"FairyPotion"},{"floor":30,"key":"Strength Potion"},{"floor":33,"key":"Adrenaline Potion"},{"floor":36,"key":"DuplicationPotion"}],"is_trial":false,"path_per_floor":["R","M","?","$","M","R","T","R","M","M","$","R","M","E","M","B",null,"R","?","?","M","M","M","T","E","M","?","E","M","M","M","M","B",null,"R","M","$","?","?","T","T","E","R","?","R","E","R","$","M","B",null],"character_chosen":"THE_AUTOMATON","items_purchased":["FossilizedHelix","ReplayTheSpireMod:Brewmster","hexamod:Sixitude","Elixir","Cursed Concoction"],"campfire_rested":3,"item_purchase_floors":[37,37,48,48,48],"current_hp_per_floor":[70,68,68,58,57,57,57,57,46,29,28,49,47,26,22,21,70,70,70,62,63,63,59,59,57,51,51,37,27,6,22,26,16,75,75,75,75,75,75,75,75,46,68,68,68,49,71,72,61,68],"gold":65,"neow_bonus":"THREE_RARE_CARDS","is_daily":false,"chose_seed":false,"campfire_upgraded":5,"win_rate":0.0,"timestamp":1613510392,"path_taken":["R","M","?","$","M","R","T","R","?","M","$","R","M","E","M","BOSS","R","?","?","?","M","M","T","E","M","?","E","M","?","M","M","BOSS","R","M","$","?","?","?","T","E","R","?","R","E","R","$","M","BOSS"],"items_purchased_type":["Relic","Card","Relic","Potion","Potion"],"build_version":"2020-12-22","purchased_purges":1,"victory":true,"max_hp_per_floor":[70,70,70,70,70,70,70,70,70,70,70,70,70,70,70,70,70,70,70,70,75,75,75,75,75,75,75,75,75,75,75,75,75,75,75,75,75,75,75,75,75,75,75,75,75,75,75,75,75,75],"card_choices":[{"not_picked":["bronze:HyperBeam","bronze:CleanCode"],"picked":"bronze:Virus","floor":0.0},{"not_picked":["bronze:WhirlingStrike","bronze:Frontload","bronze:Branch"],"picked":"SKIP","floor":2.0},{"not_picked":["bronze:Shell","bronze:WhirlingStrike","bronze:ChildClass"],"picked":"SKIP","floor":4.0},{"not_picked":["bronze:DelayedSlice","bronze:Refactor"],"picked":"bronze:BronzeArmor","floor":5.0},{"not_picked":["bronze:Frontload","bronze:Refactor","bronze:Overheat"],"picked":"SKIP","floor":9.0},{"not_picked":["bronze:BugBarrage","bronze:CloningBeam"],"picked":"bronze:FineTuning","floor":10.0},{"not_picked":["bronze:CutThrough","bronze:ClassDefault","bronze:Turbo"],"picked":"SKIP","floor":11.0},{"not_picked":["bronze:Branch","bronze:DelayedGuard","bronze:Allocate"],"picked":"SKIP","floor":13.0},{"not_picked":["bronze:CutThrough","bronze:DelayedSlice","bronze:WildBeam"],"picked":"SKIP","floor":14.0},{"not_picked":["bronze:CloningBeam","bronze:Turbo"],"picked":"bronze:Format","floor":15.0},{"not_picked":["bronze:ThunderWave","bronze:RecursiveStrike"],"picked":"bronze:Hardcode","floor":16.0},{"not_picked":["bronze:Turbo+1","bronze:ChildClass"],"picked":"bronze:ChosenStrike","floor":21.0},{"not_picked":["bronze:Backtrace","bronze:BugBarrage","bronze:Turbo"],"picked":"SKIP","floor":22.0},{"not_picked":["bronze:Branch","bronze:Deprecate","bronze:CutThrough+1"],"picked":"SKIP","floor":23.0},{"not_picked":["bronze:Constructor+1","bronze:CutThrough","bronze:OilSpill"],"picked":"SKIP","floor":25.0},{"not_picked":["bronze:FineTuning","bronze:Iterate","bronze:Terminator"],"picked":"SKIP","floor":26.0},{"not_picked":["bronze:GetLatest","bronze:BuggyMess+1"],"picked":"bronze:Verify","floor":28.0},{"not_picked":["bronze:ClassDefault","bronze:DelayedGuard"],"picked":"bronze:Repair+1","floor":29},{"not_picked":["bronze:BronzeOrb+1","bronze:Separator"],"picked":"bronze:SpaghettiCode","floor":30},{"not_picked":["bronze:FineTuning+1","bronze:ForLoop+1"],"picked":"bronze:Repulsor+1","floor":31},{"not_picked":["bronze:Repulsor","bronze:Constructor","bronze:CutThrough+1"],"picked":"SKIP","floor":32},{"not_picked":["bronze:ShipIt","bronze:ThunderWave"],"picked":"bronze:Library","floor":33},{"not_picked":["bronze:BronzeArmor+1","bronze:CutThrough","bronze:Invalidate"],"picked":"SKIP","floor":36},{"not_picked":["bronze:CutThrough+1","bronze:DelayedGuard","bronze:Separator"],"picked":"SKIP","floor":37},{"not_picked":["bronze:CleanCode","bronze:DarkDash+1"],"picked":"bronze:ChildClass+1","floor":42},{"not_picked":["bronze:Flail+1","bronze:Constructor+1","bronze:BitShift"],"picked":"SKIP","floor":46},{"not_picked":["bronze:Frontload","bronze:Separator+1","bronze:DelayedSlice+1"],"picked":"SKIP","floor":48},{"not_picked":["bronze:Format","bronze:HyperBeam","bronze:Iterate+1"],"picked":"SKIP","floor":49}],"player_experience":494859,"relics_obtained":[{"floor":7.0,"key":"bronze:ProtectiveGoggles"},{"floor":14.0,"key":"Whetstone"},{"floor":24.0,"key":"reliquary:Stiletto"},{"floor":25.0,"key":"Toy Ornithopter"},{"floor":28.0,"key":"Replay:Kaleidoscope"},{"floor":35,"key":"hexamod:CandleOfCauterizing"},{"floor":38,"key":"Ring of Hypnosis"},{"floor":38,"key":"ReplayTheSpireMod:Ring of Collecting"},{"floor":40,"key":"Ring of Misfortune"},{"floor":40,"key":"MealTicket"},{"floor":41,"key":"ReplayTheSpireMod:Ring of Challenge"},{"floor":41,"key":"reliquary:FerryPass"},{"floor":42,"key":"reliquary:Sideboard"},{"floor":46,"key":"Letter Opener"},{"floor":49,"key":"Gambling Chip"}],"event_choices":[{"cards_removed":["bronze:Repair"],"damage_healed":0,"gold_gain":0,"player_choice":"Removed Skill","damage_taken":0,"max_hp_gain":0,"max_hp_loss":0,"event_name":"Falling","floor":39,"gold_loss":0}],"is_beta":false,"boss_relics":[{"not_picked":["Ring of Chaos","Runic Dome"],"picked":"sneckomod:SneckoTalon"},{"not_picked":["SacredBark","Empty Cage"],"picked":"Runic Pyramid"}],"items_purged_floors":[48],"is_endless":false,"potions_floor_spawned":[9,10,13,21,23,26,29,30,33,36,46],"ascension_level":1}}