{"host":"eaiphzh066bwqdh7","time":1613509236,"event":{"mods":["AchievementEnabler","BaseMod","Better Note","Colored Powertips","Halation","Hubris","Infinite Spire","Minty Spire (QoL Compilation)","Quick Restart","Reliquary","Replay The Spire","StSLib"],"gold_per_floor":[14,34,34,87,104,104,29,29,56,99,129,141,187,217,229,345,357,382,411,423,435,447,459,471,483,495,525,568,580,592,592],"floor_reached":33,"language":"ENG","playtime":953,"items_purged":["Defend_G"],"score":325,"play_id":"fba038c9-06e4-409c-9d46-1e478ea3858e","local_time":"20210216160036","is_ascension_mode":true,"campfire_choices":[{"floor":6,"key":"REST"},{"floor":8,"key":"REST"},{"floor":12,"key":"REST"},{"floor":15,"key":"REST"},{"floor":23,"key":"REST"},{"floor":27,"key":"REST"},{"floor":32,"key":"REST"}],"circlet_count":0,"master_deck":["Strike_G","Strike_G","Strike_G","Strike_G","Strike_G","Defend_G","Defend_G","Defend_G","Defend_G","Survivor","Neutralize","The Bomb","Deadly Poison","Cloak And Dagger","Caltrops","Poisoned Stab","Bullet Time","Crippling Poison","hubris:Fate"],"relics":["Ring of the Snake","Blue Candle","MawBank","hubris:Teleporter","reliquary:Stiletto","Snecko Scales","hubris:Icosahedron","Question Card"],"acts_visited":["Exordium","TheCity"],"potions_floor_usage":[10,10,31,33],"damage_taken":[{"damage":2,"enemies":"Cultist","floor":1,"turns":4},{"damage":9,"enemies":"2 Louse","floor":2,"turns":3},{"damage":4,"enemies":"Small Slimes","floor":5,"turns":4},{"damage":7,"enemies":"Gremlin Nob","floor":10,"turns":3},{"damage":14,"enemies":"2 Fungi Beasts","floor":11,"turns":4},{"damage":9,"enemies":"3 Sentries","floor":13,"turns":3},{"damage":7,"enemies":"3 Louse","floor":14,"turns":3},{"damage":50,"enemies":"Fading Forest","floor":16,"turns":11},{"damage":19,"enemies":"2 Thieves","floor":18,"turns":3},{"damage":15,"enemies":"Chosen","floor":20,"turns":5},{"damage":0,"enemies":"Snecko","floor":29,"turns":1},{"damage":68,"enemies":"Gremlin Leader","floor":31,"turns":7},{"damage":67,"enemies":"Automaton","floor":33,"turns":6}],"seed_played":"-6433177958407354810","potions_obtained":[{"floor":1,"key":"Strength Potion"},{"floor":2,"key":"BlessingOfTheForge"},{"floor":4,"key":"Reflective Coating"},{"floor":20,"key":"CunningPotion"}],"is_trial":false,"path_per_floor":["M","M","$","?","M","R","$","R","T","E","M","R","E","M","R","B",null,"M","M","?","R","?","?","T","R","AVR","M","E","R","B"],"character_chosen":"THE_SILENT","items_purchased":[],"campfire_rested":7,"item_purchase_floors":[],"current_hp_per_floor":[68,59,59,31,27,48,48,69,69,62,48,69,60,53,70,40,70,51,36,36,57,57,60,60,73,73,73,20,41,0,0],"gold":592,"neow_bonus":"RANDOM_COLORLESS_2","is_daily":false,"chose_seed":false,"campfire_upgraded":0,"win_rate":0.0,"timestamp":1613509236,"path_taken":["M","?","$","?","M","R","$","R","T","E","M","R","E","M","R","BOSS","M","M","?","R","?","?","T","R","AVR","M","E","R","BOSS"],"items_purchased_type":[],"build_version":"2020-12-22","purchased_purges":1,"victory":false,"max_hp_per_floor":[70,70,70,70,70,70,70,70,70,70,70,70,70,70,70,70,70,70,70,70,70,70,73,73,73,73,73,73,73,73,73],"card_choices":[{"not_picked":["Secret Technique","Crow Ritual"],"picked":"The Bomb","floor":0},{"not_picked":["PiercingWail","Masterful Stab","Deflect"],"picked":"SKIP","floor":1},{"not_picked":["Outmaneuver","Slice"],"picked":"Deadly Poison","floor":2},{"not_picked":["Replay:Poison Smokescreen","Terror"],"picked":"Cloak And Dagger","floor":5},{"not_picked":["All Out Attack","Night Terror"],"picked":"Caltrops","floor":10},{"not_picked":["ReplayTheSpireMod:Tripwire","Blur","Toxin Wave"],"picked":"SKIP","floor":11},{"not_picked":["Quick Slash","Acrobatics"],"picked":"Poisoned Stab","floor":13},{"not_picked":["PiercingWail","Bouncing Flask","Accuracy"],"picked":"SKIP","floor":14},{"not_picked":["Grand Finale","After Image"],"picked":"Bullet Time","floor":16},{"not_picked":["Acrobatics+1","Heel Hook","Cloak And Dagger"],"picked":"SKIP","floor":18},{"not_picked":["Dagger Spray+1","Distraction"],"picked":"Crippling Poison","floor":20},{"not_picked":["Fluid Movement","Outmaneuver+1","Hidden Blade","Accuracy"],"picked":"SKIP","floor":29},{"not_picked":["Sneak Up","Dagger Spray+1","Hidden Blade+1","Sucker Punch+1"],"picked":"SKIP","floor":31}],"player_experience":313956,"relics_obtained":[{"floor":4,"key":"Blue Candle"},{"floor":9,"key":"MawBank"},{"floor":10,"key":"hubris:Teleporter"},{"floor":13,"key":"reliquary:Stiletto"},{"floor":26,"key":"Question Card"}],"event_choices":[],"is_beta":false,"boss_relics":[{"not_picked":["Replay:Grab Bag","reliquary:WritOfMandamus"],"picked":"Snecko Scales"}],"items_purged_floors":[7],"is_endless":false,"potions_floor_spawned":[1,2,5,20],"killed_by":"Automaton","ascension_level":4}}