{"host":"rbccvrvdyhsypb23","time":1613516368,"event":{"mods":["AchievementEnabler","Act Like it!","Arknights","Aspiration","BaseMod","Better Third Choice","BetterRewards","Fox Events","Friendly Minions","Gensokyo","Hubris","Infinite Spire","Ironclad Rager","KomeijiMod","Minty Spire (QoL Compilation)","Replay The Spire","Shade Mod","StSLib","The Blackbeard","The Marked","The Mystic","Wandering Minibosses"],"gold_per_floor":[113,131,131,146,163,191,208,243,243,243,273,291,317,337,337,444,444,509,509,530,530,539,567,584,611,660,688,702,740,740,752,752,859,859,875,888,888,888,888,949,949,986,1023,1453,1480,1530,1542,1579,1591,1603],"floor_reached":51,"language":"ENG","playtime":1834,"items_purged":[],"score":1106,"play_id":"3f06b74f-d352-4e41-bffb-6ab73611d938","local_time":"20210217015928","is_ascension_mode":true,"campfire_choices":[{"data":"Storm","floor":10,"key":"SMITH"},{"data":"Defragment","floor":15,"key":"SMITH"},{"data":"Strike_B","floor":32,"key":"PURGE"},{"data":"Pot Of Greed","floor":41,"key":"SMITH"},{"data":"hubris:Fate","floor":49,"key":"SMITH"}],"circlet_count":0,"master_deck":["Strike_B+1","Strike_B","Strike_B+1","Defend_B","Defend_B","Defend_B","Defend_B","Zap+1","Dualcast","Defragment+1","Go for the Eyes+1","hubris:PowerSurge","Chill","Capacitor","Storm+1","hubris:PowerSurge","Panic Button","Conserve Battery","hubris:SpecializedCircuitry+1","hubris:PowerSurge","hubris:Fate+1","Self Repair","Defragment","Rainbow","Pot Of Greed+1","Pot Of Greed","Pot Of Greed","Biased Cognition","hubris:PowerSurge+1","Crystallizer"],"relics":["Cracked Core","Lantern","aspiration:AnachronicSnailShell","Membership Card","aspiration:MysteriousAuxiliaryCore","aspiration:StickyExplosives","StoneCalendar","hubris:SlimyHat","Emotion Chip","hubris:DeckOfHolding","Lizard Tail","Bottled Lightning","CeramicFish","Bottled Tornado","Black Star","Nuclear Battery","infinitespire:Magic Flask","ReplayTheSpireMod:Lightbulb","aspiration:EnhancedActuators","infinitespire:Magic Flask","Replay:Bottled Steam","Anchor","Akabeko","Replay:Kaleidoscope","CultistMask","aspiration:RandomNobGenerator","hubris:Icosahedron","Prayer Wheel","Grinning Jar","Shuriken","MawBank","Whetstone","wanderingMiniBosses:LockLocket","Pen Nib","Happy Flower","hubris:Towel"],"acts_visited":["Exordium","TheCity","TheBeyond"],"potions_floor_usage":[6,35],"damage_taken":[{"damage":1,"enemies":"Jaw Worm","floor":1,"turns":2},{"damage":0,"enemies":"ats:Genji","floor":2,"turns":2},{"damage":0,"enemies":"Cultist","floor":4,"turns":3},{"damage":0,"enemies":"2 Fungi Beasts","floor":5,"turns":2},{"damage":12,"enemies":"Gremlin Nob","floor":6,"turns":3},{"damage":0,"enemies":"Blue Slaver","floor":7,"turns":3},{"damage":3,"enemies":"Lagavulin","floor":8,"turns":4},{"damage":5,"enemies":"3 Sentries","floor":11,"turns":6},{"damage":0,"enemies":"Gremlin Gang","floor":12,"turns":4},{"damage":2,"enemies":"Lagavulin","floor":13,"turns":5},{"damage":1,"enemies":"Exordium Wildlife","floor":14,"turns":3},{"damage":3,"enemies":"Hexaghost","floor":16,"turns":5},{"damage":0,"enemies":"3 Byrds","floor":18,"turns":4},{"damage":0,"enemies":"Spheric Guardian","floor":20,"turns":3},{"damage":3,"enemies":"Slavers","floor":23,"turns":4},{"damage":0,"enemies":"Snecko","floor":24,"turns":2},{"damage":3,"enemies":"Book of Stabbing","floor":25,"turns":2},{"damage":0,"enemies":"Centurion and Healer","floor":27,"turns":3},{"damage":3,"enemies":"Snake Plant","floor":28,"turns":2},{"damage":0,"enemies":"Gremlin Leader","floor":29,"turns":3},{"damage":0,"enemies":"Chosen and Byrds","floor":31,"turns":2},{"damage":8,"enemies":"Collector","floor":33,"turns":5},{"damage":2,"enemies":"3 Darklings","floor":35,"turns":3},{"damage":0,"enemies":"Orb Walker","floor":36,"turns":3},{"damage":6,"enemies":"Nemesis","floor":40,"turns":3},{"damage":10,"enemies":"Giant Head","floor":42,"turns":6},{"damage":0,"enemies":"Jaw Worm Horde","floor":44,"turns":5},{"damage":0,"enemies":"Writhing Mass","floor":45,"turns":3},{"damage":0,"enemies":"Reptomancer","floor":46,"turns":2},{"damage":0,"enemies":"3 Darklings","floor":48,"turns":2},{"damage":25,"enemies":"Replay:Hell Engine","floor":50,"turns":4}],"seed_played":"53906926074980770","potions_obtained":[{"floor":1,"key":"Dexterity Potion"},{"floor":2,"key":"Swift Potion"},{"floor":5,"key":"AttackPotion"},{"floor":6,"key":"Strength Potion"},{"floor":20,"key":"PotionOfCapacity"},{"floor":35,"key":"SpeedPotion"}],"is_trial":false,"path_per_floor":["M","M","?","M","M","E","M","E","T","R","E","M","E","M","R","B",null,"M","?","M","?","AVR","E","M","E","T","M","M","E","?","M","R","B",null,"M","M","?","?","?","E","R","E","T","M","M","E","?","M","R","B",null],"character_chosen":"DEFECT","items_purchased":["Lantern","Defragment","Membership Card","aspiration:MysteriousAuxiliaryCore","aspiration:StickyExplosives","Go for the Eyes+1","hubris:SlimyHat","hubris:PowerSurge","Chill"],"campfire_rested":0,"item_purchase_floors":[0,0,0,0,0,0,0,0,0],"current_hp_per_floor":[74,74,74,74,74,62,62,59,59,59,54,54,52,51,51,48,75,75,75,75,75,75,72,72,69,69,69,73,75,75,75,75,74,75,75,75,85,81,81,81,81,78,78,81,81,81,81,81,81,63],"gold":1615,"neow_bonus":"","is_daily":false,"chose_seed":false,"campfire_upgraded":4,"win_rate":0.0,"timestamp":1613516368,"path_taken":["M","M","?","?","?","E","M","E","T","R","E","M","E","M","R","BOSS","M","?","M","?","AVR","E","M","E","T","M","?","E","?","?","R","BOSS","M","M","?","?","?","E","R","E","T","M","M","E","?","M","R","BOSS"],"items_purchased_type":["Relic","Card","Relic","Relic","Relic","Card","Relic","Card","Card"],"build_version":"2020-12-22","purchased_purges":0,"victory":true,"max_hp_per_floor":[75,75,75,75,75,75,75,75,75,75,75,75,75,75,75,75,75,75,75,75,75,75,75,75,75,75,75,75,75,75,75,75,75,75,75,75,85,81,81,81,81,81,81,81,81,81,81,81,81,81],"card_choices":[{"not_picked":["Consume","Cold Snap"],"picked":"Capacitor","floor":1},{"not_picked":["Stack","Chaos","BasicCrystalCard"],"picked":"SKIP","floor":2},{"not_picked":["Skim","Turbo"],"picked":"Storm","floor":4},{"not_picked":["Recycle","Streamline"],"picked":"hubris:PowerSurge","floor":5},{"not_picked":["FTL","Echo Form"],"picked":"Panic Button","floor":6},{"not_picked":["BasicCrystalCard","Self Repair"],"picked":"Conserve Battery","floor":7},{"not_picked":["Gash","Chill","ReplayGash"],"picked":"SKIP","floor":8},{"not_picked":["Sweeping Beam","All For One","Reprogram"],"picked":"SKIP","floor":11},{"not_picked":["Go for the Eyes","Stack","Cold Snap"],"picked":"SKIP","floor":12},{"not_picked":["Go for the Eyes","Cold Snap","hubris:Prefetch"],"picked":"SKIP","floor":13},{"not_picked":["Beam Cell","Cold Snap","Doom and Gloom"],"picked":"SKIP","floor":14},{"not_picked":["All For One","Hyperbeam"],"picked":"hubris:SpecializedCircuitry","floor":16},{"not_picked":["Chaos","Consume","Steam Power"],"picked":"SKIP","floor":18},{"not_picked":["Beam Cell+1","Rip and Tear"],"picked":"hubris:PowerSurge","floor":20},{"not_picked":["Stack","ReplayTheSpireMod:Calculation Training","FTL"],"picked":"SKIP","floor":23},{"not_picked":["Hologram","Turbo+1","Stack+1"],"picked":"SKIP","floor":24},{"not_picked":["Leap+1","Blizzard","Fusion+1"],"picked":"SKIP","floor":25},{"not_picked":["BasicCrystalCard+1","Gash+1"],"picked":"Self Repair","floor":27},{"not_picked":["Stack","Barrage","Cold Snap"],"picked":"SKIP","floor":28},{"not_picked":["Auto Shields+1","Gash+1"],"picked":"Defragment","floor":29},{"not_picked":["Leap","Echo Form","Barrage"],"picked":"SKIP","floor":31},{"not_picked":["hubris:SpecializedCircuitry","Thunder Strike"],"picked":"Rainbow","floor":33},{"not_picked":["Panic Button+1","Chill+1","Consume+1"],"picked":"SKIP","floor":35},{"not_picked":["Gash+1","Panic Button+1","Doom and Gloom"],"picked":"SKIP","floor":36},{"not_picked":["ReplayTheSpireMod:System Scan","Go for the Eyes","Tempest+1"],"picked":"SKIP","floor":40},{"not_picked":["Turbo+1","Glacier+1"],"picked":"Biased Cognition","floor":42},{"not_picked":["Gash","Blizzard","Barrage"],"picked":"SKIP","floor":44},{"not_picked":["ReplayTheSpireMod:Calculation Training","Gash","BasicCrystalCard"],"picked":"SKIP","floor":44},{"not_picked":["Force Field+1","Coolheaded+1","Stack+1"],"picked":"SKIP","floor":45},{"not_picked":["Static Discharge+1","Cold Snap+1","Beam Cell"],"picked":"SKIP","floor":45},{"not_picked":["Force Field","Cold Snap"],"picked":"hubris:PowerSurge+1","floor":46},{"not_picked":["Self Repair","Reprogram+1"],"picked":"Crystallizer","floor":48},{"not_picked":["Streamline","Cold Snap","BasicCrystalCard+1"],"picked":"SKIP","floor":48}],"player_experience":620676,"relics_obtained":[{"floor":6,"key":"hubris:DeckOfHolding"},{"floor":8,"key":"Lizard Tail"},{"floor":9,"key":"Bottled Lightning"},{"floor":11,"key":"CeramicFish"},{"floor":13,"key":"Bottled Tornado"},{"floor":23,"key":"ReplayTheSpireMod:Lightbulb"},{"floor":23,"key":"aspiration:EnhancedActuators"},{"floor":25,"key":"infinitespire:Magic Flask"},{"floor":25,"key":"Replay:Bottled Steam"},{"floor":26,"key":"Anchor"},{"floor":29,"key":"Akabeko"},{"floor":29,"key":"Replay:Kaleidoscope"},{"floor":40,"key":"Prayer Wheel"},{"floor":40,"key":"Grinning Jar"},{"floor":42,"key":"Shuriken"},{"floor":42,"key":"MawBank"},{"floor":43,"key":"Whetstone"},{"floor":44,"key":"wanderingMiniBosses:LockLocket"},{"floor":46,"key":"Pen Nib"},{"floor":46,"key":"Happy Flower"}],"event_choices":[{"damage_healed":0,"gold_gain":0,"player_choice":"Forge","damage_taken":0,"max_hp_gain":0,"max_hp_loss":0,"event_name":"Accursed Blacksmith","floor":3,"gold_loss":0,"cards_upgraded":["Zap"]},{"damage_healed":0,"gold_gain":0,"player_choice":"Upgraded","damage_taken":0,"max_hp_gain":0,"max_hp_loss":0,"event_name":"Upgrade Shrine","floor":21,"gold_loss":0,"cards_upgraded":["hubris:SpecializedCircuitry"]},{"damage_healed":0,"gold_gain":0,"player_choice":"Trade","damage_taken":0,"relics_obtained":["CultistMask"],"max_hp_gain":0,"max_hp_loss":0,"event_name":"FaceTrader","floor":30,"gold_loss":0},{"damage_healed":0,"gold_gain":0,"player_choice":"Max HP","damage_taken":0,"max_hp_gain":0,"max_hp_loss":4,"event_name":"Winding Halls","floor":38,"gold_loss":0}],"is_beta":false,"boss_relics":[{"not_picked":["aspiration:WatcherSkillbook","Astrolabe"],"picked":"Black Star"},{"not_picked":["Velvet Choker","Replay:Ancient Bell"],"picked":"aspiration:RandomNobGenerator"}],"items_purged_floors":[],"is_endless":false,"potions_floor_spawned":[1,2,5,6,8,13,16,20,23,25,29,33,35,36,40,45,48],"ascension_level":3}}