{"host":"jx3f6ezc0g3s9edc","time":1613511384,"event":{"mods":["AchievementEnabler","BaseMod","Bestiary","Colored Map","Highlight Path","Minty Spire (QoL Compilation)","StSLib"],"gold_per_floor":[113,113,80,99,99,99,118,145,215,48,79,9,27,27,27,122,122,140,39,39,50,50,50,50],"floor_reached":23,"language":"ENG","playtime":891,"items_purged":["Strike_B"],"score":346,"play_id":"ebaf9864-c482-4a82-a4d2-92fce02b4afc","local_time":"20210216163624","is_ascension_mode":true,"campfire_choices":[{"floor":6,"key":"REST"},{"data":"Apotheosis","floor":15,"key":"SMITH"}],"circlet_count":0,"master_deck":["Strike_B","Strike_B","Defend_B+1","Defend_B","Defend_B","Zap","Dualcast+1","White Noise","Cold Snap","Barrage","Streamline+1","Gash","Cold Snap","Apotheosis+1","Go for the Eyes","Glacier","Redo","Creative AI","Conserve Battery","Gash","Sweeping Beam"],"relics":["Cracked Core","Letter Opener","Juzu Bracelet","SlaversCollar","Nloth\u0027s Gift"],"acts_visited":["Exordium","TheCity"],"potions_floor_usage":[11,16],"damage_taken":[{"damage":7,"enemies":"2 Louse","floor":1,"turns":2},{"damage":2,"enemies":"Small Slimes","floor":4,"turns":3},{"damage":0,"enemies":"Jaw Worm","floor":7,"turns":2},{"damage":14,"enemies":"Gremlin Nob","floor":8,"turns":3},{"damage":13,"enemies":"Lagavulin","floor":11,"turns":4},{"damage":0,"enemies":"Large Slime","floor":13,"turns":4},{"damage":0,"enemies":"Slime Boss","floor":16,"turns":5},{"damage":25,"enemies":"Shell Parasite","floor":18,"turns":4},{"damage":16,"enemies":"2 Thieves","floor":21,"turns":5},{"damage":15,"enemies":"Slavers","floor":23,"turns":1}],"seed_played":"6471352859268867482","potions_obtained":[{"floor":4,"key":"SkillPotion"},{"floor":8,"key":"Strength Potion"},{"floor":16,"key":"FearPotion"}],"is_trial":false,"path_per_floor":["M","?","?","M","?","R","M","E","T","$","E","$","M","?","R","B",null,"M","$","?","M","?","E"],"character_chosen":"DEFECT","items_purchased":["Apotheosis","Glacier","Gash"],"campfire_rested":1,"item_purchase_floors":[10,12,19],"current_hp_per_floor":[43,28,28,26,26,48,48,34,34,34,21,21,21,46,46,46,68,43,43,29,13,13,0,0],"gold":50,"neow_bonus":"TRANSFORM_TWO_CARDS","is_daily":false,"chose_seed":false,"campfire_upgraded":1,"win_rate":0.0,"timestamp":1613511384,"path_taken":["M","?","?","M","?","R","M","E","T","$","E","$","M","?","R","BOSS","M","$","?","M","?","E"],"items_purchased_type":["Card","Card","Card"],"build_version":"2020-12-22","purchased_purges":1,"victory":false,"max_hp_per_floor":[75,75,75,75,75,75,75,75,75,75,75,75,75,75,75,75,75,75,75,80,80,80,80,80],"card_choices":[{"not_picked":["Turbo","Redo"],"picked":"Barrage","floor":1},{"not_picked":["Loop","Double Energy"],"picked":"Streamline","floor":4},{"not_picked":["Redo","Fusion"],"picked":"Gash","floor":7},{"not_picked":["FTL","Coolheaded"],"picked":"Cold Snap","floor":8},{"not_picked":["Tempest","Barrage"],"picked":"Go for the Eyes","floor":11},{"not_picked":["Aggregate","Genetic Algorithm"],"picked":"Redo","floor":13},{"not_picked":["Reboot","Multi-Cast"],"picked":"Creative AI","floor":16},{"not_picked":["Hologram","Darkness"],"picked":"Conserve Battery","floor":18},{"not_picked":["Double Energy","Compile Driver"],"picked":"Sweeping Beam","floor":21}],"player_experience":874091,"relics_obtained":[{"floor":8,"key":"Dream Catcher"},{"floor":9,"key":"Letter Opener"},{"floor":11,"key":"Juzu Bracelet"}],"event_choices":[{"damage_healed":0,"gold_gain":0,"player_choice":"Entered Light","damage_taken":15,"max_hp_gain":0,"max_hp_loss":0,"event_name":"Shining Light","floor":2,"gold_loss":0,"cards_upgraded":["Defend_B","Dualcast"]},{"damage_healed":0,"gold_gain":0,"player_choice":"Left Gold","damage_taken":0,"max_hp_gain":0,"max_hp_loss":0,"event_name":"World of Goop","floor":3,"gold_loss":33},{"damage_healed":0,"gold_gain":0,"player_choice":"Grow","damage_taken":0,"max_hp_gain":0,"max_hp_loss":0,"event_name":"Living Wall","floor":5,"gold_loss":0,"cards_upgraded":["Streamline"]},{"damage_healed":25,"gold_gain":0,"player_choice":"Banana","damage_taken":0,"max_hp_gain":0,"max_hp_loss":0,"event_name":"Big Fish","floor":14,"gold_loss":0},{"damage_healed":0,"gold_gain":0,"player_choice":"Shed Blood","damage_taken":19,"max_hp_gain":5,"max_hp_loss":0,"event_name":"Forgotten Altar","floor":20,"gold_loss":0},{"damage_healed":0,"gold_gain":0,"player_choice":"Traded Relic","damage_taken":0,"relics_obtained":["Nloth\u0027s Gift"],"max_hp_gain":0,"max_hp_loss":0,"event_name":"N\u0027loth","floor":22,"relics_lost":["Dream Catcher"],"gold_loss":0}],"is_beta":false,"boss_relics":[{"not_picked":["Velvet Choker","Black Star"],"picked":"SlaversCollar"}],"items_purged_floors":[19],"is_endless":false,"potions_floor_spawned":[4,8,16],"killed_by":"Slavers","ascension_level":8}}