{"host":"2d926qfvvz477zl6","time":1613437428,"event":{"mods":["Aspiration","BaseMod","Challenge The Spire","Conspire","Downfall","GifTheSpireLib","GungeonMod","Halation","Hermit","Hubris","Infinite Spire","Minty Spire (QoL Compilation)","Morshu Shopkeeper","Permanent Neow","Rare Cards Sparkle","Reliquary","Replay The Spire","Shedinja","Somnambulant","Spicy Shops","StSLib","Stuff the Spire","Td1madao Mod","The Blue Laboratory","The Bug Knight","The Disciple","The Forsaken","The Hierophant","The Judge","The Senshi","Wandering Minibosses","Wide Potions","everything is the same but u backflip on backflip","slay the spire mod where everything is the same but ironclad has a cowboy hat"],"gold_per_floor":[116,116,127,127,141,141,174,194,194,209,4,15,15,15,34,34,34,130,130,141,141,156,167,23,23,23,23,91,102,118,130,130,147,147,147,147],"floor_reached":35,"language":"ENG","playtime":1428,"items_purged":["Writhe"],"score":363,"play_id":"a594c8e8-1fe1-40f8-aa9d-06e8535372be","local_time":"20210215200348","is_ascension_mode":false,"campfire_choices":[{"data":"StuffTheSpire:BrimstoneBlast","floor":6,"key":"SMITH"},{"data":"conspire:PoisonWeapons","floor":17,"key":"SMITH"},{"data":"Glass Knife","floor":25,"key":"SMITH"},{"floor":34,"key":"REST"}],"circlet_count":0,"master_deck":["Strike_G","Strike_G","Strike_G","Strike_G","Strike_G","Defend_G","Defend_G","Defend_G","Defend_G","Defend_G","Survivor","Neutralize","theForsaken:TheForsaken_Strike","Strike_G","StuffTheSpire:BrimstoneBlast+1","StuffTheSpire:Injection","Hidden Blade","Glass Knife+1","PiercingWail","Night Terror","Deflect","conspire:PoisonWeapons+1","Glass Knife","PiercingWail+1","Neutralize","Caltrops","Replay:Poison Smokescreen+1","Noxious Fumes","HollowMod:SharpenedNail","Dagger Spray","PiercingWail","Corpse Explosion","Strike_G","Strike_G","Strike_G","Strike_G","Strike_G","Defend_G","Defend_G","Defend_G","Defend_G","Defend_G","Survivor","Neutralize","theForsaken:TheForsaken_Strike","Strike_G","StuffTheSpire:BrimstoneBlast+1","StuffTheSpire:Injection","Hidden Blade","Glass Knife+1","PiercingWail","Night Terror","Deflect","conspire:PoisonWeapons+1","Glass Knife","PiercingWail+1","Neutralize","Caltrops","Replay:Poison Smokescreen+1","Noxious Fumes","HollowMod:SharpenedNail","Dagger Spray","PiercingWail","Corpse Explosion","Backflip"],"relics":["Ring of the Snake","DemoMod:ResourcefulSack","hubris:OldNail","reliquary:Boomerang","DemoMod:Bottle","TwistedFunnel","DemoMod:MonsterBlood","halation:EternalFortune","conspire:SeveredTorchhead","Gambling Chip"],"acts_visited":["Exordium","TheCity"],"potions_floor_usage":[5,5,31,31],"damage_taken":[{"damage":3,"enemies":"Jaw Worm","floor":1,"turns":4},{"damage":0,"enemies":"Cultist","floor":3,"turns":3},{"damage":0,"enemies":"infinitespire:Voidling","floor":5,"turns":2},{"damage":46,"enemies":"Lagavulin","floor":7,"turns":9},{"damage":6,"enemies":"Exordium Wildlife","floor":8,"turns":3},{"damage":0,"enemies":"2 Fungi Beasts","floor":10,"turns":3},{"damage":0,"enemies":"Gremlin Gang","floor":12,"turns":2},{"damage":1,"enemies":"Blue Slaver","floor":15,"turns":3},{"damage":35,"enemies":"Fading Forest","floor":18,"turns":11},{"damage":5,"enemies":"3 Byrds","floor":20,"turns":3},{"damage":7,"enemies":"Shell Parasite","floor":22,"turns":4},{"damage":21,"enemies":"Shelled Parasite and Fungi","floor":23,"turns":6},{"damage":4,"enemies":"Cultist and Chosen","floor":29,"turns":4},{"damage":0,"enemies":"3 Cultists","floor":30,"turns":3},{"damage":11,"enemies":"Snecko","floor":31,"turns":4},{"damage":21,"enemies":"Shelled Parasite and Fungi","floor":33,"turns":4},{"damage":43,"enemies":"conspire:MysteriousRune","floor":35,"turns":9}],"seed_played":"-8823329296210344365","potions_obtained":[{"floor":1,"key":"Energy Potion"},{"floor":2,"key":"Poison Potion"},{"floor":18,"key":"Swift Potion"},{"floor":29,"key":"Adrenaline Potion"},{"floor":30,"key":"FearPotion"}],"is_trial":false,"path_per_floor":["M","?","M","T","M","R","E","M","T","M","$","M","PTL","PTL","M","?","R","B",null,"M","?","M","M","$","R","?","T","T","M","M","M","?","M","R","B"],"character_chosen":"THE_SILENT","items_purchased":["TwistedFunnel","DemoMod:MonsterBlood","Noxious Fumes"],"campfire_rested":1,"item_purchase_floors":[11,11,24],"current_hp_per_floor":[67,67,67,67,67,67,21,15,15,15,22,25,25,25,24,27,27,16,80,75,75,68,47,47,47,47,47,47,43,43,32,32,14,38,0,0],"gold":147,"neow_bonus":"ONE_RARE_RELIC","is_daily":false,"chose_seed":false,"campfire_upgraded":3,"win_rate":0.0,"timestamp":1613437428,"path_taken":["M","?","?","?","M","R","E","?","T","M","$","M","PTL","PTL","M","?","R","BOSS","M","?","M","?","$","R","?","?","T","M","M","M","?","M","R","BOSS"],"items_purchased_type":["Relic","Relic","Card"],"build_version":"2020-12-22","purchased_purges":1,"victory":false,"max_hp_per_floor":[70,70,70,70,70,70,70,70,70,70,77,77,77,77,77,80,80,80,80,80,80,80,80,80,80,80,80,80,80,80,80,80,83,83,83,83],"card_choices":[{"not_picked":["Prepared","Deadly Poison"],"picked":"StuffTheSpire:BrimstoneBlast","floor":1},{"not_picked":["Expertise","Dagger Throw"],"picked":"StuffTheSpire:Injection","floor":3},{"not_picked":["Outmaneuver","Deflect"],"picked":"Hidden Blade","floor":5},{"not_picked":["Underhanded Strike","StuffTheSpire:ClusterCrunch"],"picked":"Glass Knife","floor":7},{"not_picked":["Underhanded Strike","hubris:SlightOfHand"],"picked":"PiercingWail","floor":8},{"not_picked":["StuffTheSpire:Incantation","PiercingWail"],"picked":"Night Terror","floor":10},{"not_picked":["Underhanded Strike","Slice"],"picked":"Deflect","floor":12},{"not_picked":["Infinite Blades","StuffTheSpire:Fury"],"picked":"conspire:PoisonWeapons","floor":15},{"not_picked":["A Thousand Cuts","Burst"],"picked":"Glass Knife","floor":18},{"not_picked":["StuffTheSpire:BumpUp+1","Cloak And Dagger"],"picked":"PiercingWail+1","floor":20},{"not_picked":["Slice","Calculated Gamble"],"picked":"Caltrops","floor":22},{"not_picked":["Blade Dance","Underhanded Strike"],"picked":"Replay:Poison Smokescreen+1","floor":23},{"not_picked":["StuffTheSpire:ClusterCrunch","Cloak And Dagger+1"],"picked":"Dagger Spray","floor":29},{"not_picked":["StuffTheSpire:Injection","Caltrops"],"picked":"PiercingWail","floor":30},{"not_picked":["Predator","Well Laid Plans"],"picked":"Corpse Explosion","floor":31},{"not_picked":["Blade Dance","Hidden Blade"],"picked":"Backflip","floor":33}],"player_experience":437181,"relics_obtained":[{"floor":4,"key":"hubris:OldNail"},{"floor":7,"key":"reliquary:Boomerang"},{"floor":9,"key":"DemoMod:Bottle"},{"floor":27,"key":"Gambling Chip"},{"floor":33,"key":"halation:EternalFortune"}],"event_choices":[{"damage_healed":0,"gold_gain":0,"player_choice":"Got Potions","damage_taken":0,"max_hp_gain":0,"max_hp_loss":0,"event_name":"Lab","floor":2,"gold_loss":0},{"damage_healed":0,"gold_gain":0,"player_choice":"1 cards matched","damage_taken":0,"max_hp_gain":0,"max_hp_loss":0,"event_name":"Match and Keep!","floor":21,"gold_loss":0,"cards_obtained":["Neutralize"]},{"damage_healed":0,"gold_gain":0,"player_choice":"Read","damage_taken":0,"max_hp_gain":0,"max_hp_loss":0,"event_name":"The Library","floor":26,"gold_loss":0,"cards_obtained":["HollowMod:SharpenedNail"]}],"is_beta":false,"boss_relics":[{"not_picked":["Ring of the Serpent","Calling Bell"],"picked":"conspire:SeveredTorchhead"}],"items_purged_floors":[24],"is_endless":false,"potions_floor_spawned":[1,18,29,30],"killed_by":"conspire:MysteriousRune","ascension_level":0}}