{"host":"ty9fb48q9oru32qm","time":1613491000,"event":{"mods":["2.2 Compatiblity","AchievementEnabler","Act Like it!","Astrologer","BaseMod","Beaked The Cultist","Better Synergies","Block Reminder","ChefMod","Colored Powertips","Conspire","DeckTracker","Downfall","Ekko","Friendly Minions","GifTheSpireLib","Hermit","Hubris","Infinite Spire","Jorbs\u0027s Wanderer Trilogy","Marisa????????","Minty Spire (QoL Compilation)","Permanent Neow","Quick Restart","Random Character Button","Reliquary","Replay The Spire","Robot Space Explorer","Shade Mod","Shapeshifter Mod","Somnambulant","StSLib","Stuff the Spire","The Cursed","The Marked","The Runesmith","TheVacant"],"gold_per_floor":[116,127,127,142,159,188,207,207,234,253,265,265,265,265],"floor_reached":13,"language":"ENG","playtime":991,"items_purged":[],"score":89,"play_id":"82eec726-1693-4e94-b605-c7ef51a84392","local_time":"20210216165640","is_ascension_mode":false,"campfire_choices":[{"floor":8,"key":"REST"}],"circlet_count":0,"master_deck":["Shade:Strike_Shade","Shade:Strike_Shade","Shade:Strike_Shade","Shade:Defend_Shade","Shade:Defend_Shade","Shade:Defend_Shade","Shade:Defend_Shade","Shade:AnimateDead","Shade:SkeletonHug","Shade:Frenzy","Shade:WallOfFlesh","Shade:AblativeArmor","Shade:PressTheAttack","Shade:Bite_Shade","Shade:CallOfTheGrave"],"relics":["Shade:YorickSkull","Runesmith:AutoHammer","Boot","infinitespire:CheckeredPen"],"acts_visited":["Exordium"],"potions_floor_usage":[6],"damage_taken":[{"damage":0,"enemies":"conspire:RoseBush","floor":1,"turns":4},{"damage":0,"enemies":"Cultist","floor":2,"turns":3},{"damage":1,"enemies":"Jaw Worm","floor":4,"turns":3},{"damage":7,"enemies":"Exordium Thugs","floor":5,"turns":5},{"damage":38,"enemies":"Gremlin Nob","floor":6,"turns":7},{"damage":9,"enemies":"Blue Slaver","floor":7,"turns":4},{"damage":9,"enemies":"Looter","floor":10,"turns":4},{"damage":3,"enemies":"3 Louse","floor":11,"turns":6},{"damage":18,"enemies":"3 Sentries","floor":13,"turns":2}],"seed_played":"-4391571863996529826","potions_obtained":[{"floor":2,"key":"DuplicationPotion"},{"floor":5,"key":"hexamod:SoulburnPotion"},{"floor":10,"key":"Milkshake"}],"is_trial":false,"path_per_floor":["M","M","?","M","M","E","M","R","T","M","M","?","E"],"character_chosen":"SHADE","items_purchased":[],"campfire_rested":1,"item_purchase_floors":[],"current_hp_per_floor":[65,65,65,64,57,19,10,29,29,20,19,12,0,0],"gold":265,"neow_bonus":"REMOVE_CARD","is_daily":false,"chose_seed":false,"campfire_upgraded":0,"win_rate":0.0,"timestamp":1613491000,"path_taken":["M","M","?","?","M","E","M","R","T","M","M","?","E"],"items_purchased_type":[],"build_version":"2020-12-22","purchased_purges":0,"victory":false,"max_hp_per_floor":[65,65,65,65,65,65,65,65,65,65,65,65,65,65],"card_choices":[{"not_picked":["Shade:Patience","Shade:DangerousRitual"],"picked":"Shade:SkeletonHug","floor":1},{"not_picked":["Shade:Patience","Shade:GoDigging"],"picked":"Shade:Frenzy","floor":2},{"not_picked":["Shade:Carnophage","Shade:SensePrey"],"picked":"Shade:WallOfFlesh","floor":4},{"not_picked":["Shade:MadHubris","Shade:CallWraith"],"picked":"Shade:AblativeArmor","floor":5},{"not_picked":["Shade:FuneraryArmor","Shade:SkeletonHug"],"picked":"Shade:PressTheAttack","floor":6},{"not_picked":["Shade:WallOfFlesh","Shade:Awaken","Shade:DangerousRitual"],"picked":"SKIP","floor":7},{"not_picked":["Shade:Frenzy","Shade:Trample"],"picked":"Shade:Bite_Shade","floor":10},{"not_picked":["Shade:GraveStillness","Shade:Premonition"],"picked":"Shade:CallOfTheGrave","floor":11}],"player_experience":286995,"relics_obtained":[{"floor":6,"key":"Runesmith:AutoHammer"},{"floor":9,"key":"Boot"}],"event_choices":[{"cards_removed":["Shade:CarefulCut"],"damage_healed":0,"gold_gain":0,"player_choice":"Offered Basic","damage_taken":0,"max_hp_gain":0,"max_hp_loss":0,"event_name":"Bonfire Elementals","floor":3,"gold_loss":0},{"damage_healed":0,"gold_gain":0,"player_choice":"Success","damage_taken":7,"relics_obtained":["infinitespire:CheckeredPen"],"max_hp_gain":0,"max_hp_loss":0,"event_name":"Scrap Ooze","floor":12,"gold_loss":0}],"is_beta":false,"boss_relics":[],"items_purged_floors":[],"is_endless":false,"potions_floor_spawned":[2,5,10],"killed_by":"3 Sentries","ascension_level":0}}