{"host":"ibckqdmmf9y74ymf","time":1613498735,"event":{"mods":["2.2 Compatiblity","BaseMod","Colored Map","Curses Come First","Highlight Path","Minty Spire (QoL Compilation)","Quick Restart","Rare Cards Sparkle","Relic Stats","StSLib"],"gold_per_floor":[109,109,122,134,209,242,262,262,262,287,303,320,347,364,364,441,441,453,453,467,22,22,22],"floor_reached":22,"language":"ENG","playtime":978,"items_purged":[],"score":466,"play_id":"78022bc8-cdc0-4c7e-af79-731b2c36c507","local_time":"20210216190535","daily_mods":["DeadlyEvents"],"is_ascension_mode":true,"campfire_choices":[{"data":"Clothesline","floor":8,"key":"SMITH"},{"data":"Spot Weakness","floor":15,"key":"SMITH"}],"circlet_count":0,"master_deck":["AscendersBane","Strike_R","Strike_R","Strike_R","Strike_R","Strike_R+1","Defend_R","Defend_R","Defend_R","Defend_R","Bash+1","Shrug It Off","Battle Trance","Perfected Strike","Blood for Blood","Clothesline+1","Spot Weakness+1","Pommel Strike","Limit Break","Dark Embrace","Bludgeon","Disarm","Flame Barrier"],"relics":["Snecko Eye","Whetstone","Mummified Hand","Bag of Marbles","Mark of Pain","ClockworkSouvenir","Toxic Egg 2"],"acts_visited":["Exordium","TheCity"],"potions_floor_usage":[6,13],"damage_taken":[{"damage":7,"enemies":"Jaw Worm","floor":1,"turns":4},{"damage":0,"enemies":"2 Louse","floor":3,"turns":2},{"damage":1,"enemies":"Cultist","floor":4,"turns":3},{"damage":12,"enemies":"3 Sentries","floor":6,"turns":7},{"damage":0,"enemies":"Large Slime","floor":7,"turns":2},{"damage":0,"enemies":"Gremlin Nob","floor":10,"turns":2},{"damage":6,"enemies":"Looter","floor":11,"turns":2},{"damage":0,"enemies":"2 Fungi Beasts","floor":12,"turns":2},{"damage":2,"enemies":"3 Sentries","floor":13,"turns":5},{"damage":0,"enemies":"Gremlin Gang","floor":14,"turns":3},{"damage":8,"enemies":"Hexaghost","floor":16,"turns":7},{"damage":12,"enemies":"2 Thieves","floor":18,"turns":3},{"damage":12,"enemies":"3 Byrds","floor":20,"turns":4},{"damage":1,"enemies":"Centurion and Healer","floor":22,"turns":2}],"seed_played":"1845003976347092355","potions_obtained":[{"floor":3,"key":"Strength Potion"},{"floor":6,"key":"GamblersBrew"},{"floor":7,"key":"SkillPotion"},{"floor":13,"key":"Regen Potion"}],"is_trial":true,"path_per_floor":["M","?","M","M","?","E","M","R","T","E","M","M","E","M","R","B",null,"M","?","M","$","M"],"character_chosen":"IRONCLAD","items_purchased":["ClockworkSouvenir","Toxic Egg 2"],"campfire_rested":0,"item_purchase_floors":[21,21],"current_hp_per_floor":[61,66,66,65,54,42,42,42,42,42,36,36,34,34,34,26,67,55,55,43,43,42,42],"gold":22,"neow_bonus":"","is_daily":false,"chose_seed":false,"campfire_upgraded":2,"win_rate":0.0,"timestamp":1613498735,"path_taken":["M","?","M","M","?","E","M","R","T","E","?","M","?","M","R","BOSS","M","?","M","$","M"],"items_purchased_type":["Relic","Relic"],"build_version":"2020-12-22","purchased_purges":0,"victory":false,"max_hp_per_floor":[75,80,80,80,80,80,80,80,80,80,80,80,80,80,80,80,80,80,80,80,80,80,80],"relic_stats":{"counters":[14,48],"Mummified Hand":[0],"Snecko Eye":[80,87,87,72],"Whetstone":["Bash","Strike_R"],"obtain_stats":[{"Mummified Hand":10,"Snecko Eye":0,"Mark of Pain":17,"Bag of Marbles":13,"Whetstone":6,"Toxic Egg 2":21,"ClockworkSouvenir":21},{"Mummified Hand":6,"Snecko Eye":0,"Mark of Pain":11,"Bag of Marbles":9,"Whetstone":4,"Toxic Egg 2":13,"ClockworkSouvenir":13},{"Mummified Hand":20,"Snecko Eye":0,"Mark of Pain":39,"Bag of Marbles":29,"Whetstone":16,"Toxic Egg 2":46,"ClockworkSouvenir":46}]},"card_choices":[{"not_picked":["Armaments","Pommel Strike"],"picked":"Shrug It Off","floor":1},{"not_picked":["Clothesline","Cleave"],"picked":"Battle Trance","floor":3},{"not_picked":["Sever Soul","Battle Trance"],"picked":"Perfected Strike","floor":4},{"not_picked":["Flame Barrier","Thunderclap"],"picked":"Blood for Blood","floor":6},{"not_picked":["Flex","Double Tap"],"picked":"Clothesline","floor":7},{"not_picked":["Shrug It Off","Hemokinesis"],"picked":"Spot Weakness","floor":10},{"not_picked":["Infernal Blade","Clothesline","Perfected Strike"],"picked":"SKIP","floor":11},{"not_picked":["True Grit","Cleave"],"picked":"Pommel Strike","floor":12},{"not_picked":["Havoc","Thunderclap"],"picked":"Limit Break","floor":13},{"not_picked":["Anger","Body Slam"],"picked":"Dark Embrace","floor":14},{"not_picked":["Fiend Fire","Impervious"],"picked":"Bludgeon","floor":16},{"not_picked":["Thunderclap","Pommel Strike"],"picked":"Disarm","floor":18},{"not_picked":["Pummel","Combust","Wild Strike"],"picked":"SKIP","floor":20}],"player_experience":730477,"relics_obtained":[{"floor":6,"key":"Whetstone"},{"floor":10,"key":"Mummified Hand"},{"floor":13,"key":"Bag of Marbles"}],"event_choices":[{"damage_healed":0,"gold_gain":0,"player_choice":"Donut","damage_taken":0,"max_hp_gain":5,"max_hp_loss":0,"event_name":"Big Fish","floor":2,"gold_loss":0},{"damage_healed":0,"gold_gain":75,"player_choice":"Gather Gold","damage_taken":11,"max_hp_gain":0,"max_hp_loss":0,"event_name":"World of Goop","floor":5,"gold_loss":0},{"damage_healed":0,"gold_gain":0,"player_choice":"Read","damage_taken":0,"max_hp_gain":0,"max_hp_loss":0,"event_name":"The Library","floor":19,"gold_loss":0,"cards_obtained":["Flame Barrier"]}],"is_beta":false,"boss_relics":[{"not_picked":["Sozu","Busted Crown"],"picked":"Mark of Pain"}],"items_purged_floors":[],"is_endless":false,"potions_floor_spawned":[3,6,7,13,20],"killed_by":"Centurion and Healer","ascension_level":20}}