{"host":"c1oza4x7xlyuasvd","time":1613490838,"event":{"mods":["ATMod(°¢èªMod)","Act Like it!","BaseMod","Better Vampires","Colored Powertips","Gensokyo","Marisa£¨ìFÓê¡¡Ä§ÀíÉ³£©","Minty Spire (QoL Compilation)","MostiFishMod","Reimu£¨²©ÀöÁéÃÎ£©","StSLib","TestMod","Waifu the Spire","Youmu£¨»êÆÇÑýÃÎ£©"],"gold_per_floor":[119,119,137,537,557,591,591,604,676,676,351,383,483,512,512,611,611,625,625,625,643,662,687,687,699,726,626,652,229,22,22,22,125,125,440,440,440],"floor_reached":36,"language":"ZHS","playtime":2322,"items_purged":["Pain","Injury","Strike_YM"],"score":543,"play_id":"a7b29b78-09ea-4236-9645-9ff1b86778c1","local_time":"20210216235358","is_ascension_mode":false,"campfire_choices":[{"data":"AT_Dispersion","floor":15,"key":"SMITH"},{"data":"Gensokyo:TurboGranny","floor":24,"key":"SMITH"},{"floor":32,"key":"RECALL"}],"circlet_count":0,"master_deck":["Strike_YM","Strike_YM","Strike_YM","Defend_YM","Defend_YM","Defend_YM","Defend_YM","SlashOfPresentWorld","WheelOfPainOfLivingAndDead","AT_Dispersion+1","HellFireSword","GhostSword","CelestialStarSword","SwordExtraction","HeavenlyHaloSlash","MatsuyoiReflectingSatelliteSlash","Gensokyo:TurboGranny+1","Gensokyo:ManorOfTheDishes+1","MatsuyoiReflectingSatelliteSlash","RapidSlash","Gensokyo:TarnishedGold"],"relics":["HalfPhantom","AT_ATBox","DaveBox","testmod-ArcanaOfDestiny","Civilization","NeowsBlessing","SynthV:TestCard","Gensokyo:LunaticRedEyes","ArrowTower","testmod-IndustrialRevolution","FencingExperience","Ginger","StrikeDummy","NightmareShop","testmod-RandomTest","AT_BladeRuinedKing","testmod-TurbochargingSystem","AT_TheCollector","testmod-Register","Gensokyo:SongOfSouls","Black Star"],"acts_visited":["Exordium","Gensokyo:Gensokyo","Gensokyo:Gensokyoer"],"potions_floor_usage":[],"damage_taken":[{"damage":0,"enemies":"Gensokyo:Python","floor":1,"turns":1},{"damage":0,"enemies":"Gensokyo:3_Fairies","floor":3,"turns":3},{"damage":0,"enemies":"Gensokyo:Gryphon","floor":5,"turns":1},{"damage":37,"enemies":"Gensokyo:Cirno","floor":6,"turns":10},{"damage":0,"enemies":"Gensokyo:VengefulSpirit","floor":8,"turns":4},{"damage":2,"enemies":"Gensokyo:Aya","floor":12,"turns":4},{"damage":10,"enemies":"Gensokyo:Cirno","floor":14,"turns":5},{"damage":19,"enemies":"Gensokyo:Yukari","floor":16,"turns":7},{"damage":0,"enemies":"Gensokyo:3_Dogs","floor":18,"turns":3},{"damage":0,"enemies":"Gensokyo:CosmicMonolith","floor":21,"turns":1},{"damage":0,"enemies":"Gensokyo:Chomper_and_Gloop","floor":22,"turns":4},{"damage":0,"enemies":"Gensokyo:Koishi","floor":23,"turns":3},{"damage":0,"enemies":"Gensokyo:Slime_Group","floor":25,"turns":3},{"damage":0,"enemies":"Gensokyo:Tenshi","floor":28,"turns":2},{"damage":21,"enemies":"Gensokyo:Kaguya","floor":33,"turns":6},{"damage":0,"enemies":"Gensokyo:AncientGuardian","floor":35,"turns":4},{"damage":0,"enemies":"Gensokyo:3_Boulders","floor":36,"turns":1}],"seed_played":"-4916201116493919514","potions_obtained":[{"floor":1,"key":"Regen Potion"},{"floor":3,"key":"ZuzhouPotion:ReiMu"},{"floor":14,"key":"SwordSoul"},{"floor":28,"key":"Swift Potion"}],"is_trial":false,"path_per_floor":["M","?","M","?","M","E","?","M","T","?","$","E","?","E","R","B",null,"M","?","?","M","M","E","R","M","T","$","E","$","COS","?","R","B",null,"M","M"],"character_chosen":"YOUMU","items_purchased":["FencingExperience","AT_TheCollector"],"campfire_rested":0,"item_purchase_floors":[11,29],"current_hp_per_floor":[76,76,77,77,79,44,44,47,47,47,47,49,49,43,43,29,97,102,92,92,97,102,107,107,112,112,112,117,117,117,117,117,101,122,127,127,127],"gold":440,"neow_bonus":"THREE_ENEMY_KILL","is_daily":false,"chose_seed":false,"campfire_upgraded":2,"win_rate":0.0,"timestamp":1613490838,"path_taken":["M","?","M","?","M","E","?","M","T","?","$","E","?","E","R","BOSS","M","?","?","M","M","E","R","M","T","$","E","?","COS","?","R","BOSS","M","M"],"items_purchased_type":["Relic","Relic"],"build_version":"2020-12-22","purchased_purges":3,"victory":false,"max_hp_per_floor":[76,76,77,77,79,81,81,84,84,84,84,88,88,92,92,97,97,102,92,92,97,102,107,107,112,112,112,117,117,117,117,117,122,122,127,127,127],"card_choices":[{"not_picked":["HiganSword","LifeCuttingSword","ThreeKonsSevenHakus"],"picked":"SKIP","floor":1},{"not_picked":["LifeCuttingSword","DoubleWheelOfPain","CrescentMoonSlash","FantasyOfEnteringEnlightenment","TenKingsRetributionOnThePreta"],"picked":"SKIP","floor":3},{"not_picked":["FlashingScatteredFlowers","CrescentMoonSlash","SlashOfMeditation","TwoHundredYojanaInOneSlash"],"picked":"HellFireSword","floor":5},{"not_picked":["HumanKnowledgeSword","HumanGodSword","LotusPostureSlash","SwordOfBindingDesires"],"picked":"GhostSword","floor":6},{"not_picked":["HumanKnowledgeSword","TransmigrationSlash","CrescentMoonSlash","ObsessionWithThePresentWorld"],"picked":"CelestialStarSword","floor":7},{"not_picked":["HeartExcerptSlash","LifeCuttingSword","HumanKnowledgeSword","SpiritCuttingSword"],"picked":"SwordExtraction","floor":8},{"not_picked":["TenKingsRetributionOnThePreta","CrescentMoonSlash","PhosphoricSlash","VoidnessSword","LifeCuttingSword"],"picked":"SKIP","floor":12},{"not_picked":["ObsessionWithThePresentWorld","ThoughtCuttingSword","LifeCuttingSword","DispleasureOfTheSevenHakus"],"picked":"HeavenlyHaloSlash","floor":14},{"not_picked":["FastingOfTheYoungPreta","StrangeHalfBody","GreatEnlightenmentAppearingAndDisappearing","AsuraSword"],"picked":"MatsuyoiReflectingSatelliteSlash","floor":16},{"not_picked":["GhostSword+1","TenKingsRetributionOnThePreta","LowerRealmReflectionSlash","HiganSword+1","CherryBlossomFlashing"],"picked":"SKIP","floor":18},{"not_picked":["Gensokyo:ManorOfTheDishes","Gensokyo:MenInBlack","Gensokyo:HAARP","Gensokyo:TekeTeke"],"picked":"Gensokyo:TurboGranny","floor":19},{"not_picked":["FlashingScatteredFlowers","LowerRealmReflectionSlash","SlashOfAscensionToBuddhahood","CrescentMoonSlash+1"],"picked":"MatsuyoiReflectingSatelliteSlash","floor":21},{"not_picked":["SanzenSekai","SpiritCuttingSword+1","CherryBlossomFlashing","DispleasureOfTheSevenHakus","CrescentMoonSlash"],"picked":"SKIP","floor":22},{"not_picked":["SwordExtraction","GreatEnlightenmentAppearingAndDisappearing","PhosphoricSlash+1","LowerRealmReflectionSlash","HumanKnowledgeSword"],"picked":"SKIP","floor":23},{"not_picked":["SlashOfDelusionalInnerEye","SwordExtraction","LowerRealmReflectionSlash","DispleasureOfTheSevenHakus","FourBirthsSword"],"picked":"SKIP","floor":25},{"not_picked":["SpiritMediumsBind","HumanKnowledgeSword+1","PhosphoricSlash","HeavenSword"],"picked":"RapidSlash","floor":28},{"not_picked":["LowerRealmReflectionSlash+1","HumanRealmSword","RapidSlash+1","SpiritMediumsBind+1","SpiritCuttingSword"],"picked":"SKIP","floor":35}],"player_experience":212959,"relics_obtained":[{"floor":1,"key":"SynthV:TestCard"},{"floor":6,"key":"ArrowTower"},{"floor":12,"key":"Ginger"},{"floor":14,"key":"StrikeDummy"},{"floor":23,"key":"testmod-RandomTest"},{"floor":26,"key":"AT_BladeRuinedKing"},{"floor":28,"key":"testmod-TurbochargingSystem"}],"event_choices":[{"damage_healed":0,"gold_gain":400,"player_choice":"Sell","damage_taken":0,"max_hp_gain":0,"max_hp_loss":0,"event_name":"¶÷ÂåË¹µÄÅÌ×Ó","floor":4,"relics_lost":["testmod-TestBox"],"gold_loss":0}],"is_beta":false,"boss_relics":[{"not_picked":["SlaversCollar","ExusiaiGun"],"picked":"NightmareShop"},{"not_picked":["MoonlightInvasionPlan","testmod-Fanaticism"],"picked":"Black Star"}],"items_purged_floors":[11,27,29],"is_endless":false,"potions_floor_spawned":[1,3,14,16,18,25,28,33],"killed_by":"Gensokyo:3_Boulders","ascension_level":0}}