{"host":"vrsxkkch9ccrec7k","time":1613515268,"event":{"mods":["Act Like it!","BaseMod","Bestiary","Better Altar","Better Match","Better Note","Better Sensory Stone","Better Skull","Better Third Choice","Better Vampires","Downfall","Minty Spire (QoL Compilation)","Permanent Neow","Relic Stats","Spicy Shops","StSLib"],"gold_per_floor":[99,118,137,153,164,176,203,203,213,213,244,244,244,0,10,88,88,88,101,119,139,24,24,24,44,72,91,91,91,91],"floor_reached":28,"language":"ENG","playtime":2022,"items_purged":["champ:Strike","champ:Strike"],"score":427,"play_id":"c96684fd-3944-4b05-b6fa-0d7d49e8d5e6","local_time":"20210216174108","is_ascension_mode":true,"campfire_choices":[{"data":"champ:Taunt","floor":1.0,"key":"SMITH"},{"data":"champ:PreemptiveStrike","floor":10.0,"key":"SMITH"},{"floor":12.0,"key":"REST"},{"data":"champ:MurderStrike","floor":18.0,"key":"SMITH"},{"data":"champ:PreemptiveStrike","floor":23.0,"key":"SMITH"}],"circlet_count":0,"master_deck":["AscendersBane","champ:Strike","champ:Strike","champ:Defend","champ:Defend","champ:Defend","champ:Defend","champ:Execute","champ:Taunt+1","champ:DefensiveStyle","champ:PreciseThrust+1","champ:FanOfKnives+1","champ:PreemptiveStrike+1","champ:SetATrap","champ:EnGarde","champ:PreemptiveStrike+1","champ:StrikeOfGenius","champ:GladiatorStyle","champ:MurderStrike+1","champ:FalseCounter","champ:Circumvent","champ:IgnorePain"],"relics":["champ:ChampionCrown","Whetstone","HornCleat","Omamori","ClockworkSouvenir","Velvet Choker","Singing Bowl","champ:DefensiveTrainingManual"],"acts_visited":["Exordium","TheCity"],"potions_floor_usage":[],"damage_taken":[{"damage":21.0,"enemies":"Cultist","floor":2.0,"turns":3.0},{"damage":10.0,"enemies":"2 Louse","floor":3.0,"turns":2.0},{"damage":20.0,"enemies":"Small Slimes","floor":4.0,"turns":5.0},{"damage":12.0,"enemies":"3 Louse","floor":5.0,"turns":3.0},{"damage":21.0,"enemies":"Lots of Slimes","floor":6.0,"turns":3.0},{"damage":18.0,"enemies":"Large Slime","floor":9.0,"turns":4.0},{"damage":30.0,"enemies":"Gremlin Nob","floor":11.0,"turns":4.0},{"damage":10.0,"enemies":"downfall:FleeingMerchant","floor":14.0,"turns":4.0},{"damage":10.0,"enemies":"3 Louse","floor":15.0,"turns":4.0},{"damage":41.0,"enemies":"WA_ARCHETYPE_RETAIN","floor":16.0,"turns":9.0},{"damage":19.0,"enemies":"3 Byrds","floor":19.0,"turns":6.0},{"damage":10.0,"enemies":"Spheric Guardian","floor":20.0,"turns":3.0},{"damage":34.0,"enemies":"Snake Plant","floor":21.0,"turns":6.0},{"damage":10.0,"enemies":"downfall:FleeingMerchant","floor":22.0,"turns":4.0},{"damage":27.0,"enemies":"Snecko","floor":25.0,"turns":5.0},{"damage":30.0,"enemies":"Slavers","floor":26.0,"turns":4.0},{"damage":19,"enemies":"Shelled Parasite and Fungi","floor":27,"turns":6},{"damage":8,"enemies":"3 Cultists","floor":28,"turns":3}],"seed_played":"-726827524029103878","potions_obtained":[{"floor":2.0,"key":"Swift Potion"},{"floor":3.0,"key":"SteroidPotion"},{"floor":6.0,"key":"DistilledChaos"},{"floor":15.0,"key":"AttackPotion"},{"floor":19.0,"key":"LiquidMemories"},{"floor":20.0,"key":"PowerPotion"},{"floor":21.0,"key":"Fire Potion"}],"is_trial":false,"path_per_floor":["R","M","M","M","M","M","T","T","M","R","E","R","?","$","M","B",null,"R","M","M","M","$","R","T","M","E","M","M"],"character_chosen":"THE_CHAMP","items_purchased":["ClockworkSouvenir"],"campfire_rested":1,"item_purchase_floors":[14],"current_hp_per_floor":[81,80,80,70,68,57,57,57,49,49,39,65,65,65,65,44,78,78,69,69,50,50,50,50,40,20,4,0,0,0],"gold":91,"neow_bonus":"TEN_PERCENT_HP_BONUS","is_daily":false,"chose_seed":false,"campfire_upgraded":4,"win_rate":0.0,"timestamp":1613515268,"path_taken":["R","M","M","M","M","M","T","?","M","R","E","R","?","$","M","BOSS","R","M","M","M","?","R","T","M","E","M","M"],"items_purchased_type":["Relic"],"build_version":"2020-12-22","purchased_purges":2,"victory":false,"max_hp_per_floor":[89,89,89,89,89,89,89,89,89,89,89,89,89,89,89,89,89,89,89,89,89,89,89,89,91,91,93,93,93,93],"relic_stats":{"Singing Bowl":4,"counters":[18,78],"Whetstone":["champ:FanOfKnives","champ:PreciseThrust"],"obtain_stats":[{"HornCleat":8,"Singing Bowl":24,"champ:DefensiveTrainingManual":26,"Velvet Choker":17,"champ:ChampionCrown":0,"Omamori":11,"Whetstone":7,"ClockworkSouvenir":14},{"HornCleat":5,"Singing Bowl":14,"champ:DefensiveTrainingManual":16,"Velvet Choker":10,"champ:ChampionCrown":0,"Omamori":7,"Whetstone":5,"ClockworkSouvenir":8},{"HornCleat":16,"Singing Bowl":60,"champ:DefensiveTrainingManual":69,"Velvet Choker":41,"champ:ChampionCrown":0,"Omamori":24,"Whetstone":16,"ClockworkSouvenir":28}]},"card_choices":[{"not_picked":["champ:FalseCounter","champ:RageSigil","champ:PreemptiveStrike"],"picked":"SKIP","floor":2.0},{"not_picked":["champ:DefensiveShout","champ:PerfectedStrike"],"picked":"champ:DefensiveStyle","floor":3.0},{"not_picked":["champ:DefensiveShout","champ:BerserkersShout"],"picked":"champ:PreciseThrust","floor":4.0},{"not_picked":["champ:ShieldSigil","champ:BringItOn"],"picked":"champ:FanOfKnives","floor":5.0},{"not_picked":["champ:BerserkersShout","champ:PerfectedStrike"],"picked":"champ:PreemptiveStrike","floor":6.0},{"not_picked":["champ:BringItOn","champ:PerfectedStrike"],"picked":"champ:SetATrap","floor":9.0},{"not_picked":["champ:SetATrap","champ:RisingSlash"],"picked":"champ:EnGarde","floor":11.0},{"not_picked":["champ:BerserkersShout","champ:PreciseThrust","champ:EnGarde"],"picked":"SKIP","floor":14.0},{"not_picked":["champ:FanOfKnives","champ:EnGarde"],"picked":"champ:GladiatorStyle","floor":15.0},{"not_picked":["champ:EnchantCrown","champ:Devastate"],"picked":"champ:MurderStrike","floor":16.0},{"not_picked":["champ:BerserkersShout+1","champ:BladeFlurry"],"picked":"champ:FalseCounter","floor":19.0},{"not_picked":["champ:AdrenalArmor","champ:BringItOn","champ:CrownThrow"],"picked":"SKIP","floor":20.0},{"not_picked":["champ:RisingSlash","champ:GutPunch","champ:FaceSlap"],"picked":"SKIP","floor":21.0},{"not_picked":["champ:FocusedBerserking","champ:PerfectedStrike"],"picked":"champ:Circumvent","floor":22.0},{"not_picked":["champ:StanceDance","champ:DefensiveStyle+1","champ:FocusedBerserking"],"picked":"Singing Bowl","floor":25.0},{"not_picked":["champ:DeathBlow","champ:SkillfulDodge"],"picked":"champ:IgnorePain","floor":26.0},{"not_picked":["champ:Backstep","champ:DefensiveShout","champ:FancyFootwork"],"picked":"Singing Bowl","floor":27}],"player_experience":1936163,"relics_obtained":[{"floor":7.0,"key":"Whetstone"},{"floor":8.0,"key":"HornCleat"},{"floor":11.0,"key":"Omamori"},{"floor":24.0,"key":"Singing Bowl"},{"floor":26.0,"key":"champ:DefensiveTrainingManual"}],"event_choices":[],"is_beta":false,"boss_relics":[{"not_picked":["Philosopher\u0027s Stone","bronze:MakeshiftBattery"],"picked":"Velvet Choker"}],"items_purged_floors":[14,22],"is_endless":false,"potions_floor_spawned":[2,3,6,9,15,19,20,21,25],"killed_by":"3 Cultists","ascension_level":15}}