{"host":"7e6a7vfmtx61a48y","time":1613494077,"event":{"mods":["BaseMod","Better Note","BetterRewards","Block Reminder","Colored Powertips","Curses Come First","Gremlin Skip","Hubris","Minty Spire (QoL Compilation)","Quick Restart","Rare Cards Sparkle","Reliquary","StSLib","SuperFastMode"],"gold_per_floor":[116,116,131,145,156,156,168,168,193,221,233,247,27,59,59,155,155,172,172,191,210,110,138,138,170,222,242,242,253,253,267,267,365,365,381,400,48,0,0,0,17,51,51,68,68,68,17,17,17,17],"floor_reached":51,"language":"ENG","playtime":2333,"items_purged":["Strike_G","Defend_G","Strike_G"],"score":1071,"play_id":"b4a1edaa-df60-486d-b88a-368a42264b53","local_time":"20210217004757","is_ascension_mode":true,"campfire_choices":[{"data":"Noxious Fumes","floor":6.0,"key":"SMITH"},{"data":"Flying Knee","floor":8.0,"key":"SMITH"},{"data":"hubris:Counter","floor":15.0,"key":"SMITH"},{"floor":24.0,"key":"REST"},{"floor":28,"key":"REST"},{"floor":30,"key":"REST"},{"data":"Terror","floor":32,"key":"SMITH"},{"floor":40,"key":"REST"},{"floor":45,"key":"REST"},{"floor":49,"key":"REST"}],"circlet_count":0,"master_deck":["Strike_G+1","Strike_G+1","Strike_G+1","Defend_G+1","Defend_G+1","Defend_G+1","Defend_G+1","Survivor+1","Neutralize+1","Blade Dance+1","Noxious Fumes+1","PiercingWail+1","Dash+1","Flying Knee+1","hubris:Counter+1","Adrenaline+1","Terror+1","Deflect+1","Noxious Fumes+1","Sucker Punch+1","hubris:Counter+1","Die Die Die+1","Glass Knife+1","Slice+1","Caltrops+1","Adrenaline+1","Quick Slash+1"],"relics":["Ring of the Snake","Bronze Scales","ClockworkSouvenir","Bag of Marbles","Toolbox","hubris:OldNail","reliquary:RedPaperclip","Kunai","Molten Egg 2","Tough Bandages","Orichalcum","hubris:RunicObelisk","reliquary:FingerTrap","Red Mask","hubris:MysteriousPyramids","Pantograph","Mark of the Bloom"],"acts_visited":["Exordium","TheCity","TheBeyond"],"potions_floor_usage":[25,31,42,50,50,50],"damage_taken":[{"damage":0.0,"enemies":"2 Louse","floor":1.0,"turns":3.0},{"damage":1.0,"enemies":"Cultist","floor":3.0,"turns":4.0},{"damage":2.0,"enemies":"Jaw Worm","floor":4.0,"turns":5.0},{"damage":2.0,"enemies":"Exordium Wildlife","floor":5.0,"turns":6.0},{"damage":0.0,"enemies":"Lots of Slimes","floor":7.0,"turns":3.0},{"damage":0.0,"enemies":"Gremlin Nob","floor":10.0,"turns":2.0},{"damage":0.0,"enemies":"Looter","floor":11.0,"turns":3.0},{"damage":1.0,"enemies":"Large Slime","floor":12.0,"turns":6.0},{"damage":2.0,"enemies":"3 Sentries","floor":14.0,"turns":5.0},{"damage":36.0,"enemies":"Slime Boss","floor":16.0,"turns":10.0},{"damage":0.0,"enemies":"3 Byrds","floor":18.0,"turns":3.0},{"damage":0.0,"enemies":"Spheric Guardian","floor":20.0,"turns":3.0},{"damage":4.0,"enemies":"Shelled Parasite and Fungi","floor":21.0,"turns":5.0},{"damage":27.0,"enemies":"Book of Stabbing","floor":23.0,"turns":4.0},{"damage":30,"enemies":"Gremlin Leader","floor":25,"turns":5},{"damage":0,"enemies":"Snake Plant","floor":27,"turns":3},{"damage":15,"enemies":"Centurion and Healer","floor":29,"turns":4},{"damage":7,"enemies":"Snecko","floor":31,"turns":3},{"damage":50,"enemies":"hubris:MusketHawk","floor":33,"turns":7},{"damage":10,"enemies":"3 Shapes","floor":35,"turns":2},{"damage":0,"enemies":"Orb Walker","floor":36,"turns":2},{"damage":20,"enemies":"Maw","floor":41,"turns":6},{"damage":61,"enemies":"Nemesis","floor":42,"turns":7},{"damage":5,"enemies":"Spire Growth","floor":44,"turns":4},{"damage":37,"enemies":"Awakened One","floor":50,"turns":10}],"seed_played":"-5412361749269033963","potions_obtained":[{"floor":1.0,"key":"BlessingOfTheForge"},{"floor":4.0,"key":"Fire Potion"},{"floor":7.0,"key":"LiquidBronze"},{"floor":10.0,"key":"Fruit Juice"},{"floor":12.0,"key":"EntropicBrew"},{"floor":18.0,"key":"Fruit Juice"},{"floor":25,"key":"SpeedPotion"},{"floor":29,"key":"ColorlessPotion"},{"floor":31,"key":"Ancient Potion"},{"floor":36,"key":"PowerPotion"},{"floor":42,"key":"Weak Potion"}],"is_trial":false,"path_per_floor":["M","?","M","M","M","R","M","R","T","E","M","M","$","E","R","B",null,"M","?","M","M","$","E","R","E","T","M","R","M","R","M","R","B",null,"M","M","$","?","?","R","M","E","T","M","R","NS","$","?","R","B",null],"character_chosen":"THE_SILENT","items_purchased":["Bronze Scales","ClockworkSouvenir","Gremlin Horn","Toolbox","reliquary:FingerTrap","Caltrops","SkillPotion"],"campfire_rested":6,"item_purchase_floors":[0,0,0,13,37,37,47],"current_hp_per_floor":[63,63,62,60,58,58,58,58,58,63,63,62,62,60,60,24,62,67,67,67,63,63,36,60,30,30,30,54,39,63,56,56,6,62,52,52,52,52,52,76,56,24,24,19,43,43,43,43,43,6],"gold":17,"neow_bonus":"","is_daily":false,"chose_seed":false,"campfire_upgraded":4,"win_rate":0.0,"timestamp":1613494077,"path_taken":["M","?","M","M","M","R","M","R","T","E","?","M","$","E","R","BOSS","M","?","M","M","$","E","R","E","T","M","R","M","R","M","R","BOSS","M","M","$","?","?","R","M","E","T","?","R","NS","$","?","R","BOSS"],"items_purchased_type":["Relic","Relic","Relic","Relic","Relic","Card","Potion"],"build_version":"2020-12-22","purchased_purges":3,"victory":true,"max_hp_per_floor":[70,70,70,70,70,70,70,70,70,75,75,75,75,75,75,75,75,80,80,80,80,80,80,80,80,80,80,80,80,80,80,80,80,80,80,80,80,80,80,80,80,80,80,80,80,80,80,80,80,80],"card_choices":[{"not_picked":["Outmaneuver","Deflect"],"picked":"Blade Dance","floor":1.0},{"not_picked":["Crippling Poison","Underhanded Strike"],"picked":"Noxious Fumes","floor":3.0},{"not_picked":["Tactician","Poisoned Stab"],"picked":"PiercingWail","floor":4.0},{"not_picked":["Dagger Spray","Calculated Gamble"],"picked":"Dash","floor":5.0},{"not_picked":["Poisoned Stab","Cloak And Dagger"],"picked":"Flying Knee","floor":7.0},{"not_picked":["Underhanded Strike","Flying Knee","Night Terror"],"picked":"SKIP","floor":10.0},{"not_picked":["Slice","Sucker Punch"],"picked":"hubris:Counter","floor":11.0},{"not_picked":["Acrobatics","Predator","Reflex"],"picked":"SKIP","floor":12.0},{"not_picked":["PiercingWail","Malaise","Prepared"],"picked":"SKIP","floor":14.0},{"not_picked":["Grand Finale","Corpse Explosion"],"picked":"Adrenaline","floor":16.0},{"not_picked":["Setup","Prepared+1","Cloak And Dagger"],"picked":"SKIP","floor":18.0},{"not_picked":["Predator+1","Blade Dance+1"],"picked":"Terror","floor":20.0},{"not_picked":["Dagger Throw","Backflip"],"picked":"Deflect","floor":21.0},{"not_picked":["Blade Dance","Reflex"],"picked":"Noxious Fumes+1","floor":23.0},{"not_picked":["Dagger Throw+1","Prepared+1"],"picked":"Sucker Punch+1","floor":25},{"not_picked":["hubris:SlightOfHand","Deflect"],"picked":"hubris:Counter+1","floor":27},{"not_picked":["Slice+1","All Out Attack+1"],"picked":"Die Die Die+1","floor":29},{"not_picked":["Acrobatics","Bouncing Flask","Deadly Poison"],"picked":"SKIP","floor":31},{"not_picked":["Bullet Time","Unload+1"],"picked":"Glass Knife+1","floor":33},{"not_picked":["Distraction","Flying Knee+1","Setup+1"],"picked":"SKIP","floor":35},{"not_picked":["All Out Attack+1","Accuracy"],"picked":"Slice+1","floor":36},{"not_picked":["Dodge and Roll+1","Blade Dance+1","hubris:SlightOfHand"],"picked":"SKIP","floor":41},{"not_picked":["hubris:Sniper+1","Deflect+1"],"picked":"Quick Slash+1","floor":42},{"not_picked":["Dagger Throw+1","Expertise+1","hubris:SlightOfHand"],"picked":"SKIP","floor":44}],"player_experience":363765,"relics_obtained":[{"floor":9.0,"key":"Bag of Marbles"},{"floor":10.0,"key":"Art of War"},{"floor":14.0,"key":"hubris:OldNail"},{"floor":23.0,"key":"Molten Egg 2"},{"floor":25,"key":"Tough Bandages"},{"floor":26,"key":"Orichalcum"},{"floor":42,"key":"hubris:MysteriousPyramids"},{"floor":43,"key":"Pantograph"}],"event_choices":[{"damage_healed":0.0,"max_hp_gain":0.0,"max_hp_loss":0.0,"gold_gain":0.0,"event_name":"WeMeetAgain","player_choice":"Ignored","floor":2.0,"gold_loss":0.0,"damage_taken":0.0},{"damage_healed":0.0,"max_hp_gain":0.0,"max_hp_loss":0.0,"gold_gain":0.0,"event_name":"The Mausoleum","player_choice":"Opened","floor":19.0,"gold_loss":0.0,"damage_taken":0.0,"relics_obtained":["Kunai"]},{"damage_healed":0,"gold_gain":0,"player_choice":"Paid","damage_taken":0,"relics_obtained":["Red Mask"],"max_hp_gain":0,"max_hp_loss":0,"event_name":"Tomb of Lord Red Mask","floor":38,"gold_loss":48},{"damage_healed":0,"gold_gain":0,"player_choice":"Copied","damage_taken":0,"max_hp_gain":0,"max_hp_loss":0,"event_name":"Duplicator","floor":39,"gold_loss":0,"cards_obtained":["Adrenaline"]},{"damage_healed":0,"gold_gain":0,"player_choice":"Upgrade","damage_taken":0,"relics_obtained":["Mark of the Bloom"],"max_hp_gain":0,"max_hp_loss":0,"event_name":"MindBloom","floor":48,"gold_loss":0,"cards_upgraded":["Strike_G","Strike_G","Strike_G","Defend_G","Defend_G","Defend_G","Defend_G","Survivor","Neutralize","Blade Dance","PiercingWail","Dash","Adrenaline","Deflect","Adrenaline"]}],"is_beta":false,"boss_relics":[{"not_picked":["Fusion Hammer","hubris:CrackedHourglass"],"picked":"reliquary:RedPaperclip"},{"not_picked":["reliquary:RedCape","hubris:VirtuousBlindfold"],"picked":"hubris:RunicObelisk"}],"items_purged_floors":[13,22,37],"is_endless":false,"potions_floor_spawned":[1,4,7,10,12,18,25,29,31,33,36,42],"ascension_level":9}}