{"host":"cpsutu8lprjuipd6","time":1613480850,"event":{"mods":["BaseMod","Colored Map","Minty Spire (QoL Compilation)","Permanent Neow","StSLib","SuperFastMode","The Bug Knight","Together in Spire"],"gold_per_floor":[123,142,142,171,197,197,218,289,289,289,289,289,341,369,369,497,497,521,521,571,594,619,663,663,706,706,706,706,751,433,382,382,515,515,539,564,607,707,102,102,75,75,156,156,201,201,216,245,245,245,245,245,89,132,132,132],"floor_reached":55,"language":"KOR","playtime":4139,"items_purged":["Strike_G","Strike_G"],"score":838,"play_id":"b8f76ba5-7270-473f-8dfe-da920f2ae4cf","local_time":"20210216220730","is_ascension_mode":true,"campfire_choices":[{"data":"Dagger Spray","floor":6.0,"key":"SMITH"},{"floor":11.0,"key":"REST"},{"data":"Finisher","floor":15.0,"key":"SMITH"},{"floor":24,"key":"REST"},{"floor":27,"key":"REST"},{"floor":32,"key":"RECALL"},{"floor":40,"key":"REST"},{"floor":42,"key":"REST"},{"floor":46,"key":"REST"},{"floor":49,"key":"REST"},{"floor":52,"key":"REST"}],"circlet_count":0,"master_deck":["Strike_G","Strike_G","Defend_G+1","Defend_G","Defend_G+1","Defend_G+1","Defend_G","Survivor","Neutralize","Dagger Spray+1","Finisher+1","Finisher","Blade Dance","Endless Agony","Acrobatics","Dagger Throw","Prepared","Burst","PiercingWail","Endless Agony+1","Dagger Spray","Dagger Throw+1","Infinite Blades+1","Riddle With Holes","Infinite Blades+1","Backflip","Adrenaline","Dagger Spray","PiercingWail+1","Escape Plan","Infinite Blades+1","Terror+1","Escape Plan+1","Finisher+1"],"relics":["Ring of the Snake","CeramicFish","War Paint","Snake Skull","Golden Idol","Frozen Egg 2","Black Star","Enchiridion","Bag of Marbles","Blood Vial","Mango","Calipers","Centennial Puzzle","Lantern","Vajra","HollowMod:PaleOreRelic","Fusion Hammer","Toxic Egg 2","Letter Opener","Mercury Hourglass","Darkstone Periapt","InkBottle","Happy Flower","Ornamental Fan","HollowMod:LifeEnderRelic"],"acts_visited":["Exordium","TheCity","TheBeyond","TheEnding"],"potions_floor_usage":[25,25,33,37,50],"damage_taken":[{"damage":3.0,"enemies":"2 Louse","floor":1.0,"turns":3.0},{"damage":0.0,"enemies":"Cultist","floor":2.0,"turns":4.0},{"damage":0.0,"enemies":"Small Slimes","floor":4.0,"turns":3.0},{"damage":3.0,"enemies":"Blue Slaver","floor":5.0,"turns":4.0},{"damage":9.0,"enemies":"Large Slime","floor":7.0,"turns":5.0},{"damage":2.0,"enemies":"3 Sentries","floor":8.0,"turns":4.0},{"damage":2.0,"enemies":"3 Sentries","floor":13.0,"turns":6.0},{"damage":0.0,"enemies":"Exordium Thugs","floor":14.0,"turns":3.0},{"damage":24.0,"enemies":"The Guardian","floor":16.0,"turns":12.0},{"damage":2.0,"enemies":"Spheric Guardian","floor":18.0,"turns":3.0},{"damage":5.0,"enemies":"Shell Parasite","floor":21.0,"turns":3.0},{"damage":10.0,"enemies":"3 Cultists","floor":22.0,"turns":5.0},{"damage":30.0,"enemies":"HollowMod:Nosk","floor":23.0,"turns":5.0},{"damage":18,"enemies":"Gremlin Leader","floor":25,"turns":3},{"damage":23,"enemies":"Book of Stabbing","floor":29,"turns":6},{"damage":56,"enemies":"Automaton","floor":33,"turns":7},{"damage":20,"enemies":"3 Shapes","floor":35,"turns":2},{"damage":0,"enemies":"3 Darklings","floor":36,"turns":2},{"damage":4,"enemies":"Writhing Mass","floor":37,"turns":6},{"damage":39,"enemies":"Nemesis","floor":45,"turns":5},{"damage":36,"enemies":"4 Shapes","floor":47,"turns":2},{"damage":7,"enemies":"Maw","floor":48,"turns":5},{"damage":34,"enemies":"Donu and Deca","floor":50,"turns":6},{"damage":44,"enemies":"Shield and Spear","floor":54,"turns":4},{"damage":69,"enemies":"The Heart","floor":55,"turns":2}],"seed_played":"7348491725636913039","potions_obtained":[{"floor":2.0,"key":"Fire Potion"},{"floor":4.0,"key":"PowerPotion"},{"floor":7.0,"key":"GhostInAJar"},{"floor":18.0,"key":"Explosive Potion"},{"floor":21.0,"key":"ColorlessPotion"},{"floor":29,"key":"SteroidPotion"},{"floor":33,"key":"Fire Potion"},{"floor":36,"key":"Weak Potion"}],"is_trial":false,"path_per_floor":["M","M","?","M","M","R","M","?","T","?","R","?","E","M","R","B",null,"M","?","?","M","M","E","R","E","T","R","?","E","$","?","R","B",null,"M","M","M","?","$","R","$","R","T","?","E","R","M","M","R","B",null,"R","$","E","B"],"character_chosen":"THE_SILENT","items_purchased":["Infinite Blades+1","Vajra","Backflip","Toxic Egg 2","Letter Opener","Infinite Blades+1","Happy Flower"],"campfire_rested":8,"item_purchase_floors":[30,30,30,39,39,41,53],"current_hp_per_floor":[67,67,67,67,64,64,55,53,53,36,57,57,55,55,55,31,70,68,52,52,47,37,7,28,26,26,51,79,58,58,58,58,4,84,64,66,64,64,64,84,84,84,84,81,42,66,32,27,51,19,81,81,81,37,0,0],"gold":132,"neow_bonus":"RANDOM_COMMON_RELIC","is_daily":false,"chose_seed":false,"campfire_upgraded":2,"win_rate":0.0,"timestamp":1613480850,"path_taken":["M","M","?","M","?","R","M","?","T","?","R","?","E","?","R","BOSS","M","?","?","?","M","E","R","E","T","R","?","E","$","?","R","BOSS","M","?","M","?","?","R","$","R","T","?","E","R","?","M","R","BOSS","R","$","E","BOSS"],"items_purchased_type":["Card","Relic","Card","Relic","Relic","Card","Relic"],"build_version":"2020-12-22","purchased_purges":2,"victory":false,"max_hp_per_floor":[70,70,70,70,70,70,70,70,70,70,70,70,70,70,70,70,70,70,70,70,70,70,70,70,84,84,84,84,84,84,84,84,84,84,84,84,84,84,84,84,84,84,84,81,81,81,81,81,81,81,81,81,81,81,81,81],"card_choices":[{"not_picked":["Flying Knee","All Out Attack"],"picked":"Dagger Spray","floor":1.0},{"not_picked":["Prepared","Caltrops"],"picked":"Finisher","floor":2.0},{"not_picked":["PiercingWail","Dagger Throw"],"picked":"Finisher","floor":4.0},{"not_picked":["Flying Knee","Deadly Poison"],"picked":"Blade Dance","floor":5.0},{"not_picked":["Dagger Throw","Eviscerate"],"picked":"Endless Agony","floor":7.0},{"not_picked":["Distraction","PiercingWail"],"picked":"Acrobatics","floor":8.0},{"not_picked":["Malaise","Leg Sweep"],"picked":"Dagger Throw","floor":13.0},{"not_picked":["Bane","Deflect"],"picked":"Prepared","floor":14.0},{"not_picked":["Tools of the Trade+1","Night Terror"],"picked":"Burst","floor":16.0},{"not_picked":["Bane","Sucker Punch"],"picked":"PiercingWail","floor":18.0},{"not_picked":["Dodge and Roll","Distraction"],"picked":"Endless Agony+1","floor":21.0},{"not_picked":["Expertise","Distraction+1"],"picked":"Dagger Spray","floor":22.0},{"not_picked":["Dodge and Roll+1","Deflect"],"picked":"Dagger Throw+1","floor":23.0},{"not_picked":["Flying Knee","Dagger Spray"],"picked":"Infinite Blades+1","floor":25},{"not_picked":["Noxious Fumes+1","Acrobatics"],"picked":"Riddle With Holes","floor":29},{"not_picked":["Burst","Night Terror"],"picked":"Adrenaline","floor":33},{"not_picked":["Dagger Throw+1","Acrobatics"],"picked":"Dagger Spray","floor":35},{"not_picked":["Acrobatics","Sucker Punch+1"],"picked":"PiercingWail+1","floor":36},{"not_picked":["Acrobatics","Wraith Form v2+1"],"picked":"Escape Plan","floor":37},{"not_picked":["Caltrops+1","Underhanded Strike+1"],"picked":"Terror+1","floor":45},{"not_picked":["Footwork+1","All Out Attack","Dagger Spray"],"picked":"SKIP","floor":47},{"not_picked":["Blur+1","Choke+1"],"picked":"Escape Plan+1","floor":48},{"not_picked":["Burst+1","Caltrops+1"],"picked":"Finisher+1","floor":54}],"player_experience":104751,"relics_obtained":[{"floor":8.0,"key":"War Paint"},{"floor":9.0,"key":"Snake Skull"},{"floor":13.0,"key":"Frozen Egg 2"},{"floor":19.0,"key":"Enchiridion"},{"floor":23.0,"key":"Bag of Marbles"},{"floor":23.0,"key":"Blood Vial"},{"floor":25,"key":"Mango"},{"floor":25,"key":"Calipers"},{"floor":29,"key":"Centennial Puzzle"},{"floor":29,"key":"Lantern"},{"floor":43,"key":"Mercury Hourglass"},{"floor":45,"key":"Darkstone Periapt"},{"floor":45,"key":"InkBottle"},{"floor":54,"key":"Ornamental Fan"},{"floor":54,"key":"HollowMod:LifeEnderRelic"}],"event_choices":[{"damage_healed":0.0,"max_hp_gain":0.0,"max_hp_loss":0.0,"gold_gain":0.0,"event_name":"Upgrade Shrine","player_choice":"Upgraded","floor":3.0,"gold_loss":0.0,"damage_taken":0.0,"cards_upgraded":["Defend_G"]},{"damage_healed":0.0,"max_hp_gain":0.0,"max_hp_loss":0.0,"gold_gain":0.0,"event_name":"Dead Adventurer","player_choice":"Searched \u00272\u0027 times","floor":8.0,"gold_loss":0.0,"damage_taken":0.0},{"damage_healed":0.0,"max_hp_gain":0.0,"max_hp_loss":0.0,"gold_gain":0.0,"event_name":"Golden Idol","player_choice":"Take Damage","floor":10.0,"gold_loss":0.0,"damage_taken":17.0,"relics_obtained":["Golden Idol"]},{"cards_removed":["Strike_G"],"damage_healed":0.0,"max_hp_gain":0.0,"max_hp_loss":0.0,"gold_gain":0.0,"event_name":"Purifier","player_choice":"Purged","floor":12.0,"gold_loss":0.0,"damage_taken":0.0},{"damage_healed":0.0,"max_hp_gain":0.0,"max_hp_loss":0.0,"gold_gain":0.0,"event_name":"Cursed Tome","player_choice":"Obtained Book","floor":19.0,"gold_loss":0.0,"damage_taken":16.0},{"damage_healed":0.0,"max_hp_gain":0.0,"max_hp_loss":0.0,"gold_gain":100.0,"event_name":"The Joust","player_choice":"Bet on Murderer","floor":20.0,"gold_loss":50.0,"damage_taken":0.0},{"damage_healed":28,"gold_gain":0,"player_choice":"Heal","damage_taken":0,"max_hp_gain":0,"max_hp_loss":0,"event_name":"The Library","floor":28,"gold_loss":0},{"damage_healed":0,"gold_gain":0,"player_choice":"Paid Gold","damage_taken":0,"relics_obtained":["HollowMod:PaleOreRelic"],"max_hp_gain":0,"max_hp_loss":0,"event_name":"WeMeetAgain","floor":31,"gold_loss":51},{"damage_healed":0,"gold_gain":100,"player_choice":"Pray","damage_taken":0,"max_hp_gain":0,"max_hp_loss":0,"event_name":"Golden Shrine","floor":38,"gold_loss":0},{"cards_removed":["Parasite"],"damage_healed":0,"gold_gain":0,"player_choice":"Removed Curses","damage_taken":0,"max_hp_gain":0,"max_hp_loss":0,"event_name":"Fountain of Cleansing","floor":44,"gold_loss":0}],"is_beta":false,"boss_relics":[{"not_picked":["Calling Bell","Empty Cage"],"picked":"Black Star"},{"not_picked":["Runic Dome","Cursed Key"],"picked":"Fusion Hammer"}],"items_purged_floors":[30,39],"is_endless":false,"potions_floor_spawned":[2,4,7,18,21,29,33,36],"killed_by":"The Heart","ascension_level":1}}