{"host":"cpsutu8lprjuipd6","time":1613483426,"event":{"mods":["BaseMod","Colored Map","Minty Spire (QoL Compilation)","Permanent Neow","StSLib","SuperFastMode","The Bug Knight","Together in Spire"],"gold_per_floor":[111,111,111,132,107,126,126,147,223,241,241,265,288,312,312,442,442,460,314,229,247,247,247,288,288,288,312,312,330,330,341,341,341,341],"floor_reached":33,"language":"KOR","playtime":1523,"items_purged":[],"score":299,"play_id":"e09f266c-3890-4912-a6d4-f666d224966a","local_time":"20210216225026","is_ascension_mode":true,"campfire_choices":[{"floor":7,"key":"REST"},{"floor":15,"key":"REST"},{"floor":23,"key":"REST"},{"floor":25,"key":"REST"},{"floor":28,"key":"REST"},{"floor":32,"key":"REST"}],"circlet_count":0,"master_deck":["Strike_B","Strike_B+1","Strike_B+1","Strike_B+1","Defend_B","Defend_B","Defend_B","Defend_B+1","Zap","Dualcast","Gash","Rip and Tear","Gash","Stack","Conserve Battery","Conserve Battery","Electrodynamics","Go for the Eyes+1","Defragment","FTL","Stack","Tempest"],"relics":["Cracked Core","Whetstone","Bloody Idol","Singing Bowl","Inserter","MealTicket","Strawberry","InkBottle","WingedGreaves"],"acts_visited":["Exordium","TheCity"],"potions_floor_usage":[16,33,33],"damage_taken":[{"damage":3,"enemies":"Small Slimes","floor":1,"turns":3},{"damage":0,"enemies":"2 Louse","floor":4,"turns":2},{"damage":0,"enemies":"Jaw Worm","floor":6,"turns":2},{"damage":5,"enemies":"Lots of Slimes","floor":8,"turns":3},{"damage":16,"enemies":"Large Slime","floor":10,"turns":5},{"damage":0,"enemies":"Looter","floor":12,"turns":2},{"damage":3,"enemies":"Exordium Wildlife","floor":13,"turns":3},{"damage":15,"enemies":"Gremlin Gang","floor":14,"turns":4},{"damage":35,"enemies":"Hexaghost","floor":16,"turns":11},{"damage":9,"enemies":"3 Byrds","floor":18,"turns":3},{"damage":58,"enemies":"Snake Plant","floor":21,"turns":6},{"damage":35,"enemies":"Gremlin Leader","floor":24,"turns":6},{"damage":13,"enemies":"Snecko","floor":27,"turns":5},{"damage":27,"enemies":"Shelled Parasite and Fungi","floor":29,"turns":6},{"damage":4,"enemies":"3 Cultists","floor":31,"turns":4},{"damage":62,"enemies":"Automaton","floor":33,"turns":10}],"seed_played":"-7372358368788914420","potions_obtained":[{"floor":4,"key":"EssenceOfSteel"},{"floor":8,"key":"FocusPotion"},{"floor":13,"key":"DuplicationPotion"},{"floor":16,"key":"ColorlessPotion"},{"floor":29,"key":"Strength Potion"},{"floor":31,"key":"SkillPotion"}],"is_trial":false,"path_per_floor":["M","?","?","M","$","M","R","M","T","M","?","M","M","M","R","B",null,"M","$","?","M","?","R","E","R","T","M","R","M","?","M","R","B"],"character_chosen":"DEFECT","items_purchased":["Gash","MealTicket"],"campfire_rested":6,"item_purchase_floors":[5,19],"current_hp_per_floor":[72,57,39,39,39,39,61,56,56,42,42,42,41,28,52,17,81,74,74,81,23,23,50,15,42,42,29,56,29,29,30,57,0,0],"gold":341,"neow_bonus":"RANDOM_COMMON_RELIC","is_daily":false,"chose_seed":false,"campfire_upgraded":0,"win_rate":0.0,"timestamp":1613483426,"path_taken":["M","?","?","M","?","M","R","?","T","M","?","M","?","M","R","BOSS","M","$","?","M","?","R","E","R","T","?","R","M","?","M","R","BOSS"],"items_purchased_type":["Card","Relic"],"build_version":"2020-12-22","purchased_purges":0,"victory":false,"max_hp_per_floor":[75,75,75,75,75,75,75,75,75,77,77,77,79,81,81,81,81,83,83,90,90,90,90,90,90,90,90,90,90,90,90,90,90,90],"card_choices":[{"not_picked":["Streamline","Barrage"],"picked":"Gash","floor":1},{"not_picked":["Leap","Turbo"],"picked":"Rip and Tear","floor":4},{"not_picked":["Loop","Genetic Algorithm"],"picked":"Stack","floor":6},{"not_picked":["Cold Snap","Streamline"],"picked":"Conserve Battery","floor":8},{"not_picked":["Redo","Turbo","Hello World"],"picked":"Singing Bowl","floor":10},{"not_picked":["Heatsinks","Capacitor"],"picked":"Conserve Battery","floor":12},{"not_picked":["Streamline","Static Discharge","Barrage"],"picked":"Singing Bowl","floor":13},{"not_picked":["Hello World","Force Field","Barrage"],"picked":"Singing Bowl","floor":14},{"not_picked":["Machine Learning","Core Surge"],"picked":"Electrodynamics","floor":16},{"not_picked":["Sunder","Rebound","Streamline"],"picked":"Singing Bowl","floor":18},{"not_picked":["Loop","Barrage"],"picked":"Go for the Eyes+1","floor":21},{"not_picked":["Conserve Battery+1","Chill"],"picked":"Defragment","floor":24},{"not_picked":["Turbo+1","Leap+1"],"picked":"FTL","floor":27},{"not_picked":["Heatsinks","Fusion"],"picked":"Stack","floor":29},{"not_picked":["Force Field+1","Compile Driver"],"picked":"Tempest","floor":31}],"player_experience":109791,"relics_obtained":[{"floor":9,"key":"Singing Bowl"},{"floor":24,"key":"WingedGreaves"}],"event_choices":[{"damage_healed":0,"gold_gain":0,"player_choice":"Entered Light","damage_taken":15,"max_hp_gain":0,"max_hp_loss":0,"event_name":"Shining Light","floor":2,"gold_loss":0,"cards_upgraded":["Strike_B","Defend_B"]},{"damage_healed":0,"gold_gain":0,"player_choice":"Take Damage","damage_taken":18,"relics_obtained":["Golden Idol"],"max_hp_gain":0,"max_hp_loss":0,"event_name":"Golden Idol","floor":3,"gold_loss":0},{"damage_healed":0,"gold_gain":0,"player_choice":"0 cards matched","damage_taken":0,"max_hp_gain":0,"max_hp_loss":0,"event_name":"Match and Keep!","floor":11,"gold_loss":0,"cards_obtained":[]},{"damage_healed":0,"gold_gain":0,"player_choice":"Obtained Relic","damage_taken":0,"relics_obtained":["Strawberry"],"max_hp_gain":0,"max_hp_loss":0,"event_name":"Addict","floor":20,"gold_loss":85},{"damage_healed":0,"gold_gain":0,"player_choice":"Gave Potion","damage_taken":0,"relics_obtained":["InkBottle"],"max_hp_gain":0,"max_hp_loss":0,"event_name":"WeMeetAgain","floor":22,"gold_loss":0},{"damage_healed":0,"gold_gain":0,"player_choice":"Gave Idol","damage_taken":0,"relics_obtained":["Bloody Idol"],"max_hp_gain":0,"max_hp_loss":0,"event_name":"Forgotten Altar","floor":30,"relics_lost":["Golden Idol"],"gold_loss":0}],"is_beta":false,"boss_relics":[{"not_picked":["Calling Bell","Empty Cage"],"picked":"Inserter"}],"items_purged_floors":[],"is_endless":false,"potions_floor_spawned":[4,8,13,14,16,29,31],"killed_by":"Automaton","ascension_level":1}}