{"host":"2c84cb4cp1emursg","time":1613443163,"event":{"mods":["Act Like it!","BaseMod","Better Third Choice","Bossed Relics","Hermit","Mimic Mod","Minty Spire (QoL Compilation)","Permanent Neow","StSLib"],"gold_per_floor":[114,214,9,26,41,66,82,82,82,82,109,11,45,0,0,0,0],"floor_reached":16,"language":"ENG","playtime":558,"items_purged":["Defend_G"],"score":148,"play_id":"68d121fa-c10b-451c-ba7c-6f3effcc571a","local_time":"20210215193923","is_ascension_mode":true,"campfire_choices":[{"data":"Calculated Gamble","floor":8,"key":"SMITH"},{"data":"Dagger Spray","floor":10,"key":"SMITH"},{"data":"Concentrate","floor":15,"key":"SMITH"}],"circlet_count":0,"master_deck":["Strike_G","Strike_G","Strike_G","Strike_G","Strike_G","Defend_G","Defend_G","Defend_G","Defend_G","Survivor","Neutralize+1","Cloak And Dagger","Flying Knee","Dagger Spray+1","Flying Knee","Eviscerate","Calculated Gamble+1","Concentrate+1","Underhanded Strike","Enlightenment"],"relics":["Ring of the Snake","Membership Card","Gremlin Horn","Tiny Chest","Chemical X","Ornamental Fan"],"acts_visited":["Exordium"],"potions_floor_usage":[6,13,13],"damage_taken":[{"damage":4,"enemies":"2 Louse","floor":1,"turns":3},{"damage":0,"enemies":"Cultist","floor":4,"turns":3},{"damage":2,"enemies":"Small Slimes","floor":5,"turns":3},{"damage":17,"enemies":"Gremlin Nob","floor":6,"turns":4},{"damage":6,"enemies":"Exordium Wildlife","floor":7,"turns":2},{"damage":17,"enemies":"3 Sentries","floor":11,"turns":6},{"damage":8,"enemies":"Gremlin Nob","floor":13,"turns":4},{"damage":26,"enemies":"Slime Boss","floor":16,"turns":5}],"seed_played":"-1257802162848983663","potions_obtained":[{"floor":4,"key":"SneckoOil"},{"floor":6,"key":"Block Potion"},{"floor":7,"key":"Dexterity Potion"}],"is_trial":false,"path_per_floor":["M","?","$","M","M","E","M","R","T","R","E","$","E","?","R","B"],"character_chosen":"THE_SILENT","items_purchased":["Membership Card","Flying Knee","Chemical X","Fire Potion"],"campfire_rested":0,"item_purchase_floors":[3,3,12,12],"current_hp_per_floor":[66,66,66,66,64,47,41,41,41,41,24,24,16,22,22,0,0],"gold":0,"neow_bonus":"UPGRADE_CARD","is_daily":false,"chose_seed":false,"campfire_upgraded":3,"win_rate":0.0,"timestamp":1613443163,"path_taken":["M","?","$","M","?","E","M","R","T","R","E","$","E","?","R","BOSS"],"items_purchased_type":["Relic","Card","Relic","Potion"],"build_version":"2020-12-22","purchased_purges":1,"victory":false,"max_hp_per_floor":[70,70,70,70,70,70,70,70,70,70,70,70,70,76,76,76,76],"card_choices":[{"not_picked":["PiercingWail","Endless Agony"],"picked":"Cloak And Dagger","floor":1},{"not_picked":["Caltrops","Skewer"],"picked":"Dagger Spray","floor":4},{"not_picked":["Terror","Leg Sweep"],"picked":"Flying Knee","floor":5},{"not_picked":["Riddle With Holes","Backstab"],"picked":"Eviscerate","floor":6},{"not_picked":["Crippling Poison","Backflip"],"picked":"Calculated Gamble","floor":7},{"not_picked":["Sucker Punch","Backflip"],"picked":"Concentrate","floor":11},{"not_picked":["Skewer","Distraction"],"picked":"Underhanded Strike","floor":13}],"player_experience":486629,"relics_obtained":[{"floor":6,"key":"Gremlin Horn"},{"floor":11,"key":"Tiny Chest"},{"floor":13,"key":"Ornamental Fan"}],"event_choices":[{"damage_healed":0,"gold_gain":100,"player_choice":"Pray","damage_taken":0,"max_hp_gain":0,"max_hp_loss":0,"event_name":"Golden Shrine","floor":2,"gold_loss":0},{"damage_healed":0,"gold_gain":0,"player_choice":"RENOUNCE","damage_taken":45,"max_hp_gain":0,"max_hp_loss":0,"event_name":"betterThird:BetterSerpent","floor":14,"gold_loss":45,"cards_obtained":["Enlightenment"]}],"is_beta":false,"boss_relics":[],"items_purged_floors":[3],"is_endless":false,"potions_floor_spawned":[4,6,7],"killed_by":"Slime Boss","ascension_level":5}}