{"host":"njcl8kinlkfw245p","time":1613518692,"event":{"mods":["BaseMod","Block Reminder","Colored Map","Googly Eyes","KinomotoSakuraMod(????)","Minty Spire (QoL Compilation)","StSLib","The Senshi","Unceasing Turn Reminder","everything is the same but u backflip on backflip"],"gold_per_floor":[116,134,84,84,4,32,32,64,64,64,93,93,93,111,111,236,236,256,256,270,291,146,186,206,206,231,252,252,286,321,334,334,464,464,488,158,380,713,728,756,756,806,876,876,902,455,465,495,495,495,495,495,50,78,78],"floor_reached":56,"language":"ENG","playtime":4087,"items_purged":["Strike_P","Strike_P"],"score":1662,"play_id":"1bdf4583-fd40-470e-af4b-5e5b9ff8649d","local_time":"20210216153812","is_ascension_mode":true,"campfire_choices":[{"data":"CrushJoints","floor":7,"key":"SMITH"},{"data":"Protect","floor":10,"key":"SMITH"},{"data":"TalkToTheHand","floor":13,"key":"SMITH"},{"data":"SashWhip","floor":15,"key":"SMITH"},{"floor":25,"key":"REST"},{"data":"Wallop","floor":28,"key":"SMITH"},{"floor":32,"key":"REST"},{"floor":41,"key":"RECALL"},{"data":"SandsOfTime","floor":44,"key":"SMITH"},{"data":"DeusExMachina","floor":49,"key":"SMITH"},{"data":"LikeWater","floor":52,"key":"SMITH"}],"circlet_count":0,"master_deck":["Defend_P","Defend_P","Defend_P","Defend_P","Eruption","Vigilance","Protect+1","CrushJoints+1","SandsOfTime","SandsOfTime","TalkToTheHand+1","SashWhip+1","Vault","SandsOfTime","Wireheading","Worship","SandsOfTime+1","TalkToTheHand","Wallop+1","Meditate+1","MentalFortress","WheelKick","Omniscience","Nirvana","Wallop","FearNoEvil","Tantrum","Vault","Apotheosis","Wallop","LikeWater+1","DeusExMachina+1","CrushJoints","MentalFortress","Violence","SandsOfTime+1"],"relics":["Snecko Eye","Shuriken","Gremlin Horn","Happy Flower","Akabeko","Darkstone Periapt","VioletLotus","White Beast Statue","Omamori","Red Mask","Bronze Scales","SacredBark","ClockworkSouvenir","Mummified Hand","Incense Burner","Eternal Feather","Oddly Smooth Stone","Bag of Preparation","Membership Card","Lantern","theSenshi:SailorFukuRelic","Boot"],"acts_visited":["Exordium","TheCity","TheBeyond","TheEnding"],"potions_floor_usage":[30,55,55],"damage_taken":[{"damage":0,"enemies":"Small Slimes","floor":1,"turns":2},{"damage":0,"enemies":"2 Louse","floor":2,"turns":2},{"damage":7,"enemies":"Lagavulin","floor":6,"turns":5},{"damage":0,"enemies":"Gremlin Nob","floor":8,"turns":3},{"damage":0,"enemies":"Lagavulin","floor":11,"turns":3},{"damage":0,"enemies":"Jaw Worm","floor":14,"turns":1},{"damage":13,"enemies":"The Guardian","floor":16,"turns":5},{"damage":0,"enemies":"3 Byrds","floor":18,"turns":3},{"damage":0,"enemies":"Spheric Guardian","floor":20,"turns":1},{"damage":20,"enemies":"Chosen and Byrds","floor":21,"turns":3},{"damage":22,"enemies":"Slavers","floor":23,"turns":4},{"damage":13,"enemies":"Centurion and Healer","floor":24,"turns":3},{"damage":0,"enemies":"Cultist and Chosen","floor":27,"turns":3},{"damage":0,"enemies":"Masked Bandits","floor":29,"turns":2},{"damage":18,"enemies":"Book of Stabbing","floor":30,"turns":3},{"damage":0,"enemies":"Snecko","floor":31,"turns":4},{"damage":3,"enemies":"Champ","floor":33,"turns":5},{"damage":19,"enemies":"3 Darklings","floor":35,"turns":4},{"damage":0,"enemies":"3 Shapes","floor":39,"turns":2},{"damage":0,"enemies":"Giant Head","floor":40,"turns":3},{"damage":0,"enemies":"Mind Bloom Boss Battle","floor":42,"turns":3},{"damage":4,"enemies":"Reptomancer","floor":45,"turns":3},{"damage":0,"enemies":"Jaw Worm Horde","floor":47,"turns":4},{"damage":0,"enemies":"Nemesis","floor":48,"turns":2},{"damage":7,"enemies":"Awakened One","floor":50,"turns":5},{"damage":0,"enemies":"Shield and Spear","floor":54,"turns":2},{"damage":56,"enemies":"The Heart","floor":55,"turns":8}],"seed_played":"2840297251939025278","potions_obtained":[{"floor":6,"key":"Explosive Potion"},{"floor":8,"key":"BlessingOfTheForge"},{"floor":11,"key":"SmokeBomb"},{"floor":14,"key":"ColorlessPotion"},{"floor":23,"key":"Regen Potion"},{"floor":27,"key":"AttackPotion"},{"floor":30,"key":"Explosive Potion"},{"floor":31,"key":"DuplicationPotion"}],"is_trial":false,"path_per_floor":["M","M","?","?","$","E","R","E","T","R","E","?","R","M","R","B",null,"M","?","M","M","$","E","M","R","T","M","R","?","E","M","R","B",null,"M","$","?","?","M","E","R","?","T","R","E","$","M","E","R","B",null,"R","$","E","B",null],"character_chosen":"WATCHER","items_purchased":["Protect","CrushJoints","Worship","SandsOfTime","Nirvana","Wallop","ClockworkSouvenir","Apotheosis","Oddly Smooth Stone","Wallop","Membership Card","CrushJoints","MentalFortress","Lantern","theSenshi:SailorFukuRelic","Violence"],"campfire_rested":2,"item_purchase_floors":[5,5,22,22,36,36,36,46,46,46,53,53,53,53,53,53],"current_hp_per_floor":[72,72,72,60,60,53,53,53,53,53,53,35,35,35,35,22,72,72,72,72,52,52,30,17,38,38,38,38,38,20,20,41,38,72,53,53,53,53,53,53,53,53,53,53,49,49,49,49,67,60,72,72,72,72,43],"gold":78,"neow_bonus":"BOSS_RELIC","is_daily":false,"chose_seed":false,"campfire_upgraded":8,"win_rate":0.0,"timestamp":1613518692,"path_taken":["M","M","?","?","$","E","R","E","T","R","E","?","R","M","R","BOSS","M","?","M","M","$","E","M","R","T","M","R","?","E","M","R","BOSS","M","$","?","?","M","E","R","?","T","R","E","?","?","E","R","BOSS","R","$","E","BOSS"],"items_purchased_type":["Card","Card","Card","Card","Card","Card","Relic","Card","Relic","Card","Relic","Card","Card","Relic","Relic","Card"],"build_version":"2020-12-22","purchased_purges":2,"victory":true,"max_hp_per_floor":[72,72,72,72,72,72,72,72,72,72,72,72,72,72,72,72,72,72,72,72,72,72,72,72,72,72,72,72,72,72,72,72,72,72,72,72,72,72,72,72,72,72,72,72,72,72,72,72,72,72,72,72,72,72,72],"card_choices":[{"not_picked":["ThirdEye","EmptyBody","ForeignInfluence"],"picked":"SKIP","floor":1},{"not_picked":["PathToVictory","Evaluate","Crescendo"],"picked":"SKIP","floor":2},{"not_picked":["BowlingBash","WreathOfFlame"],"picked":"SandsOfTime","floor":6},{"not_picked":["PathToVictory","CarveReality"],"picked":"SandsOfTime","floor":8},{"not_picked":["WreathOfFlame","PathToVictory"],"picked":"TalkToTheHand","floor":11},{"not_picked":["Indignation","CarveReality"],"picked":"SashWhip","floor":14},{"not_picked":["Omniscience","DeusExMachina"],"picked":"Vault","floor":16},{"not_picked":["Nirvana","Study+1"],"picked":"SandsOfTime","floor":18},{"not_picked":["CutThroughFate","EmptyFist","FlyingSleeves+1"],"picked":"SKIP","floor":20},{"not_picked":["Protect","ThirdEye"],"picked":"Wireheading","floor":21},{"not_picked":["Adaptation+1","Pray"],"picked":"TalkToTheHand","floor":23},{"not_picked":["Consecrate+1","TalkToTheHand"],"picked":"Wallop","floor":24},{"not_picked":["CrushJoints","Prostrate+1"],"picked":"Meditate+1","floor":27},{"not_picked":["Worship","Crescendo"],"picked":"MentalFortress","floor":29},{"not_picked":["EmptyFist","ReachHeaven+1"],"picked":"WheelKick","floor":30},{"not_picked":["BowlingBash","FollowUp","Crescendo"],"picked":"SKIP","floor":31},{"not_picked":["Blasphemy","Brilliance"],"picked":"Omniscience","floor":33},{"not_picked":["SashWhip+1","Halt+1","BowlingBash"],"picked":"SKIP","floor":35},{"not_picked":["EmptyFist","CutThroughFate"],"picked":"FearNoEvil","floor":39},{"not_picked":["Study","FlurryOfBlows+1","ThirdEye"],"picked":"SKIP","floor":40},{"not_picked":["Pray","SashWhip"],"picked":"Tantrum","floor":42},{"not_picked":["SandsOfTime","CrushJoints"],"picked":"Vault","floor":45},{"not_picked":["BowlingBash","FlurryOfBlows+1"],"picked":"LikeWater","floor":47},{"not_picked":["ThirdEye","Alpha"],"picked":"DeusExMachina","floor":48},{"not_picked":["Wireheading+1","Halt+1"],"picked":"SandsOfTime+1","floor":54}],"player_experience":949523,"relics_obtained":[{"floor":6,"key":"Gremlin Horn"},{"floor":8,"key":"Happy Flower"},{"floor":9,"key":"Akabeko"},{"floor":11,"key":"Darkstone Periapt"},{"floor":23,"key":"White Beast Statue"},{"floor":26,"key":"Omamori"},{"floor":29,"key":"Red Mask"},{"floor":30,"key":"Bronze Scales"},{"floor":40,"key":"Mummified Hand"},{"floor":42,"key":"Incense Burner"},{"floor":45,"key":"Eternal Feather"},{"floor":48,"key":"Bag of Preparation"},{"floor":54,"key":"Boot"}],"event_choices":[{"cards_removed":["Strike_P"],"damage_healed":0,"gold_gain":0,"player_choice":"Card Removal","damage_taken":0,"max_hp_gain":0,"max_hp_loss":0,"event_name":"The Cleric","floor":3,"gold_loss":50},{"damage_healed":0,"gold_gain":0,"player_choice":"Success","damage_taken":12,"relics_obtained":["Shuriken"],"max_hp_gain":0,"max_hp_loss":0,"event_name":"Scrap Ooze","floor":4,"gold_loss":0},{"damage_healed":0,"gold_gain":0,"player_choice":"Take Damage","damage_taken":18,"relics_obtained":["Golden Idol"],"max_hp_gain":0,"max_hp_loss":0,"event_name":"Golden Idol","floor":12,"gold_loss":0},{"cards_removed":["Strike_P"],"damage_healed":0,"gold_gain":0,"player_choice":"Elegance","damage_taken":0,"max_hp_gain":0,"max_hp_loss":0,"event_name":"Back to Basics","floor":19,"gold_loss":0},{"damage_healed":0,"gold_gain":0,"player_choice":"Fought Bandits","damage_taken":0,"max_hp_gain":0,"max_hp_loss":0,"event_name":"Masked Bandits","floor":29,"gold_loss":0},{"damage_healed":0,"gold_gain":222,"player_choice":"Wore Mask","damage_taken":0,"max_hp_gain":0,"max_hp_loss":0,"event_name":"Tomb of Lord Red Mask","floor":37,"gold_loss":0},{"damage_healed":0,"gold_gain":333,"player_choice":"Gave Idol","damage_taken":0,"max_hp_gain":0,"max_hp_loss":0,"event_name":"The Moai Head","floor":38,"relics_lost":["Golden Idol"],"gold_loss":0},{"damage_healed":0,"gold_gain":0,"player_choice":"Fight","damage_taken":0,"max_hp_gain":0,"max_hp_loss":0,"event_name":"MindBloom","floor":42,"gold_loss":0}],"is_beta":false,"boss_relics":[{"not_picked":["SlaversCollar","Ectoplasm"],"picked":"VioletLotus"},{"not_picked":["Fusion Hammer","Astrolabe"],"picked":"SacredBark"}],"items_purged_floors":[36,46],"is_endless":false,"potions_floor_spawned":[6,8,11,14,18,23,24,27,29,30,31,33,35,39,40,42,45,47,48,54],"ascension_level":4}}