{"host":"2l5k2wp87eek7qja","time":1613501202,"event":{"mods":["BaseMod","Colored Map","Minty Spire (QoL Compilation)","Relic Stats"],"gold_per_floor":[116,196,207,220,232,232,265,285,285,285,14,28,57,57,57,147,147,167,167,167,186,205,205,244,244,244,244,284,284,299,299,299],"floor_reached":31,"language":"ENG","playtime":912,"items_purged":["Strike_G"],"score":670,"play_id":"9396eb42-6bb2-4774-9079-0c8c53dcde99","local_time":"20210216204642","is_ascension_mode":true,"campfire_choices":[{"data":"Die Die Die","floor":6,"key":"SMITH"},{"data":"Crippling Poison","floor":10,"key":"SMITH"},{"data":"Burst","floor":15,"key":"SMITH"},{"floor":23,"key":"REST"},{"floor":27,"key":"REST"},{"data":"Noxious Fumes","floor":29,"key":"SMITH"}],"circlet_count":0,"master_deck":["AscendersBane","Strike_G","Strike_G","Strike_G","Strike_G","Defend_G","Defend_G","Defend_G","Defend_G","Defend_G","Survivor","Neutralize","Die Die Die+1","Bouncing Flask","Terror","Blur","All Out Attack","Crippling Poison+1","Dash","Noxious Fumes+1","Caltrops","Burst+1","Burst","Writhe","Crippling Poison+1","Leg Sweep","Bouncing Flask","Dodge and Roll+1"],"relics":["Ring of the Snake","HornCleat","OrangePellets","Ornamental Fan","Golden Idol","Philosopher\u0027s Stone","Sundial","Bottled Tornado","SsserpentHead","Lizard Tail","Lantern"],"acts_visited":["Exordium","TheCity"],"potions_floor_usage":[7,16,16,24,28],"damage_taken":[{"damage":1,"enemies":"Cultist","floor":1,"turns":4},{"damage":0,"enemies":"2 Louse","floor":3,"turns":1},{"damage":4,"enemies":"Small Slimes","floor":4,"turns":3},{"damage":3,"enemies":"Blue Slaver","floor":5,"turns":4},{"damage":8,"enemies":"Gremlin Nob","floor":7,"turns":3},{"damage":5,"enemies":"Red Slaver","floor":8,"turns":3},{"damage":0,"enemies":"3 Louse","floor":12,"turns":2},{"damage":12,"enemies":"Lagavulin","floor":13,"turns":6},{"damage":0,"enemies":"Slime Boss","floor":16,"turns":6},{"damage":0,"enemies":"Chosen","floor":18,"turns":5},{"damage":29,"enemies":"3 Byrds","floor":21,"turns":3},{"damage":12,"enemies":"Centurion and Healer","floor":22,"turns":5},{"damage":12,"enemies":"Slavers","floor":24,"turns":3},{"damage":37,"enemies":"Book of Stabbing","floor":28,"turns":5},{"damage":14,"enemies":"Sentry and Sphere","floor":30,"turns":5},{"damage":7,"enemies":"Gremlin Leader","floor":31,"turns":1}],"seed_played":"-3597282819531810232","potions_obtained":[{"floor":3,"key":"Weak Potion"},{"floor":5,"key":"LiquidMemories"},{"floor":8,"key":"Fire Potion"},{"floor":12,"key":"LiquidMemories"},{"floor":22,"key":"Fire Potion"},{"floor":24,"key":"SkillPotion"}],"is_trial":false,"path_per_floor":["M","?","M","M","M","R","E","M","T","R","$","M","E","?","R","B",null,"M","?","?","M","M","R","E","?","T","R","E","R","M","E"],"character_chosen":"THE_SILENT","items_purchased":["Noxious Fumes","OrangePellets"],"campfire_rested":2,"item_purchase_floors":[11,11],"current_hp_per_floor":[58,58,58,54,51,51,43,38,38,38,38,38,26,26,26,26,47,47,47,47,18,6,22,10,10,10,26,21,21,7,0,0],"gold":299,"neow_bonus":"THREE_RARE_CARDS","is_daily":false,"chose_seed":false,"campfire_upgraded":4,"win_rate":0.0,"timestamp":1613501202,"path_taken":["M","?","M","M","M","R","E","M","T","R","$","M","E","?","R","BOSS","M","?","?","?","M","R","E","?","T","R","E","R","M","E"],"items_purchased_type":["Card","Relic"],"build_version":"2020-12-22","purchased_purges":1,"victory":false,"max_hp_per_floor":[60,60,60,60,60,60,60,60,60,60,60,60,60,54,54,54,54,54,54,54,54,54,54,54,54,54,54,54,54,54,54,54],"relic_stats":{"OrangePellets":[2],"SsserpentHead":0,"Lizard Tail":27,"counters":[16,59],"Ornamental Fan":[16],"Golden Idol":49,"Sundial":[0],"obtain_stats":[{"OrangePellets":11,"SsserpentHead":25,"Lizard Tail":26,"Lantern":28,"HornCleat":7,"Ornamental Fan":13,"Golden Idol":14,"Sundial":19,"Philosopher\u0027s Stone":17,"Bottled Tornado":24,"Ring of the Snake":0},{"OrangePellets":6,"SsserpentHead":13,"Lizard Tail":13,"Lantern":14,"HornCleat":5,"Ornamental Fan":8,"Golden Idol":8,"Sundial":10,"Philosopher\u0027s Stone":9,"Bottled Tornado":13,"Ring of the Snake":0},{"OrangePellets":18,"SsserpentHead":48,"Lizard Tail":48,"Lantern":53,"HornCleat":15,"Ornamental Fan":26,"Golden Idol":26,"Sundial":37,"Philosopher\u0027s Stone":32,"Bottled Tornado":48,"Ring of the Snake":0}],"Ring of the Snake":[32]},"card_choices":[{"not_picked":["Night Terror","Corpse Explosion"],"picked":"Die Die Die","floor":0},{"not_picked":["Acrobatics","Deadly Poison"],"picked":"Bouncing Flask","floor":1},{"not_picked":["Accuracy","Blade Dance"],"picked":"Terror","floor":3},{"not_picked":["Slice","Prepared"],"picked":"Blur","floor":4},{"not_picked":["Deadly Poison","Poisoned Stab"],"picked":"All Out Attack","floor":5},{"not_picked":["Night Terror","Blur"],"picked":"Crippling Poison","floor":7},{"not_picked":["Backflip","Dodge and Roll"],"picked":"Dash","floor":8},{"not_picked":["Underhanded Strike","Cloak And Dagger"],"picked":"Caltrops","floor":12},{"not_picked":["Backflip","Underhanded Strike"],"picked":"Burst","floor":13},{"not_picked":["A Thousand Cuts","Doppelganger"],"picked":"Burst","floor":16},{"not_picked":["Caltrops","Slice+1","Outmaneuver+1"],"picked":"SKIP","floor":18},{"not_picked":["Cloak And Dagger","Slice"],"picked":"Leg Sweep","floor":21},{"not_picked":["Quick Slash","Dagger Throw","Slice"],"picked":"SKIP","floor":22},{"not_picked":["Dodge and Roll","Dagger Throw"],"picked":"Bouncing Flask","floor":24},{"not_picked":["Dagger Throw","Skewer"],"picked":"Dodge and Roll+1","floor":28},{"not_picked":["Acrobatics","Outmaneuver","Distraction"],"picked":"SKIP","floor":30}],"player_experience":796925,"relics_obtained":[{"floor":7,"key":"HornCleat"},{"floor":13,"key":"Ornamental Fan"},{"floor":24,"key":"Bottled Tornado"},{"floor":26,"key":"Lizard Tail"},{"floor":28,"key":"Lantern"}],"event_choices":[{"damage_healed":0,"gold_gain":80,"player_choice":"Gained Gold","damage_taken":0,"max_hp_gain":0,"max_hp_loss":0,"event_name":"Golden Wing","floor":2,"gold_loss":0},{"damage_healed":0,"gold_gain":0,"player_choice":"Lose Max HP","damage_taken":0,"relics_obtained":["Golden Idol"],"max_hp_gain":0,"max_hp_loss":6,"event_name":"Golden Idol","floor":14,"gold_loss":0},{"damage_healed":0,"gold_gain":0,"player_choice":"Opened","damage_taken":0,"relics_obtained":["Sundial"],"max_hp_gain":0,"max_hp_loss":0,"event_name":"The Mausoleum","floor":19,"gold_loss":0,"cards_obtained":["Writhe"]},{"damage_healed":0,"gold_gain":0,"player_choice":"Copied","damage_taken":0,"max_hp_gain":0,"max_hp_loss":0,"event_name":"Duplicator","floor":20,"gold_loss":0,"cards_obtained":["Crippling Poison"]},{"damage_healed":0,"gold_gain":0,"player_choice":"Trade","damage_taken":0,"relics_obtained":["SsserpentHead"],"max_hp_gain":0,"max_hp_loss":0,"event_name":"FaceTrader","floor":25,"gold_loss":0}],"is_beta":false,"boss_relics":[{"not_picked":["Fusion Hammer","Busted Crown"],"picked":"Philosopher\u0027s Stone"}],"items_purged_floors":[11],"is_endless":false,"potions_floor_spawned":[3,5,8,12,22,24],"killed_by":"Gremlin Leader","ascension_level":20}}