{"host":"u7lm8z2rvb4dg2oo","time":1613456033,"event":{"mods":["AchievementEnabler","BaseMod","Bestiary","Block Reminder","Colored Map","Colored Powertips","Curses Come First","DeckTracker","Googly Eyes","Highlight Path","Minty Spire (QoL Compilation)","Quick Restart","StSLib"],"gold_per_floor":[110,110,53,68,68,100,100,127,127,138,138,149,149,169,169,248,298,316,290,290,12,31,31,31],"floor_reached":23,"language":"ENG","playtime":2040,"items_purged":["Strike_G"],"score":418,"play_id":"28fde0da-9d02-43c1-9a68-65155f15bb12","local_time":"20210216011353","is_ascension_mode":true,"campfire_choices":[{"floor":11.0,"key":"REST"},{"floor":13.0,"key":"REST"},{"floor":15.0,"key":"REST"}],"circlet_count":0,"master_deck":["AscendersBane","Strike_G","Strike_G+1","Defend_G","Defend_G","Defend_G","Defend_G+1","Defend_G","Survivor","Neutralize","Terror","Cloak And Dagger","Cloak And Dagger+1","Poisoned Stab","Doppelganger","Infinite Blades","Venomology","Blade Dance"],"relics":["Ring of the Snake","NeowsBlessing","The Specimen","Potion Belt","Singing Bowl","Tiny House","Membership Card"],"acts_visited":["Exordium","TheCity"],"potions_floor_usage":[22,22,23,23,23],"damage_taken":[{"damage":0.0,"enemies":"Jaw Worm","floor":1.0,"turns":1.0},{"damage":0.0,"enemies":"Small Slimes","floor":4.0,"turns":1.0},{"damage":0.0,"enemies":"3 Sentries","floor":6.0,"turns":1.0},{"damage":21.0,"enemies":"Lagavulin","floor":8.0,"turns":6.0},{"damage":1.0,"enemies":"2 Louse","floor":10.0,"turns":2.0},{"damage":13.0,"enemies":"Exordium Thugs","floor":12.0,"turns":6.0},{"damage":9.0,"enemies":"2 Fungi Beasts","floor":14.0,"turns":4.0},{"damage":16.0,"enemies":"The Guardian","floor":16.0,"turns":13.0},{"damage":23.0,"enemies":"Shell Parasite","floor":18.0,"turns":7.0},{"damage":20.0,"enemies":"2 Thieves","floor":19.0,"turns":4.0},{"damage":53,"enemies":"3 Cultists","floor":22,"turns":6},{"damage":18,"enemies":"Centurion and Healer","floor":23,"turns":3}],"seed_played":"6351118444314772185","potions_obtained":[{"floor":1.0,"key":"CunningPotion"},{"floor":6.0,"key":"FearPotion"},{"floor":12.0,"key":"Explosive Potion"},{"floor":14.0,"key":"FairyPotion"},{"floor":17.0,"key":"SneckoOil"},{"floor":22,"key":"Swift Potion"}],"is_trial":false,"path_per_floor":["M","?","$","M","?","E","?","E","T","M","R","M","R","M","R","B",null,"M","M","?","$","M","M"],"character_chosen":"THE_SILENT","items_purchased":["Cloak And Dagger","Membership Card","Poison Potion","LiquidMemories"],"campfire_rested":3,"item_purchase_floors":[3,21,21,21],"current_hp_per_floor":[59,39,39,39,32,32,32,11,11,12,32,21,42,35,56,40,69,48,30,30,30,10,0,0],"gold":31,"neow_bonus":"THREE_ENEMY_KILL","is_daily":false,"chose_seed":false,"campfire_upgraded":0,"win_rate":0.0,"timestamp":1613456033,"path_taken":["M","?","$","M","?","E","?","E","T","?","R","M","R","M","R","BOSS","M","M","?","$","M","M"],"items_purchased_type":["Card","Relic","Potion","Potion"],"build_version":"2020-12-22","purchased_purges":1,"victory":false,"max_hp_per_floor":[66,66,66,66,66,66,66,66,66,68,68,70,70,72,72,72,77,79,81,81,81,83,83,83],"card_choices":[{"not_picked":["Dagger Spray","Crippling Poison"],"picked":"Terror","floor":1.0},{"not_picked":["Flechettes","Quick Slash"],"picked":"Cloak And Dagger","floor":4.0},{"not_picked":["Cloak And Dagger","Underhanded Strike"],"picked":"Poisoned Stab","floor":6.0},{"not_picked":["Poisoned Stab","Backflip"],"picked":"Infinite Blades","floor":8.0},{"not_picked":["Distraction","Deadly Poison","Underhanded Strike"],"picked":"Singing Bowl","floor":10.0},{"not_picked":["Slice","Endless Agony","Flechettes"],"picked":"Singing Bowl","floor":12.0},{"not_picked":["Heel Hook","Underhanded Strike","Terror"],"picked":"Singing Bowl","floor":14.0},{"not_picked":["Bullet Time","Die Die Die"],"picked":"Venomology","floor":16.0},{"not_picked":["Noxious Fumes","Underhanded Strike"],"picked":"Blade Dance","floor":17.0},{"not_picked":["Poisoned Stab","Distraction","Dagger Throw"],"picked":"Singing Bowl","floor":18.0},{"not_picked":["Dagger Spray","Dodge and Roll","Reflex"],"picked":"Singing Bowl","floor":19.0},{"not_picked":["Concentrate","Leg Sweep","Bane"],"picked":"Singing Bowl","floor":22}],"player_experience":1103986,"relics_obtained":[{"floor":6.0,"key":"The Specimen"},{"floor":8.0,"key":"Potion Belt"},{"floor":9.0,"key":"Singing Bowl"}],"event_choices":[{"damage_healed":0.0,"max_hp_gain":0.0,"max_hp_loss":0.0,"gold_gain":0.0,"event_name":"Shining Light","player_choice":"Entered Light","floor":2.0,"gold_loss":0.0,"damage_taken":20.0,"cards_upgraded":["Defend_G","Strike_G"]},{"cards_removed":["Strike_G"],"damage_healed":0.0,"max_hp_gain":0.0,"max_hp_loss":0.0,"gold_gain":0.0,"event_name":"Golden Wing","player_choice":"Card Removal","floor":5.0,"gold_loss":0.0,"damage_taken":7.0},{"damage_healed":0.0,"max_hp_gain":0.0,"max_hp_loss":0.0,"gold_gain":0.0,"cards_transformed":["Strike_G"],"event_name":"Transmorgrifier","player_choice":"Transformed","floor":7.0,"gold_loss":0.0,"damage_taken":0.0,"cards_obtained":["Doppelganger"]},{"damage_healed":0.0,"max_hp_gain":0.0,"max_hp_loss":0.0,"gold_gain":0.0,"event_name":"Ghosts","player_choice":"Ignored","floor":20.0,"gold_loss":0.0,"damage_taken":0.0}],"is_beta":false,"boss_relics":[{"not_picked":["Pandora\u0027s Box","Snecko Eye"],"picked":"Tiny House"}],"items_purged_floors":[21],"is_endless":false,"potions_floor_spawned":[1,6,12,14,22],"killed_by":"Centurion and Healer","ascension_level":17}}