{"host":"rq6soridv5n2augj","time":1613475590,"event":{"mods":["BaseMod","Downfall","Googly Eyes","Hermit","Marisa????????","Minty Spire (QoL Compilation)","READ ME - Guardian Mod","Remilia??????","Replay The Spire","StSLib","The Animator","The Cursed","The Hierophant","The Necromancer","The Senshi","The Servant 0.9.4"],"gold_per_floor":[114,137,165,211,223,261,261,274,274,274,290,305,317,336,336,437,437,449,469,150,182,201,201,201,201,201],"floor_reached":25,"language":"ENG","playtime":1419,"items_purged":["animator:Strike"],"score":209,"play_id":"835157ae-8271-4641-b511-2c4a81ff6374","local_time":"20210216033950","is_ascension_mode":false,"campfire_choices":[{"data":"animator:DolaSchwi","floor":7,"key":"SMITH"},{"data":"animator:Jibril","floor":15,"key":"SMITH"},{"floor":23,"key":"REST"}],"circlet_count":0,"master_deck":["animator:Strike","animator:Strike","animator:Defend","animator:Defend","animator:Defend","animator:DolaSchwi+1","animator:DolaCouronne","animator:Witch","animator:Tatsumaki","animator:Jibril+1","animator:Arpeggio","animator:DwarfShaman","animator:YaoHaDucy","animator:DolaStephanie","animator:FeridBathory","animator:DolaSchwi","animator:Aisha","animator:DolaRiku","animator:Tatsumaki","downfall:Malfunctioning"],"relics":["animator:LivingPicture","animator:TheMissingPiece","animator:PurgingStone","Orichalcum","Bag of Marbles","Potion Belt","bronze:MakeshiftBattery","Matryoshka","Red Skull"],"acts_visited":["Exordium","TheCity"],"potions_floor_usage":[6,6,6,16,16,22,25,25],"damage_taken":[{"damage":0,"enemies":"Cultist","floor":1,"turns":5},{"damage":0,"enemies":"Jaw Worm","floor":3,"turns":5},{"damage":2,"enemies":"2 Louse","floor":5,"turns":3},{"damage":18,"enemies":"Gremlin Nob","floor":6,"turns":4},{"damage":8,"enemies":"Exordium Wildlife","floor":8,"turns":4},{"damage":4,"enemies":"Looter","floor":11,"turns":2},{"damage":2,"enemies":"Blue Slaver","floor":12,"turns":4},{"damage":0,"enemies":"Large Slime","floor":13,"turns":3},{"damage":18,"enemies":"Exordium Thugs","floor":14,"turns":5},{"damage":7,"enemies":"Fading Forest","floor":16,"turns":11},{"damage":26,"enemies":"2 Thieves","floor":18,"turns":3},{"damage":4,"enemies":"Chosen","floor":19,"turns":4},{"damage":14,"enemies":"Shelled Parasite and Fungi","floor":21,"turns":4},{"damage":12,"enemies":"Snake Plant","floor":22,"turns":3},{"damage":36,"enemies":"Gremlin Leader","floor":25,"turns":3}],"seed_played":"7565425180373508896","potions_obtained":[{"floor":3,"key":"Strength Potion"},{"floor":5,"key":"Adrenaline Potion"},{"floor":12,"key":"SteroidPotion"},{"floor":14,"key":"Energy Potion"},{"floor":16,"key":"Dexterity Potion"},{"floor":21,"key":"CultistPotion"},{"floor":22,"key":"CultistPotion"}],"is_trial":false,"path_per_floor":["M","T","M","?","M","E","R","M","T","?","M","M","M","M","R","B",null,"M","M","$","M","M","R","?","E"],"character_chosen":"THE_ANIMATOR","items_purchased":["Matryoshka"],"campfire_rested":1,"item_purchase_floors":[20],"current_hp_per_floor":[66,66,66,66,64,46,46,38,38,66,62,60,60,43,43,36,67,41,37,37,23,11,31,31,0,0],"gold":201,"neow_bonus":"RANDOM_EVENT","is_daily":false,"chose_seed":false,"campfire_upgraded":2,"win_rate":0.0,"timestamp":1613475590,"path_taken":["M","?","M","?","M","E","R","M","T","?","M","M","M","M","R","BOSS","M","M","$","?","M","R","?","E"],"items_purchased_type":["Relic"],"build_version":"2020-12-22","purchased_purges":1,"victory":false,"max_hp_per_floor":[66,66,66,66,66,66,66,66,66,66,66,66,66,67,67,67,67,67,67,67,67,67,67,67,67,67],"card_choices":[{"not_picked":["animator:Emonzaemon","animator:Shichika"],"picked":"animator:Witch","floor":1},{"not_picked":["animator:LizardPriest","animator:DolaStephanie"],"picked":"animator:Tatsumaki","floor":3},{"not_picked":["animator:Shichika","animator:Mikaela"],"picked":"animator:SayakaMiki","floor":5},{"not_picked":["animator:FielNirvalen","animator:DolaSchwi"],"picked":"animator:Jibril","floor":6},{"not_picked":["animator:Chung","animator:OrikoMikuni","animator:TukaLunaMarceau"],"picked":"SKIP","floor":8},{"not_picked":["animator:DolaRiku","animator:Konayuki"],"picked":"animator:Arpeggio","floor":11},{"not_picked":["animator:Sonic","animator:Ain"],"picked":"animator:DwarfShaman","floor":12},{"not_picked":["animator:Tyuule","animator:RoryMercury"],"picked":"animator:YaoHaDucy","floor":13},{"not_picked":["animator:IrohaTamaki","animator:Ain"],"picked":"animator:DolaStephanie","floor":14},{"not_picked":["animator:Guren","animator:GoblinSlayer"],"picked":"animator:FeridBathory","floor":16},{"not_picked":["animator:IzunaHatsuse","animator:Shinoa"],"picked":"animator:DolaSchwi","floor":18},{"not_picked":["animator:Laby","animator:Kuribayashi+1"],"picked":"animator:Aisha","floor":19},{"not_picked":["animator:Tet","animator:DolaSchwi"],"picked":"animator:DolaRiku","floor":21},{"not_picked":["animator:IzunaHatsuse","animator:DolaRiku+1"],"picked":"animator:Tatsumaki","floor":22}],"player_experience":365626,"relics_obtained":[{"floor":2,"key":"Orichalcum"},{"floor":6,"key":"Bag of Marbles"},{"floor":9,"key":"Potion Belt"}],"event_choices":[{"cards_removed":["animator:SayakaMiki"],"damage_healed":28,"gold_gain":0,"player_choice":"Offered Uncommon","damage_taken":0,"max_hp_gain":0,"max_hp_loss":0,"event_name":"Bonfire Elementals","floor":10,"gold_loss":0}],"is_beta":false,"boss_relics":[{"not_picked":["Coffee Dripper","animator:VividPicture"],"picked":"bronze:MakeshiftBattery"}],"items_purged_floors":[20],"is_endless":false,"potions_floor_spawned":[3,5,12,14,16,21,22],"killed_by":"Gremlin Leader","ascension_level":0}}