{"host":"dth0zvmc1sacm2fc","time":1613437289,"event":{"mods":["BaseMod","Downfall","Googly Eyes","Marisa????????","Minty Spire (QoL Compilation)","StSLib","The Mystic","The Poker Player","The Servant 0.9.4"],"gold_per_floor":[99,16,26,45,145,173,226,19,33,47,62,80,96,127,143,143,143,143],"floor_reached":16,"language":"ENG","playtime":4480,"items_purged":[],"score":116,"play_id":"2e80db70-16b1-44a0-ba4d-289694fb1a43","local_time":"20210216020129","is_ascension_mode":false,"campfire_choices":[{"floor":1.0,"key":"RECALL"}],"circlet_count":0,"master_deck":["bronze:Strike","bronze:Strike","bronze:Strike","bronze:Strike","bronze:Defend","bronze:Defend","bronze:Defend+1","bronze:Defend","bronze:Replicate","bronze:Goto+1","bronze:ChosenStrike","bronze:CleanCode","bronze:Optimize","bronze:OilSpill","bronze:Shell","bronze:Mutator","bronze:ChildClass","bronze:FineTuning","bronze:Iterate","bronze:Branch","bronze:CloningBeam","bronze:Deprecate","bronze:DelayedGuard"],"relics":["bronze:BronzeCore","War Paint","Art of War","Sling","Boot"],"acts_visited":["Exordium"],"potions_floor_usage":[15,16,16,16],"damage_taken":[{"damage":0.0,"enemies":"downfall:FleeingMerchant","floor":2.0,"turns":4.0},{"damage":1.0,"enemies":"Cultist","floor":3.0,"turns":4.0},{"damage":6.0,"enemies":"Jaw Worm","floor":4.0,"turns":2.0},{"damage":30.0,"enemies":"Lagavulin","floor":6.0,"turns":7.0},{"damage":5.0,"enemies":"downfall:FleeingMerchant","floor":8.0,"turns":4.0},{"damage":0.0,"enemies":"Small Slimes","floor":9.0,"turns":3.0},{"damage":4.0,"enemies":"3 Louse","floor":10.0,"turns":3.0},{"damage":4.0,"enemies":"2 Fungi Beasts","floor":11.0,"turns":3.0},{"damage":13.0,"enemies":"Lots of Slimes","floor":12.0,"turns":4.0},{"damage":0,"enemies":"3 Louse","floor":13,"turns":4},{"damage":13,"enemies":"3 Sentries","floor":14,"turns":6},{"damage":0,"enemies":"Blue Slaver","floor":15,"turns":3},{"damage":4,"enemies":"WA_ARCHETYPE_RETAIN","floor":16,"turns":1}],"seed_played":"-7280231678111314667","potions_obtained":[{"floor":4.0,"key":"sneckomod:MuddlingPotion"},{"floor":6.0,"key":"LiquidBronze"},{"floor":9.0,"key":"FearPotion"},{"floor":14,"key":"SpeedPotion"},{"floor":15,"key":"champ:CounterPotion"}],"is_trial":false,"path_per_floor":["R","$","M","M","?","E","T","$","M","M","M","M","M","E","M","B"],"character_chosen":"THE_AUTOMATON","items_purchased":["bronze:CleanCode","bronze:ChildClass","Sling"],"campfire_rested":0,"item_purchase_floors":[2,8,8],"current_hp_per_floor":[77,77,76,70,70,40,40,35,35,31,27,14,14,1,1,0,0,0],"gold":143,"neow_bonus":"TEN_PERCENT_HP_BONUS","is_daily":false,"chose_seed":false,"campfire_upgraded":0,"win_rate":0.0,"timestamp":1613437289,"path_taken":["R","$","M","M","?","E","T","?","M","M","M","M","M","E","M","BOSS"],"items_purchased_type":["Card","Card","Relic"],"build_version":"2020-12-22","purchased_purges":0,"victory":false,"max_hp_per_floor":[77,77,77,77,77,77,77,77,77,77,77,77,77,77,77,77,77,77],"card_choices":[{"not_picked":["bronze:CloningBeam","bronze:NullPointer"],"picked":"bronze:ChosenStrike","floor":2.0},{"not_picked":["bronze:Frontload","bronze:Boost"],"picked":"bronze:Optimize","floor":3.0},{"not_picked":["bronze:BuggyMess","bronze:Backtrace"],"picked":"bronze:OilSpill","floor":4.0},{"not_picked":["bronze:Shield","bronze:Overheat"],"picked":"bronze:Shell","floor":6.0},{"not_picked":["bronze:Return","bronze:Overheat"],"picked":"bronze:Mutator","floor":8.0},{"not_picked":["bronze:CloningBeam","bronze:Deprecate"],"picked":"bronze:FineTuning","floor":9.0},{"not_picked":["bronze:Turbo","bronze:BitShift"],"picked":"bronze:Iterate","floor":10.0},{"not_picked":["bronze:Turbo","bronze:Backtrace","bronze:BitShift"],"picked":"SKIP","floor":11.0},{"not_picked":["bronze:Allocate","bronze:Overheat"],"picked":"bronze:Branch","floor":12},{"not_picked":["bronze:ThunderWave","bronze:DarkDash"],"picked":"bronze:CloningBeam","floor":13},{"not_picked":["bronze:DelayedGuard","bronze:Shield"],"picked":"bronze:Deprecate","floor":14},{"not_picked":["bronze:Deprecate","bronze:Invalidate"],"picked":"bronze:DelayedGuard","floor":15}],"player_experience":188913,"relics_obtained":[{"floor":6.0,"key":"War Paint"},{"floor":7.0,"key":"Art of War"},{"floor":14,"key":"Boot"}],"event_choices":[],"is_beta":false,"boss_relics":[],"items_purged_floors":[],"is_endless":false,"potions_floor_spawned":[4,6,9,14,15],"killed_by":"WA_ARCHETYPE_RETAIN","ascension_level":0}}