{"host":"p1xsuo25udtrkbq2","time":1613459664,"event":{"mods":["BaseMod","Colored Map","Googly Eyes","Highlight Path","Minty Spire (QoL Compilation)","Quick Restart","Rare Cards Sparkle","Relic Stats","Slay the Relics Exporter","StSLib","everything is the same but u backflip on backflip"],"gold_per_floor":[112,124,124,8,27,27,60,72,136,177,189,214,239,278,290,378,390,421,448,70,70,90,125,125,160,213,231,245,245,33,33,33,107,107,121,146,161,0,17,42,56,56,79,79,79,129,129,161,161,161,161,161],"floor_reached":51,"language":"ENG","playtime":8122,"items_purged":["Writhe","Strike_G","Strike_G"],"score":1526,"play_id":"9ccf6f7b-c186-41fd-9a46-57fe8eec0f73","local_time":"20210216021424","is_ascension_mode":true,"campfire_choices":[{"data":"Apotheosis","floor":6.0,"key":"SMITH"},{"data":"Noxious Fumes","floor":8.0,"key":"SMITH"},{"floor":11.0,"key":"REST"},{"data":"Well Laid Plans","floor":15.0,"key":"SMITH"},{"floor":24.0,"key":"REST"},{"floor":29.0,"key":"REST"},{"data":"Catalyst","floor":32.0,"key":"SMITH"},{"floor":42.0,"key":"REST"},{"floor":44.0,"key":"REST"},{"floor":47.0,"key":"REST"},{"floor":49.0,"key":"RECALL"}],"circlet_count":0,"master_deck":["AscendersBane","Defend_G","Defend_G","Defend_G","Defend_G","Defend_G","Survivor","Neutralize","Apotheosis+1","PiercingWail","Riddle With Holes","Cloak And Dagger","Well Laid Plans+1","Noxious Fumes+1","Predator","Deadly Poison","Dagger Throw","Poisoned Stab","Phantasmal Killer","Calculated Gamble","Leg Sweep","Catalyst+1","Catalyst","Crippling Poison","Bouncing Flask","Noxious Fumes+1","Catalyst","Blur","Concentrate","Corpse Explosion","Deadly Poison+1","Prepared","Backflip","Deflect","Footwork+1"],"relics":["Ring of the Snake","MawBank","Blood Vial","Strawberry","Frozen Egg 2","Velvet Choker","DollysMirror","Ninja Scroll","Juzu Bracelet","Orichalcum","Black Star","Calipers","Red Mask","Toy Ornithopter","Nunchaku","Incense Burner","Snake Skull","Bottled Flame"],"acts_visited":["TheCity","TheBeyond"],"potions_floor_usage":[],"damage_taken":[{"damage":0.0,"enemies":"Jaw Worm","floor":1.0,"turns":5.0},{"damage":0.0,"enemies":"Cultist","floor":2.0,"turns":4.0},{"damage":0.0,"enemies":"2 Louse","floor":5.0,"turns":4.0},{"damage":6.0,"enemies":"3 Sentries","floor":7.0,"turns":7.0},{"damage":21.0,"enemies":"Gremlin Nob","floor":10.0,"turns":4.0},{"damage":14.0,"enemies":"Exordium Wildlife","floor":12.0,"turns":5.0},{"damage":1.0,"enemies":"Blue Slaver","floor":13.0,"turns":4.0},{"damage":13.0,"enemies":"Lagavulin","floor":14.0,"turns":6.0},{"damage":2.0,"enemies":"The Guardian","floor":16.0,"turns":9.0},{"damage":0.0,"enemies":"Chosen","floor":18.0,"turns":3.0},{"damage":16.0,"enemies":"2 Thieves","floor":19.0,"turns":4.0},{"damage":20.0,"enemies":"Snecko","floor":22.0,"turns":5.0},{"damage":6.0,"enemies":"Book of Stabbing","floor":23.0,"turns":4.0},{"damage":21.0,"enemies":"Gremlin Leader","floor":25.0,"turns":5.0},{"damage":0.0,"enemies":"Chosen and Byrds","floor":27.0,"turns":4.0},{"damage":0.0,"enemies":"Snake Plant","floor":28.0,"turns":2.0},{"damage":17.0,"enemies":"Automaton","floor":33.0,"turns":6.0},{"damage":18.0,"enemies":"Orb Walker","floor":35.0,"turns":4.0},{"damage":1.0,"enemies":"Mind Bloom Boss Battle","floor":36.0,"turns":6.0},{"damage":24.0,"enemies":"3 Darklings","floor":37.0,"turns":4.0},{"damage":11.0,"enemies":"Spire Growth","floor":39.0,"turns":3.0},{"damage":21.0,"enemies":"Reptomancer","floor":40.0,"turns":4.0},{"damage":14.0,"enemies":"Jaw Worm Horde","floor":41.0,"turns":4.0},{"damage":28.0,"enemies":"2 Orb Walkers","floor":46.0,"turns":3.0},{"damage":12.0,"enemies":"Giant Head","floor":48.0,"turns":5.0},{"damage":18,"enemies":"Donu and Deca","floor":50,"turns":6},{"damage":27,"enemies":"Awakened One","floor":51,"turns":4}],"seed_played":"4512615560424951838","potions_obtained":[{"floor":1.0,"key":"DistilledChaos"},{"floor":2.0,"key":"Energy Potion"},{"floor":5.0,"key":"DistilledChaos"},{"floor":12.0,"key":"FearPotion"},{"floor":14.0,"key":"BlessingOfTheForge"},{"floor":19.0,"key":"ColorlessPotion"},{"floor":23.0,"key":"Ancient Potion"},{"floor":25.0,"key":"Dexterity Potion"},{"floor":27.0,"key":"SkillPotion"},{"floor":33.0,"key":"Strength Potion"},{"floor":36.0,"key":"Regen Potion"}],"is_trial":false,"path_per_floor":["M","M","?","$","M","R","E","R","T","E","R","M","M","E","R","B",null,"M","M","$","?","M","E","R","E","T","M","M","R","$","?","R","B",null,"M","?","M","?","M","E","M","R","T","R","?","?","R","E","R","B","B"],"character_chosen":"THE_SILENT","items_purchased":["Well Laid Plans","Catalyst","DollysMirror","Crippling Poison","Catalyst"],"campfire_rested":6,"item_purchase_floors":[4,20,20,20,30],"current_hp_per_floor":[59,59,59,59,59,59,53,53,53,41,62,50,51,40,40,40,65,67,53,53,53,35,31,52,33,33,35,37,58,58,58,58,43,66,50,51,29,29,20,15,8,29,29,50,50,24,44,34,34,18,0,0],"gold":161,"neow_bonus":"RANDOM_COLORLESS_2","is_daily":false,"chose_seed":false,"campfire_upgraded":4,"win_rate":0.0,"timestamp":1613459664,"path_taken":["M","M","?","$","M","R","E","R","T","E","R","M","M","E","R","BOSS","M","M","?","?","M","E","R","E","T","M","M","R","$","?","R","BOSS","M","?","M","?","M","E","M","R","T","R","?","?","R","E","R","BOSS","BOSS"],"items_purchased_type":["Card","Card","Relic","Card","Card"],"build_version":"2020-12-22","purchased_purges":3,"victory":false,"max_hp_per_floor":[66,66,66,66,66,66,66,66,66,73,73,73,73,73,73,73,73,73,73,73,73,73,73,73,73,73,73,73,73,73,73,73,73,73,73,73,73,73,73,73,73,73,73,73,69,69,69,69,69,69,69,69],"relic_stats":{"Blood Vial":46,"Nunchaku":[2],"counters":[27,124],"Snake Skull":[12],"Juzu Bracelet":0,"Black Star":2,"Orichalcum":[138],"MawBank":156,"obtain_stats":[{"Calipers":36,"Velvet Choker":17,"Snake Skull":48,"Juzu Bracelet":25,"Incense Burner":46,"Frozen Egg 2":14,"Orichalcum":26,"MawBank":7,"Blood Vial":9,"Nunchaku":40,"Bottled Flame":48,"DollysMirror":20,"Ninja Scroll":23,"Strawberry":10,"Black Star":34,"Red Mask":38,"Toy Ornithopter":40,"Ring of the Snake":0},{"Calipers":19,"Velvet Choker":9,"Snake Skull":25,"Juzu Bracelet":14,"Incense Burner":24,"Frozen Egg 2":8,"Orichalcum":14,"MawBank":4,"Blood Vial":4,"Nunchaku":22,"Bottled Flame":25,"DollysMirror":11,"Ninja Scroll":13,"Strawberry":5,"Black Star":17,"Red Mask":20,"Toy Ornithopter":22,"Ring of the Snake":0},{"Calipers":91,"Velvet Choker":48,"Snake Skull":114,"Juzu Bracelet":69,"Incense Burner":109,"Frozen Egg 2":39,"Orichalcum":69,"MawBank":20,"Blood Vial":20,"Nunchaku":102,"Bottled Flame":114,"DollysMirror":55,"Ninja Scroll":64,"Strawberry":24,"Black Star":81,"Red Mask":95,"Toy Ornithopter":102,"Ring of the Snake":0}],"Toy Ornithopter":5,"Ring of the Snake":[54]},"card_choices":[{"not_picked":["Secret Weapon","Thinking Ahead"],"picked":"Apotheosis","floor":0.0},{"not_picked":["Prepared","Expertise"],"picked":"PiercingWail","floor":1.0},{"not_picked":["Backflip","Concentrate"],"picked":"Riddle With Holes","floor":2.0},{"not_picked":["Dagger Throw","Backflip"],"picked":"Noxious Fumes","floor":5.0},{"not_picked":["Backstab","Deflect"],"picked":"Predator","floor":7.0},{"not_picked":["Bane","Dodge and Roll","Finisher"],"picked":"SKIP","floor":10.0},{"not_picked":["Backflip","Acrobatics"],"picked":"Deadly Poison","floor":12.0},{"not_picked":["Distraction","Escape Plan"],"picked":"Dagger Throw","floor":13.0},{"not_picked":["Flying Knee","Dagger Throw"],"picked":"Poisoned Stab","floor":14.0},{"not_picked":["Bullet Time","Glass Knife"],"picked":"Phantasmal Killer","floor":16.0},{"not_picked":["Flying Knee","PiercingWail"],"picked":"Calculated Gamble","floor":18.0},{"not_picked":["Backflip","Outmaneuver"],"picked":"Leg Sweep","floor":19.0},{"not_picked":["Quick Slash","Eviscerate+1","Bane"],"picked":"SKIP","floor":22.0},{"not_picked":["Deadly Poison","Heel Hook"],"picked":"Bouncing Flask","floor":23.0},{"not_picked":["Caltrops+1","PiercingWail"],"picked":"Noxious Fumes+1","floor":25.0},{"not_picked":["Deflect","Dagger Spray+1","Quick Slash"],"picked":"SKIP","floor":27.0},{"not_picked":["Flechettes","Slice","Outmaneuver"],"picked":"SKIP","floor":28.0},{"not_picked":["A Thousand Cuts+1","Doppelganger"],"picked":"Corpse Explosion","floor":33.0},{"not_picked":["Dodge and Roll","Flechettes+1","Calculated Gamble"],"picked":"SKIP","floor":35.0},{"not_picked":["Outmaneuver","Underhanded Strike"],"picked":"Deadly Poison+1","floor":36.0},{"not_picked":["Outmaneuver","Poisoned Stab"],"picked":"Prepared","floor":37.0},{"not_picked":["All Out Attack+1","Caltrops+1"],"picked":"Backflip","floor":39.0},{"not_picked":["Sucker Punch","Poisoned Stab","Dagger Spray"],"picked":"SKIP","floor":40.0},{"not_picked":["Prepared","Setup+1","Dagger Spray+1"],"picked":"SKIP","floor":41.0},{"not_picked":["Setup+1","Finisher"],"picked":"Deflect","floor":46.0},{"not_picked":["Doppelganger","Bane"],"picked":"Footwork+1","floor":48.0}],"player_experience":1074118,"relics_obtained":[{"floor":7.0,"key":"MawBank"},{"floor":9.0,"key":"Blood Vial"},{"floor":10.0,"key":"Strawberry"},{"floor":14.0,"key":"Frozen Egg 2"},{"floor":23.0,"key":"Ninja Scroll"},{"floor":25.0,"key":"Juzu Bracelet"},{"floor":26.0,"key":"Orichalcum"},{"floor":36.0,"key":"Calipers"},{"floor":40.0,"key":"Toy Ornithopter"},{"floor":40.0,"key":"Nunchaku"},{"floor":46.0,"key":"Incense Burner"},{"floor":48.0,"key":"Snake Skull"},{"floor":48.0,"key":"Bottled Flame"}],"event_choices":[{"damage_healed":0.0,"max_hp_gain":0.0,"max_hp_loss":0.0,"gold_gain":0.0,"cards_transformed":["Strike_G"],"event_name":"Transmorgrifier","player_choice":"Transformed","floor":3.0,"gold_loss":0.0,"damage_taken":0.0,"cards_obtained":["Cloak And Dagger"]},{"damage_healed":0.0,"max_hp_gain":0.0,"max_hp_loss":0.0,"gold_gain":0.0,"event_name":"The Mausoleum","player_choice":"Ignored","floor":21.0,"gold_loss":0.0,"damage_taken":0.0},{"damage_healed":0.0,"max_hp_gain":0.0,"max_hp_loss":0.0,"gold_gain":0.0,"cards_transformed":["Strike_G","Strike_G"],"event_name":"Drug Dealer","player_choice":"Became Test Subject","floor":31.0,"gold_loss":0.0,"damage_taken":0.0,"cards_obtained":["Blur","Concentrate"]},{"damage_healed":0.0,"max_hp_gain":0.0,"max_hp_loss":0.0,"gold_gain":0.0,"event_name":"MindBloom","player_choice":"Fight","floor":36.0,"gold_loss":0.0,"damage_taken":0.0},{"damage_healed":0.0,"max_hp_gain":0.0,"max_hp_loss":0.0,"gold_gain":0.0,"event_name":"Tomb of Lord Red Mask","player_choice":"Paid","floor":38.0,"gold_loss":161.0,"damage_taken":0.0,"relics_obtained":["Red Mask"]},{"damage_healed":0.0,"max_hp_gain":0.0,"max_hp_loss":4.0,"gold_gain":0.0,"event_name":"Winding Halls","player_choice":"Max HP","floor":45.0,"gold_loss":0.0,"damage_taken":0.0},{"damage_healed":0.0,"max_hp_gain":0.0,"max_hp_loss":0.0,"gold_gain":0.0,"event_name":"Mysterious Sphere","player_choice":"Fight","floor":46.0,"gold_loss":0.0,"damage_taken":0.0}],"is_beta":false,"boss_relics":[{"not_picked":["SacredBark","Ectoplasm"],"picked":"Velvet Choker"},{"not_picked":["WristBlade","Coffee Dripper"],"picked":"Black Star"}],"items_purged_floors":[4,20,30],"is_endless":false,"potions_floor_spawned":[1,2,5,12,14,19,23,25,27,33,36,37,39],"killed_by":"Awakened One","ascension_level":20}}