{"host":"88n6zaadp7apuxho","time":1613442989,"event":{"mods":["AchievementEnabler","BaseMod","CapriCore","Colored Map","Friendly Minions","KomeijiMod","Minty Spire (QoL Compilation)","StSLib","The Immortal"],"gold_per_floor":[119,119,136,136,78,78,113,113,166,216,227,243,268,283,283,361,361,371,447,447,463,477,477,477,477],"floor_reached":23,"language":"KOR","playtime":738,"items_purged":[],"score":402,"play_id":"eda3f2b9-3010-4e78-a472-5f2e0a7a86b2","local_time":"20210216113629","is_ascension_mode":true,"campfire_choices":[{"data":"MokouMod:FlickeringFlame","floor":6,"key":"SMITH"},{"data":"MokouMod:ResoluteFlare","floor":8,"key":"SMITH"},{"data":"MokouMod:Ember","floor":15,"key":"SMITH"}],"circlet_count":0,"master_deck":["MokouMod:Strike","MokouMod:Strike","MokouMod:Defend","MokouMod:Defend","MokouMod:Defend","MokouMod:HeatSpark+1","MokouMod:FlickeringFlame+1","MokouMod:ResoluteFlare+1","MokouMod:Ember+1","MokouMod:WarmUp+1","MokouMod:Rebirth","MokouMod:InfernalWave","MokouMod:HeartofFire","MokouMod:InfernalWave"],"relics":["MokouMod:PhoenixFeather","Mango","Lantern","Toxic Egg 2","Coffee Dripper"],"acts_visited":["Exordium","TheCity"],"potions_floor_usage":[12,12,23],"damage_taken":[{"damage":1,"enemies":"Cultist","floor":1,"turns":3},{"damage":4,"enemies":"Small Slimes","floor":3,"turns":3},{"damage":20,"enemies":"Lagavulin","floor":7,"turns":5},{"damage":0,"enemies":"2 Louse","floor":11,"turns":2},{"damage":8,"enemies":"Lots of Slimes","floor":12,"turns":4},{"damage":20,"enemies":"3 Sentries","floor":13,"turns":7},{"damage":4,"enemies":"Red Slaver","floor":14,"turns":4},{"damage":41,"enemies":"The Guardian","floor":16,"turns":7},{"damage":31,"enemies":"Shell Parasite","floor":18,"turns":4},{"damage":6,"enemies":"Spheric Guardian","floor":21,"turns":3},{"damage":29,"enemies":"Centurion and Healer","floor":22,"turns":4},{"damage":25,"enemies":"Slavers","floor":23,"turns":2}],"seed_played":"-6573803901934165933","potions_obtained":[{"floor":7,"key":"LiquidMemories"},{"floor":11,"key":"BlessingOfTheForge"},{"floor":16,"key":"SmokeBomb"},{"floor":21,"key":"Weak Potion"}],"is_trial":false,"path_per_floor":["M","?","M","?","$","R","E","R","T","?","M","M","E","M","R","B",null,"M","T","?","M","M","E"],"character_chosen":"MKU","items_purchased":["MokouMod:ResoluteFlare"],"campfire_rested":0,"item_purchase_floors":[5],"current_hp_per_floor":[67,67,63,63,63,63,57,57,57,49,49,41,21,17,17,5,68,37,37,37,31,2,5,5,5],"gold":477,"neow_bonus":"UPGRADE_CARD","is_daily":false,"chose_seed":false,"campfire_upgraded":3,"win_rate":0.0,"timestamp":1613442989,"path_taken":["M","?","M","?","$","R","E","R","T","?","?","M","E","M","R","BOSS","M","?","?","M","M","E"],"items_purchased_type":["Card"],"build_version":"2020-12-22","purchased_purges":0,"victory":false,"max_hp_per_floor":[75,75,75,75,75,75,89,89,89,89,89,89,89,89,89,89,89,89,89,89,89,89,89,89,89],"card_choices":[{"not_picked":["MokouMod:Singe","MokouMod:ScorchedEarth"],"picked":"MokouMod:FlickeringFlame","floor":1},{"not_picked":["MokouMod:Firecracker","MokouMod:BlazingComet","MokouMod:Wildfire"],"picked":"SKIP","floor":3},{"not_picked":["MokouMod:UncontrollableSolarReaction","MokouMod:FusionFlare","MokouMod:PhoenixFeathers"],"picked":"SKIP","floor":7},{"not_picked":["MokouMod:SpontaneousHumanCombustion","MokouMod:Firecracker","MokouMod:RoaringFlare"],"picked":"SKIP","floor":11},{"not_picked":["MokouMod:HeatCyclone","MokouMod:Stoke"],"picked":"MokouMod:Ember","floor":12},{"not_picked":["MokouMod:IgnitionBlast","MokouMod:ResoluteFlare"],"picked":"MokouMod:WarmUp+1","floor":13},{"not_picked":["MokouMod:EternalBurstReactor","MokouMod:FusionFlare","MokouMod:IndiscriminateIgnition+1"],"picked":"SKIP","floor":14},{"not_picked":["MokouMod:Rekindle+1","MokouMod:Geothermal"],"picked":"MokouMod:Rebirth","floor":16},{"not_picked":["MokouMod:TemporalFireSeal","MokouMod:BlazingComet"],"picked":"MokouMod:InfernalWave","floor":18},{"not_picked":["MokouMod:IndiscriminateIgnition+1","MokouMod:Meltdown"],"picked":"MokouMod:HeartofFire","floor":21},{"not_picked":["MokouMod:Singe+1","MokouMod:ResoluteFlare"],"picked":"MokouMod:InfernalWave","floor":22}],"player_experience":492636,"relics_obtained":[{"floor":7,"key":"Mango"},{"floor":9,"key":"Lantern"},{"floor":13,"key":"Toxic Egg 2"}],"event_choices":[{"damage_healed":0,"gold_gain":0,"player_choice":"Ignored","damage_taken":0,"max_hp_gain":0,"max_hp_loss":0,"event_name":"Liars Game","floor":4,"gold_loss":0},{"damage_healed":0,"gold_gain":50,"player_choice":"Touch","damage_taken":8,"max_hp_gain":0,"max_hp_loss":0,"event_name":"FaceTrader","floor":10,"gold_loss":0},{"cards_removed":["MokouMod:Strike"],"damage_healed":0,"gold_gain":0,"player_choice":"Elegance","damage_taken":0,"max_hp_gain":0,"max_hp_loss":0,"event_name":"Back to Basics","floor":20,"gold_loss":0}],"is_beta":false,"boss_relics":[{"not_picked":["SacredBark","Tiny House"],"picked":"Coffee Dripper"}],"items_purged_floors":[],"is_endless":false,"potions_floor_spawned":[7,11,16,21,22],"killed_by":"Slavers","ascension_level":20}}