{"host":"p7cjtxxrilhp4dw7","time":1613507323,"event":{"mods":["BaseMod","Block Reminder","Colored Map","Curses Come First","Highlight Path","Minty Spire (QoL Compilation)","Replay The Spire","StSLib"],"gold_per_floor":[109,109,123,123,123,123,155,155,181,192,202,215,215,241,241,337,337,355,355,355,355],"floor_reached":20,"language":"ENG","playtime":1447,"items_purged":[],"score":331,"play_id":"ee820828-8d88-46fa-8d83-71379c10420a","local_time":"20210216132843","is_ascension_mode":true,"campfire_choices":[{"data":"Armaments","floor":6,"key":"SMITH"},{"floor":8,"key":"REST"},{"floor":13,"key":"REST"},{"data":"Metallicize","floor":15,"key":"SMITH"}],"circlet_count":0,"master_deck":["AscendersBane","Strike_R","Strike_R+1","Strike_R","Strike_R+1","Defend_R+1","Defend_R","Defend_R","Defend_R","Bash","Rampage","Armaments+1","Iron Wave","Clothesline","Metallicize+1","Feed","Feed","Bash","Flex"],"relics":["Burning Blood","Calipers","Whetstone","Ancient Tea Set","Blue Candle","Busted Crown"],"acts_visited":["Exordium","TheCity"],"potions_floor_usage":[3,16,16,20],"damage_taken":[{"damage":8,"enemies":"Jaw Worm","floor":1,"turns":5},{"damage":10,"enemies":"2 Louse","floor":3,"turns":3},{"damage":32,"enemies":"3 Sentries","floor":7,"turns":12},{"damage":0,"enemies":"Cultist","floor":10,"turns":3},{"damage":5,"enemies":"2 Fungi Beasts","floor":11,"turns":4},{"damage":11,"enemies":"Gremlin Gang","floor":12,"turns":6},{"damage":0,"enemies":"Replay:BlueRogue","floor":14,"turns":5},{"damage":75,"enemies":"Slime Boss","floor":16,"turns":14},{"damage":3,"enemies":"Chosen","floor":18,"turns":6},{"damage":16,"enemies":"3 Byrds","floor":20,"turns":3}],"seed_played":"-4177818985543808153","potions_obtained":[{"floor":3,"key":"BloodPotion"},{"floor":11,"key":"LiquidBronze"},{"floor":12,"key":"Swift Potion"},{"floor":18,"key":"SkillPotion"}],"is_trial":false,"path_per_floor":["M","?","M","?","$","R","E","R","T","M","M","M","R","E","R","B",null,"M","?","M"],"character_chosen":"IRONCLAD","items_purchased":[],"campfire_rested":2,"item_purchase_floors":[],"current_hp_per_floor":[49,49,61,61,61,61,35,59,59,65,66,61,80,83,83,17,69,75,75,59,59],"gold":355,"neow_bonus":"ONE_RARE_RELIC","is_daily":false,"chose_seed":false,"campfire_upgraded":2,"win_rate":0.0,"timestamp":1613507323,"path_taken":["M","?","M","?","$","R","E","R","T","M","M","?","R","E","R","BOSS","M","?","?"],"items_purchased_type":[],"build_version":"2020-12-22","purchased_purges":0,"victory":false,"max_hp_per_floor":[80,80,80,80,80,80,80,80,80,80,80,80,80,83,83,86,86,89,89,89,89],"card_choices":[{"not_picked":["Havoc","Sentinel"],"picked":"Rampage","floor":1},{"not_picked":["Twin Strike","Run Through"],"picked":"Armaments","floor":3},{"not_picked":["ReplayTheSpireMod:Limb From Limb","Sword Boomerang"],"picked":"Iron Wave","floor":7},{"not_picked":["Rampage","Pommel Strike"],"picked":"Clothesline","floor":10},{"not_picked":["Pommel Strike","Armaments"],"picked":"Metallicize","floor":11},{"not_picked":["Blood for Blood","Iron Wave"],"picked":"Feed","floor":12},{"not_picked":["Sever Soul","Burning Pact","Defy Death"],"picked":"SKIP","floor":14},{"not_picked":["Berserk","Eclipse"],"picked":"Feed","floor":16},{"not_picked":["Burning Pact"],"picked":"SKIP","floor":18}],"player_experience":679400,"relics_obtained":[{"floor":7,"key":"Whetstone"},{"floor":9,"key":"Ancient Tea Set"},{"floor":14,"key":"Blue Candle"}],"event_choices":[{"cards_removed":["Strike_R"],"damage_healed":0,"gold_gain":0,"player_choice":"Purged","damage_taken":0,"max_hp_gain":0,"max_hp_loss":0,"event_name":"Purifier","floor":4,"gold_loss":0},{"damage_healed":0,"gold_gain":0,"player_choice":"2 cards matched","damage_taken":0,"max_hp_gain":0,"max_hp_loss":0,"event_name":"Match and Keep!","floor":19,"gold_loss":0,"cards_obtained":["Bash","Flex"]}],"is_beta":false,"boss_relics":[{"not_picked":["Painkiller Herb","Tiny House"],"picked":"Busted Crown"}],"items_purged_floors":[],"is_endless":false,"potions_floor_spawned":[3,11,12,18],"killed_by":"3 Byrds","ascension_level":12}}