{"host":"7gd7wzntdunlhduv","time":1613505412,"event":{"mods":["Aspiration","BaseMod","BetterRewards","Colored Powertips","Conspire","DeckTracker","Halation","Hubris","Minty Spire (QoL Compilation)","Quick Restart","StSLib","SuperFastMode","Trackpad"],"gold_per_floor":[119,137,174,174,185,210,227,227,253,253,253],"floor_reached":10,"language":"ENG","playtime":870,"items_purged":[],"score":75,"play_id":"3a4849ff-51d6-4bee-95a9-d64bf12b6df5","local_time":"20210216195652","is_ascension_mode":true,"campfire_choices":[],"circlet_count":0,"master_deck":["Strike_B","Strike_B","Strike_B","Strike_B","Defend_B","Defend_B","Defend_B","Defend_B","Zap","Dualcast","Conserve Battery","conspire:Rain","Genetic Algorithm","Tempest+1","Leap","Cold Snap"],"relics":["Cracked Core","Happy Flower","trackpad:IciclePrecepts","halation:PinkSoulGem","aspiration:EnhancedActuators"],"acts_visited":["Exordium"],"potions_floor_usage":[3,7],"damage_taken":[{"damage":3,"enemies":"Small Slimes","floor":1,"turns":3},{"damage":7,"enemies":"Jaw Worm","floor":2,"turns":4},{"damage":32,"enemies":"conspire:MimicChest","floor":3,"turns":6},{"damage":0,"enemies":"2 Louse","floor":5,"turns":3},{"damage":22,"enemies":"Gremlin Nob","floor":6,"turns":4},{"damage":4,"enemies":"Large Slime","floor":7,"turns":4},{"damage":15,"enemies":"Lagavulin","floor":10,"turns":3}],"seed_played":"6682914267674283313","potions_obtained":[{"floor":2,"key":"Fruit Juice"},{"floor":5,"key":"Energy Potion"}],"is_trial":false,"path_per_floor":["M","M","?","?","M","E","M","?","T","E"],"character_chosen":"DEFECT","items_purchased":["Conserve Battery"],"campfire_rested":0,"item_purchase_floors":[0],"current_hp_per_floor":[72,65,38,38,38,16,12,12,12,0,0],"gold":253,"neow_bonus":"","is_daily":false,"chose_seed":false,"campfire_upgraded":0,"win_rate":0.0,"timestamp":1613505412,"path_taken":["M","M","?","?","M","E","M","?","T","E"],"items_purchased_type":["Card"],"build_version":"2020-12-22","purchased_purges":0,"victory":false,"max_hp_per_floor":[75,75,80,80,80,80,80,80,80,80,80],"card_choices":[{"not_picked":["Go for the Eyes","Rebound"],"picked":"conspire:Rain","floor":1},{"not_picked":["Stack","Sweeping Beam"],"picked":"Genetic Algorithm","floor":2},{"not_picked":["Barrage","Sweeping Beam"],"picked":"Tempest","floor":3},{"not_picked":["Conserve Battery","Go for the Eyes"],"picked":"Leap","floor":5},{"not_picked":["Hologram","Electrodynamics"],"picked":"Cold Snap","floor":6},{"not_picked":["Turbo","Ball Lightning","Barrage"],"picked":"SKIP","floor":7}],"player_experience":364876,"relics_obtained":[{"floor":3,"key":"Happy Flower"},{"floor":6,"key":"trackpad:IciclePrecepts"},{"floor":9,"key":"aspiration:EnhancedActuators"}],"event_choices":[{"damage_healed":0,"gold_gain":0,"player_choice":"Grow","damage_taken":0,"max_hp_gain":0,"max_hp_loss":0,"event_name":"Living Wall","floor":4,"gold_loss":0,"cards_upgraded":["Tempest"]}],"is_beta":false,"boss_relics":[],"items_purged_floors":[],"is_endless":false,"potions_floor_spawned":[2,5],"killed_by":"Lagavulin","ascension_level":2}}