{"host":"8j2p1sh8usgjasrb","time":1613470716,"event":{"mods":["ATMod(°¢èªMod)","BaseMod","Ironclad Rager","Marked Mod","Minty Spire (QoL Compilation)","Reliquary","Replay The Spire","StSLib","TestMod"],"gold_per_floor":[11,11,29,46,46,46,64,76,122,138,138,138,14,32,32,136,136,156,4,14,14,14,14,14,14,14,43,60,60,76,106,106,206,206,226,226,226,241,268,268,291,311,311,33,50,71,71,93,93,110],"floor_reached":51,"language":"ZHS","playtime":3004,"items_purged":["Spreading Infection"],"score":663,"play_id":"7ff19d69-bf80-488d-be5c-086b8ec5ce34","local_time":"20210216181836","is_ascension_mode":false,"campfire_choices":[{"data":"Neutralize","floor":6,"key":"SMITH"},{"floor":12,"key":"REST"},{"data":"AT_DarkMatter","floor":15,"key":"SMITH"},{"data":"Survivor","floor":23,"key":"SMITH"},{"floor":32,"key":"REST"},{"data":"ICR:Vanish","floor":40,"key":"SMITH"},{"data":"Catalyst","floor":49,"key":"SMITH"}],"circlet_count":0,"master_deck":["Survivor+1","Neutralize+1","AT_DarkMatter+1","Poisoned Stab","Poisoned Stab","Poisoned Stab","Poisoned Stab","Poisoned Stab","Dodge and Roll","Dodge and Roll","Dodge and Roll","Dodge and Roll","Dodge and Roll","ICR:Vanish+1","Catalyst+1","Corpse Explosion","Calculated Gamble","Dagger Throw+1","Prepared+1","CommonCold","AT_TwilightShroud+1","Catalyst+1"],"relics":["AT_ATBox","testmod-TestBox","reliquary:Sideboard","AT_ArcaneBoots","reliquary:Boomerang","Sizzling Blood","Honey Jar","TwistedFunnel","Chameleon Ring","Question Card","PreservedInsect","Red Mask","testmod-DeterminationOfClimber","Ring of Peace","ReplayTheSpireMod:Ring of Challenge","Replay:WaspNest","AT_BladeRuinedKing"],"acts_visited":["Exordium","TheCity","TheBeyond"],"potions_floor_usage":[33,33,39,50,50],"damage_taken":[{"damage":0,"enemies":"2 Louse","floor":1,"turns":2},{"damage":0,"enemies":"Cultist","floor":3,"turns":3},{"damage":0,"enemies":"Small Slimes","floor":4,"turns":3},{"damage":0,"enemies":"Looter","floor":7,"turns":3},{"damage":6,"enemies":"Exordium Thugs","floor":8,"turns":5},{"damage":5,"enemies":"Lots of Slimes","floor":10,"turns":5},{"damage":6,"enemies":"Exordium Wildlife","floor":14,"turns":5},{"damage":25,"enemies":"Slime Boss","floor":16,"turns":14},{"damage":1,"enemies":"3 Byrds","floor":18,"turns":5},{"damage":0,"enemies":"Spheric Guardian","floor":20,"turns":3},{"damage":16,"enemies":"Slavers","floor":27,"turns":8},{"damage":0,"enemies":"Snecko","floor":28,"turns":4},{"damage":2,"enemies":"Chosen and Byrds","floor":30,"turns":5},{"damage":10,"enemies":"Masked Bandits","floor":31,"turns":5},{"damage":50,"enemies":"Automaton","floor":33,"turns":9},{"damage":0,"enemies":"Orb Walker","floor":35,"turns":2},{"damage":0,"enemies":"3 Shapes","floor":38,"turns":3},{"damage":0,"enemies":"Transient","floor":39,"turns":5},{"damage":0,"enemies":"Writhing Mass","floor":41,"turns":4},{"damage":0,"enemies":"Spire Growth","floor":42,"turns":3},{"damage":0,"enemies":"Transient","floor":45,"turns":5},{"damage":0,"enemies":"3 Darklings","floor":46,"turns":2},{"damage":0,"enemies":"Writhing Mass","floor":48,"turns":3},{"damage":50,"enemies":"Time Eater","floor":50,"turns":10}],"seed_played":"-7277020004922496712","potions_obtained":[{"floor":1,"key":"SkillPotion"},{"floor":8,"key":"Strength Potion"},{"floor":18,"key":"Elixir"},{"floor":25,"key":"GhostInAJar"},{"floor":25,"key":"GamblersBrew"},{"floor":29,"key":"Fire Potion"},{"floor":29,"key":"Swift Potion"},{"floor":30,"key":"Energy Potion"},{"floor":33,"key":"Block Potion"},{"floor":37,"key":"testmod-SpacePotion"},{"floor":37,"key":"Death Potion"},{"floor":41,"key":"Strength Potion"},{"floor":42,"key":"Swift Potion"},{"floor":46,"key":"GhostInAJar"}],"is_trial":false,"path_per_floor":["M","?","M","M","?","R","M","M","T","M","?","R","$","M","R","B",null,"M","$","M","?","T","R","?","R","T","E","M","R","M","?","R","B",null,"M","?","?","M","M","R","M","M","T","$","M","M","$","M","R","B",null],"character_chosen":"THE_SILENT","items_purchased":["Dexterity Potion","TwistedFunnel","AT_BladeRuinedKing","Catalyst","FearPotion"],"campfire_rested":2,"item_purchase_floors":[13,19,44,44,44],"current_hp_per_floor":[45,42,42,42,42,42,42,36,36,31,35,55,55,53,53,32,67,67,67,67,55,55,55,55,55,55,43,47,47,49,43,64,18,72,72,72,72,72,72,72,72,72,72,72,72,72,72,72,72,40],"gold":110,"neow_bonus":"SILENT_ASSASSIN","is_daily":false,"chose_seed":false,"campfire_upgraded":5,"win_rate":0.0,"timestamp":1613470716,"path_taken":["M","?","M","M","?","R","M","M","T","?","?","R","$","M","R","BOSS","M","$","M","?","?","R","?","R","T","E","M","R","?","?","R","BOSS","M","?","?","?","M","R","M","M","T","?","M","M","?","M","R","BOSS"],"items_purchased_type":["Potion","Relic","Relic","Card","Potion"],"build_version":"2020-12-22","purchased_purges":1,"victory":true,"max_hp_per_floor":[63,63,63,63,63,63,63,63,63,63,67,67,67,67,67,67,67,67,67,67,72,72,72,72,72,72,72,72,72,72,72,72,72,72,72,72,72,72,72,72,72,72,72,72,72,72,72,72,72,72],"card_choices":[{"not_picked":["Infinite Blades","Deadly Poison"],"picked":"Poisoned Stab","floor":1},{"not_picked":["Cloak And Dagger","AT_KneejerkReflex"],"picked":"AT_WindFlip","floor":3},{"not_picked":["Cloak And Dagger","AT_WindFlip"],"picked":"Sucker Punch","floor":4},{"not_picked":["Flechettes","Outmaneuver","Sucker Punch"],"picked":"SKIP","floor":7},{"not_picked":["Hidden Blade","Infinite Blades"],"picked":"Bane","floor":8},{"not_picked":["Hidden Blade","Bouncing Flask"],"picked":"AT_ArcaneSupremacy","floor":10},{"not_picked":["Underhanded Strike","Toxin Wave"],"picked":"Calculated Gamble","floor":14},{"not_picked":["Doppelganger","Storm of Steel"],"picked":"Tools of the Trade","floor":16},{"not_picked":["Escape Plan+1","Dagger Throw+1","Backflip"],"picked":"Distraction","floor":18},{"not_picked":["Dodge and Roll","Blade Dance","Underhanded Strike"],"picked":"AT_WindFlip","floor":20},{"not_picked":["Hidden Blade","Sucker Punch+1","AT_TinkerSharpsword","Poison Darts"],"picked":"Dagger Throw+1","floor":27},{"not_picked":["Blade Dance","Replay:Poison Smokescreen+1","Slice","Flying Knee"],"picked":"Catalyst+1","floor":28},{"not_picked":["Accuracy","AT_WomanClash","Draining Mist","ICR:Cloudkill"],"picked":"Quick Slash","floor":30},{"not_picked":["Slice","Backflip","Underhanded Strike","Infinite Blades"],"picked":"ICR:Vanish","floor":31},{"not_picked":["Grand Finale","AT_MyraUnstableElement","Night Terror","Die Die Die"],"picked":"Corpse Explosion","floor":33},{"not_picked":["Expertise","Poisoned Stab+1","AT_WindFlip","Dagger Spray"],"picked":"Prepared+1","floor":35},{"not_picked":["Footwork","Backflip+1","Toxin Wave+1","Replay:Bag of Tricks","Dagger Spray+1"],"picked":"SKIP","floor":38},{"not_picked":["Blade Dance","Acrobatics","Slice+1","Prepared"],"picked":"AT_TwilightShroud+1","floor":39},{"not_picked":["AT_WindRun","Reflex","Underhanded Strike+1","Quick Slash","Flying Knee"],"picked":"SKIP","floor":41},{"not_picked":["AT_WindRun","Reflex","Underhanded Strike+1","Quick Slash","Flying Knee"],"picked":"SKIP","floor":41},{"not_picked":["Deflect+1","Blade Dance+1","Riddle With Holes","Malaise"],"picked":"Calculated Gamble+1","floor":42},{"not_picked":["Blade Dance+1","Quick Slash+1","Well Laid Plans","Slice+1","Underhanded Strike"],"picked":"SKIP","floor":45},{"not_picked":["Deadly Poison+1","Draining Mist+1","Caltrops","AT_TinkerSharpsword+1","Outmaneuver+1"],"picked":"SKIP","floor":46},{"not_picked":["PiercingWail","Bane+1","Dagger Throw+1","AT_TinkerSharpsword+1","Backstab"],"picked":"SKIP","floor":48}],"player_experience":249670,"relics_obtained":[{"floor":9,"key":"reliquary:Boomerang"},{"floor":22,"key":"Chameleon Ring"},{"floor":24,"key":"Question Card"},{"floor":27,"key":"PreservedInsect"},{"floor":31,"key":"Red Mask"},{"floor":36,"key":"Ring of Peace"},{"floor":36,"key":"ReplayTheSpireMod:Ring of Challenge"},{"floor":43,"key":"Replay:WaspNest"}],"event_choices":[{"damage_healed":0,"gold_gain":0,"player_choice":"Success","damage_taken":3,"relics_obtained":["reliquary:Sideboard"],"max_hp_gain":0,"max_hp_loss":0,"event_name":"Scrap Ooze","floor":2,"gold_loss":0},{"cards_removed":["Poisoned Stab"],"damage_healed":0,"gold_gain":0,"player_choice":"Gave Card","damage_taken":0,"relics_obtained":["AT_SpeedBoots"],"max_hp_gain":0,"max_hp_loss":0,"event_name":"WeMeetAgain","floor":5,"gold_loss":0},{"damage_healed":0,"gold_gain":0,"player_choice":"Shed Blood","damage_taken":17,"max_hp_gain":5,"max_hp_loss":0,"event_name":"Forgotten Altar","floor":21,"gold_loss":0},{"damage_healed":0,"gold_gain":0,"player_choice":"Relic","damage_taken":0,"max_hp_gain":0,"max_hp_loss":0,"event_name":"Wheel of Change","floor":24,"gold_loss":0},{"damage_healed":0,"gold_gain":0,"player_choice":"Fought Bandits","damage_taken":0,"max_hp_gain":0,"max_hp_loss":0,"event_name":"Masked Bandits","floor":31,"gold_loss":0},{"damage_healed":0,"gold_gain":0,"player_choice":"Got Potions","damage_taken":0,"max_hp_gain":0,"max_hp_loss":0,"event_name":"Lab","floor":37,"gold_loss":0}],"is_beta":false,"boss_relics":[{"not_picked":["reliquary:RedCape","testmod-TimeTraveler"],"picked":"Honey Jar"},{"not_picked":["testmod-Prudence","testmod-CardMagician"],"picked":"testmod-DeterminationOfClimber"}],"items_purged_floors":[13],"is_endless":false,"potions_floor_spawned":[1,8,18,30,33,38,41,42,45,46],"ascension_level":0}}