{"host":"cw25u8qal1h0d7ia","time":1613478370,"event":{"mods":["BaseMod","Downfall","Minty Spire (QoL Compilation)","StSLib"],"gold_per_floor":[99,114,128,142,157,186,186,228,140,166,189,212,224,249,280,389,451,463,494,519,531,543,580,592,604,604,604],"floor_reached":25,"language":"ENG","playtime":1757,"items_purged":[],"score":261,"play_id":"f917a4d1-c658-48a1-ba1a-623c17c469aa","local_time":"20210216132610","is_ascension_mode":true,"campfire_choices":[{"data":"hexamod:Float","floor":1,"key":"SMITH"},{"floor":9,"key":"REST"},{"floor":13,"key":"REST"},{"data":"hexamod:HexaLevel","floor":18,"key":"SMITH"}],"circlet_count":0,"master_deck":["hexamod:Strike","hexamod:Strike","hexamod:Strike","hexamod:Strike","hexamod:Defend","hexamod:Defend","hexamod:Defend","hexamod:Defend+1","hexamod:Sear","hexamod:Float+1","Finesse","hexamod:StepThrough","hexamod:HexaLevel+1","hexamod:VolcanoVisage","hexamod:FastForward+1","hexamod:FlamesFromBeyond"],"relics":["hexamod:SpiritBrand","Strawberry","MawBank","hexamod:InflammatoryLetter","downfall:HeartBlessingGreen","Tiny House","MutagenicStrength","Sundial","Potion Belt"],"acts_visited":["Exordium","TheCity"],"potions_floor_usage":[11,19,23,25,25],"damage_taken":[{"damage":1,"enemies":"Cultist","floor":2,"turns":4},{"damage":3,"enemies":"Small Slimes","floor":3,"turns":4},{"damage":0,"enemies":"2 Louse","floor":4,"turns":3},{"damage":1,"enemies":"downfall:LooterAlt","floor":5,"turns":3},{"damage":25,"enemies":"Gremlin Nob","floor":6,"turns":5},{"damage":29,"enemies":"Lagavulin","floor":8,"turns":7},{"damage":2,"enemies":"2 Fungi Beasts","floor":10,"turns":4},{"damage":9,"enemies":"Large Slime","floor":11,"turns":5},{"damage":8,"enemies":"3 Louse","floor":12,"turns":4},{"damage":12,"enemies":"Gremlin Gang","floor":14,"turns":5},{"damage":1,"enemies":"2 Fungi Beasts","floor":15,"turns":4},{"damage":7,"enemies":"SI_SHIV_ARCHETYPE","floor":16,"turns":8},{"damage":16,"enemies":"downfall:LooterAlt2","floor":19,"turns":6},{"damage":19,"enemies":"Shell Parasite","floor":20,"turns":7},{"damage":6,"enemies":"Book of Stabbing","floor":23,"turns":7},{"damage":45,"enemies":"Gremlin Leader","floor":25,"turns":5}],"seed_played":"-2152032281708087570","potions_obtained":[{"floor":2,"key":"EssenceOfSteel"},{"floor":6,"key":"Energy Potion"},{"floor":8,"key":"SteroidPotion"},{"floor":10,"key":"SpeedPotion"},{"floor":14,"key":"Block Potion"},{"floor":16,"key":"Fire Potion"},{"floor":17,"key":"Block Potion"},{"floor":19,"key":"Dexterity Potion"}],"is_trial":false,"path_per_floor":["R","M","M","M","M","E","T","E","R","M","M","M","R","M","M","B",null,"R","M","M","?","?","E","T","E"],"character_chosen":"THE_SPIRIT","items_purchased":[],"campfire_rested":2,"item_purchase_floors":[],"current_hp_per_floor":[70,69,66,66,65,47,47,18,41,39,30,22,45,33,32,25,82,82,66,47,47,47,41,41,0,0,0],"gold":604,"neow_bonus":"RANDOM_COLORLESS","is_daily":false,"chose_seed":false,"campfire_upgraded":2,"win_rate":0.0,"timestamp":1613478370,"path_taken":["R","M","M","M","M","E","T","E","R","M","?","M","R","M","M","BOSS","R","M","M","?","?","E","T","E"],"items_purchased_type":[],"build_version":"2020-12-22","purchased_purges":0,"victory":false,"max_hp_per_floor":[70,70,70,70,70,77,77,77,77,77,77,77,77,77,77,77,82,82,82,82,82,82,82,82,82,82,82],"card_choices":[{"not_picked":["Madness","Deep Breath"],"picked":"Finesse","floor":0},{"not_picked":["hexamod:HauntingEcho","hexamod:Hexaguard","hexamod:GhostLash"],"picked":"SKIP","floor":2},{"not_picked":["hexamod:ExtraCrispy","hexamod:NecessarySacrifice"],"picked":"hexamod:StepThrough","floor":3},{"not_picked":["hexamod:SpectersWail","hexamod:PhantomFireball","hexamod:GhostShield"],"picked":"SKIP","floor":4},{"not_picked":["hexamod:NecessarySacrifice","hexamod:SpectersWail","hexamod:ThermalTransfer"],"picked":"SKIP","floor":5},{"not_picked":["hexamod:EtherealExpedition","hexamod:Haunt","hexamod:Firestarter"],"picked":"SKIP","floor":6},{"not_picked":["hexamod:GhostOfSpirePast","hexamod:HeatCrush"],"picked":"hexamod:HexaLevel","floor":8},{"not_picked":["hexamod:SuperheatedStrike","hexamod:NightmareStrike","hexamod:HeatMetal"],"picked":"SKIP","floor":10},{"not_picked":["hexamod:ShieldOfDarkness","hexamod:HeatCrush","hexamod:SwordOfDarkness"],"picked":"SKIP","floor":11},{"not_picked":["hexamod:DynamicBlow","hexamod:PhantomFireball","hexamod:Firestarter"],"picked":"SKIP","floor":12},{"not_picked":["hexamod:Hexaguard","hexamod:GiftsFromTheDead","hexamod:SpectersWail"],"picked":"SKIP","floor":14},{"not_picked":["hexamod:BacktrackSmack","hexamod:SkipABeat","hexamod:SuperheatedStrike"],"picked":"SKIP","floor":15},{"not_picked":["hexamod:TurnItUp","hexamod:GhostflameInferno"],"picked":"hexamod:VolcanoVisage","floor":16},{"not_picked":["hexamod:ShieldOfDarkness","hexamod:Firestarter+1"],"picked":"hexamod:FastForward+1","floor":19},{"not_picked":["hexamod:FourthSeal","hexamod:AdvancingGuard","hexamod:FifthSeal"],"picked":"SKIP","floor":20},{"not_picked":["hexamod:NecessarySacrifice","hexamod:AdvancingGuard"],"picked":"hexamod:FlamesFromBeyond","floor":23}],"player_experience":674166,"relics_obtained":[{"floor":6,"key":"Strawberry"},{"floor":7,"key":"MawBank"},{"floor":8,"key":"hexamod:InflammatoryLetter"},{"floor":23,"key":"Sundial"},{"floor":24,"key":"Potion Belt"}],"event_choices":[{"damage_healed":0,"gold_gain":0,"player_choice":"Inject Mutagens","damage_taken":0,"relics_obtained":["MutagenicStrength"],"max_hp_gain":0,"max_hp_loss":0,"event_name":"Drug Dealer","floor":21,"gold_loss":0}],"is_beta":false,"boss_relics":[{"not_picked":["Runic Dome","bronze:MakeshiftBattery"],"picked":"Tiny House"}],"items_purged_floors":[],"is_endless":false,"potions_floor_spawned":[2,6,8,10,14,16,19],"killed_by":"Gremlin Leader","ascension_level":2}}