{"host":"9m8ch47vcmem52nv","time":1613515868,"event":{"mods":["2.2 Compatiblity","AchievementEnabler","Act Like it!","Aspiration","BaseMod","BetterRewards","CatGirl Mod","DeckTracker","Downfall","Fiend Mod","Friendly Minions","Gensokyo","Googly Eyes","Gremlin Mod","Hermit","Hubris","Infinite Spire","Kiyohime????","Koishi","Marisa????????","Minty Spire (QoL Compilation)","Reimu??????","Remilia??????","Shop Mod","StSLib","The Construct","The Cursed","The Disciple","The Mystic","The Necromancer","The Servant 0.9.4","Unceasing Turn Reminder","Yuri Mod"],"gold_per_floor":[99,113,125,139,3,3,3,3,17,28,46,496,496,516,533,533,533,533],"floor_reached":16,"language":"ENG","playtime":883,"items_purged":[],"score":96,"play_id":"a451d22e-d85a-4513-b3b9-0df2abddc642","local_time":"20210216145108","is_ascension_mode":false,"campfire_choices":[{"data":"Guardian:CurlUp","floor":1,"key":"SMITH"},{"data":"Guardian:FloatingOrbs","floor":8,"key":"SMITH"}],"circlet_count":0,"master_deck":["Guardian:Strike_Guardian","Guardian:Strike_Guardian","Guardian:Strike_Guardian","Guardian:Strike_Guardian","Guardian:Defend_Guardian","Guardian:Defend_Guardian","Guardian:Defend_Guardian","Guardian:Defend_Guardian","Guardian:CurlUp+1","Guardian:TwinSlam+1","Swift Strike","Guardian:TimeBomb","Guardian:Gem_Cyan","Guardian:ShieldSpikes","Guardian:FloatingOrbs+1","Guardian:BronzeArmor","Guardian:TimeCapacitor","Guardian:ArmoredProtocol","Guardian:TemporalStrike","Guardian:SpikerProtocol","downfall:Icky","downfall:Icky","downfall:Icky","Guardian:Gem_Fragmented","Guardian:Incinerate"],"relics":["Guardian:ModeShifter","hubris:Icosahedron"],"acts_visited":["Exordium"],"potions_floor_usage":[11,16],"damage_taken":[{"damage":0,"enemies":"Small Slimes","floor":2,"turns":3},{"damage":1,"enemies":"Cultist","floor":3,"turns":4},{"damage":6,"enemies":"Jaw Worm","floor":4,"turns":4},{"damage":5,"enemies":"downfall:FleeingMerchant","floor":5,"turns":4},{"damage":14,"enemies":"3 Louse","floor":9,"turns":4},{"damage":11,"enemies":"Large Slime","floor":10,"turns":6},{"damage":0,"enemies":"Gremlin Gang","floor":11,"turns":6},{"damage":2,"enemies":"Blue Slaver","floor":14,"turns":5},{"damage":16,"enemies":"Exordium Wildlife","floor":15,"turns":6},{"damage":25,"enemies":"WA_ARCHETYPE_RETAIN","floor":16,"turns":4}],"seed_played":"3563451694324430803","potions_obtained":[{"floor":3,"key":"Guardian:DefensiveModePotion"},{"floor":9,"key":"Guardian:BlockOnCardUsePotion"},{"floor":15,"key":"SkillPotion"}],"is_trial":false,"path_per_floor":["R","M","M","M","$","?","T","R","M","M","M","?","?","M","M","B"],"character_chosen":"GUARDIAN","items_purchased":["Guardian:BronzeArmor","Guardian:TimeCapacitor"],"campfire_rested":0,"item_purchase_floors":[5,5],"current_hp_per_floor":[80,80,79,73,68,68,68,68,54,43,43,43,43,41,25,0,0,0],"gold":533,"neow_bonus":"RANDOM_COLORLESS","is_daily":false,"chose_seed":false,"campfire_upgraded":2,"win_rate":0.0,"timestamp":1613515868,"path_taken":["R","M","M","M","$","?","T","R","?","M","M","?","?","M","M","BOSS"],"items_purchased_type":["Card","Card"],"build_version":"2020-12-22","purchased_purges":0,"victory":false,"max_hp_per_floor":[80,80,80,80,80,80,80,80,80,80,80,80,80,80,80,80,80,80],"card_choices":[{"not_picked":["hubris:Insight","Purity"],"picked":"Swift Strike","floor":0},{"not_picked":["Guardian:Recover","Guardian:Harden"],"picked":"Guardian:TimeBomb","floor":2},{"not_picked":["Guardian:ChargeCore","Guardian:Preprogram"],"picked":"Guardian:Gem_Cyan","floor":3},{"not_picked":["Guardian:Recover","Guardian:Suspension"],"picked":"Guardian:ShieldSpikes","floor":4},{"not_picked":["Guardian:Incinerate","Guardian:Suspension"],"picked":"Guardian:FloatingOrbs","floor":5},{"not_picked":["Guardian:FloatingOrbs","Guardian:Gem_Red"],"picked":"Guardian:ArmoredProtocol","floor":9},{"not_picked":["Guardian:WalkerClaw","Guardian:TemporalShield"],"picked":"Guardian:TemporalStrike","floor":10},{"not_picked":["Guardian:TemporalShield","Guardian:Preprogram"],"picked":"Guardian:SpikerProtocol","floor":11},{"not_picked":["Guardian:Gem_Lightblue","Guardian:ShieldCharger"],"picked":"Guardian:Gem_Fragmented","floor":14},{"not_picked":["Guardian:Gem_Purple","Guardian:Gem_Fragmented"],"picked":"Guardian:Incinerate","floor":15}],"player_experience":346183,"relics_obtained":[],"event_choices":[],"is_beta":false,"boss_relics":[],"items_purged_floors":[],"is_endless":false,"potions_floor_spawned":[3,9,15],"killed_by":"WA_ARCHETYPE_RETAIN","ascension_level":0}}