{"host":"1ooxfz79hmpvpehx","time":1613435379,"event":{"mods":["BaseMod","Better Altar","Better Match","Better Note","Better Sensory Stone","Better Skull","Better Third Choice","Infinite Spire","Marked Mod","Minty Spire (QoL Compilation)","Quick Restart","RNG Fix","Replay The Spire","StSLib","SuperFastMode"],"gold_per_floor":[112,112,112,112,127,159,159,179,205,225,238,238,263,280,280,280,280],"floor_reached":16,"language":"ENG","playtime":227,"items_purged":[],"score":137,"play_id":"e9cdcdba-cd82-4c1e-981b-d75ecdc4aff3","local_time":"20210215212939","is_ascension_mode":false,"campfire_choices":[{"data":"Zap","floor":7.0,"key":"SMITH"},{"data":"Multi-Cast","floor":12.0,"key":"SMITH"},{"floor":15.0,"key":"REST"}],"circlet_count":0,"master_deck":["Strike_B","Strike_B","Strike_B","Strike_B","Defend_B","Defend_B","Defend_B","Defend_B","Zap+1","Dualcast","Double Energy+1","Burn","Regret","Multi-Cast+1"],"relics":["Cracked Core","NeowsBlessing","infinitespire:Lucky Rock","Symbiotic Virus","Bag of Marbles","infinitespire:PuzzleCube"],"acts_visited":["Exordium"],"potions_floor_usage":[],"damage_taken":[{"damage":0.0,"enemies":"2 Louse","floor":1.0,"turns":2.0},{"damage":0.0,"enemies":"Small Slimes","floor":5.0,"turns":1.0},{"damage":0.0,"enemies":"Lagavulin","floor":6.0,"turns":1.0},{"damage":16.0,"enemies":"Jaw Worm","floor":8.0,"turns":4.0},{"damage":14.0,"enemies":"Large Slime","floor":10.0,"turns":5.0},{"damage":30.0,"enemies":"Exordium Thugs","floor":11.0,"turns":3.0},{"damage":14.0,"enemies":"3 Sentries","floor":13.0,"turns":6.0},{"damage":0.0,"enemies":"Looter","floor":14.0,"turns":1.0},{"damage":0,"enemies":"Hexaghost","floor":16,"turns":1}],"seed_played":"-4498174528308178421","potions_obtained":[{"floor":1.0,"key":"Weak Potion"},{"floor":10.0,"key":"Block Potion"},{"floor":11.0,"key":"PowerPotion"}],"is_trial":false,"path_per_floor":["M","?","?","?","M","E","R","M","T","M","M","R","E","M","R","B"],"character_chosen":"DEFECT","items_purchased":[],"campfire_rested":1,"item_purchase_floors":[],"current_hp_per_floor":[75,75,75,75,75,75,75,59,59,45,15,15,1,1,23,23,23],"gold":280,"neow_bonus":"THREE_ENEMY_KILL","is_daily":false,"chose_seed":false,"campfire_upgraded":2,"win_rate":0.0,"timestamp":1613435379,"path_taken":["M","?","?","?","M","E","R","M","T","M","M","R","E","?","R","BOSS"],"items_purchased_type":[],"build_version":"2020-12-22","purchased_purges":0,"victory":false,"max_hp_per_floor":[75,75,75,75,75,75,75,75,75,75,75,75,75,75,75,75,75],"card_choices":[{"not_picked":["Barrage","Redo"],"picked":"Double Energy","floor":1.0},{"not_picked":["White Noise","Turbo","Compile Driver"],"picked":"SKIP","floor":5.0},{"not_picked":["ReplayTheSpireMod:System Scan","Panic Button","Chill"],"picked":"SKIP","floor":6.0},{"not_picked":["Steam","Compile Driver","Gash"],"picked":"SKIP","floor":8.0},{"not_picked":["Storm","Barrage"],"picked":"Multi-Cast","floor":10.0},{"not_picked":["Steam Power","BasicCrystalCard","Rebound"],"picked":"SKIP","floor":11.0},{"not_picked":["Compile Driver","Cold Snap","ReplayTheSpireMod:GoodbyeWorld"],"picked":"SKIP","floor":13.0},{"not_picked":["Rebound","Gash","ReplayTheSpireMod:Calculation Training"],"picked":"SKIP","floor":14.0}],"player_experience":39873,"relics_obtained":[{"floor":6.0,"key":"Symbiotic Virus"},{"floor":9.0,"key":"Bag of Marbles"},{"floor":13.0,"key":"infinitespire:PuzzleCube"}],"event_choices":[{"damage_healed":0.0,"max_hp_gain":0.0,"max_hp_loss":0.0,"gold_gain":0.0,"event_name":"Living Wall","player_choice":"Grow","floor":2.0,"gold_loss":0.0,"damage_taken":0.0,"cards_upgraded":["Double Energy"]},{"damage_healed":75.0,"max_hp_gain":0.0,"max_hp_loss":75.0,"gold_gain":0.0,"event_name":"betterThird:BetterShining","player_choice":"Embrace Burn","floor":3.0,"gold_loss":0.0,"damage_taken":0.0},{"damage_healed":0.0,"max_hp_gain":0.0,"max_hp_loss":0.0,"gold_gain":0.0,"event_name":"Big Fish","player_choice":"Box","floor":4.0,"gold_loss":0.0,"damage_taken":0.0,"relics_obtained":["infinitespire:Lucky Rock"],"cards_obtained":["Regret"]}],"is_beta":false,"boss_relics":[],"items_purged_floors":[],"is_endless":false,"potions_floor_spawned":[1,10,11],"killed_by":"Hexaghost","ascension_level":0}}