{"host":"si6a1ixj09zwrub4","time":1613448547,"event":{"mods":["2.2 Compatiblity","A Magickal Journey","AchievementEnabler","Act Like it!","Aspiration","Bard","BaseMod","Beaked The Cultist","BetterRewards","Colored Powertips","Conspire","Defuse TimeMaze Blight","Dio Mod","Downfall","Elementarium","Energized Spire","GifTheSpireLib","Hermit","HololiveMod","Hubris","Infinite Spire","Lobotomy","Melee Mod","Minty Spire (QoL Compilation)","Permanent Neow","Potionbrewer","QueenMod","READ ME - Guardian Mod","READ ME - Snecko Mod","Railgun Mod","Random Character Button","Remilia（蕾米莉亚）","Shade Mod","Shop Mod","Slumbering Mod","StSLib","The Accelerator","The Animator","The Bladedancer","The Bug Knight","The Construct","The Cursed","The Death Knight","The Disciple","The Exalted","The Florist","The Forsaken","The Gatherer","The Hierophant","The Judge","The Marked","The Runesmith","The Senshi","The Wild Card","TheBandit","TheFirefly","TheHero","Waifu the Spire","Wandering Minibosses"],"gold_per_floor":[117,117,192,102,102,134,134,154,234,234,252,252,271,289,289,391,391,391],"floor_reached":17,"language":"ENG","playtime":468,"items_purged":[],"score":205,"play_id":"85392ff3-6dad-42e8-8a62-804497bf7c0a","local_time":"20210216110907","is_ascension_mode":false,"campfire_choices":[{"data":"hubris:InfiniteBlow+25","floor":7,"key":"SMITH"},{"data":"hubris:InfiniteBlow+27","floor":15,"key":"SMITH"}],"circlet_count":0,"master_deck":["dioMod:Strike","dioMod:Strike","dioMod:Strike","dioMod:Strike","Bite","dioMod:Defend","dioMod:Defend","dioMod:Defend","dioMod:Defend","dioMod:DarkRebirth","theWildCard:PaleRider","dioMod:Muda","dioMod:CoffinBath","hubris:InfiniteBlow+28","dioMod:SlashThroughTime","dioMod:StreetSign","dioMod:Minions","dioMod:BloodShield","dioMod:LaserVision","dioMod:PathToHeaven"],"relics":["dioMod:VampireBlood","hubris:MysteriousPyramids","hubris:BottledRain","wanderingMiniBosses:ThiefScarf","Runic Dome"],"acts_visited":["Exordium","TheCity"],"potions_floor_usage":[],"damage_taken":[{"damage":2,"enemies":"2 Louse","floor":1,"turns":2},{"damage":0,"enemies":"Lagavulin","floor":6,"turns":1},{"damage":6,"enemies":"Jaw Worm","floor":8,"turns":2},{"damage":19,"enemies":"Small Slimes","floor":11,"turns":4},{"damage":14,"enemies":"3 Louse","floor":13,"turns":3},{"damage":0,"enemies":"Looter","floor":14,"turns":1},{"damage":24,"enemies":"Hexaghost","floor":16,"turns":3}],"seed_played":"5153616880849231475","potions_obtained":[{"floor":1,"key":"dioMod:HumanBlood"},{"floor":8,"key":"Strength Potion"},{"floor":11,"key":"PowerPotion"}],"is_trial":false,"path_per_floor":["M","?","?","$","?","E","R","M","T","?","M","?","M","M","R","B",null],"character_chosen":"THE_DEFAULT","items_purchased":["dioMod:Muda","dioMod:CoffinBath"],"campfire_rested":0,"item_purchase_floors":[4,4],"current_hp_per_floor":[82,82,71,71,51,54,54,53,53,53,45,45,42,45,45,26,82,82],"gold":391,"neow_bonus":"TEN_PERCENT_HP_BONUS","is_daily":false,"chose_seed":false,"campfire_upgraded":2,"win_rate":0.0,"timestamp":1613448547,"path_taken":["M","?","?","?","?","E","R","M","T","?","M","?","M","M","R","BOSS"],"items_purchased_type":["Card","Card"],"build_version":"2020-12-22","purchased_purges":0,"victory":false,"max_hp_per_floor":[82,82,82,82,82,82,82,82,82,82,82,82,82,82,82,82,82,82],"card_choices":[{"not_picked":["dioMod:TripleThreat","dioMod:GoodbyeJojo"],"picked":"dioMod:DarkRebirth","floor":1},{"not_picked":["infinitespire:Punishment","infinitespire:SealOfDarkness+"],"picked":"hubris:InfiniteBlow+25","floor":5},{"not_picked":["dioMod:BloodSuck","dioMod:GoodbyeJojo"],"picked":"dioMod:SlashThroughTime","floor":6},{"not_picked":["dioMod:FlyAway","dioMod:BloodTransfusion"],"picked":"dioMod:StreetSign","floor":8},{"not_picked":["dioMod:Donut","dioMod:DarkRebirth"],"picked":"dioMod:Minions","floor":11},{"not_picked":["dioMod:ComposedMuda","dioMod:SecretPlan"],"picked":"dioMod:BloodShield","floor":13},{"not_picked":["dioMod:FlyAway","dioMod:HeavyLifting"],"picked":"dioMod:LaserVision","floor":14},{"not_picked":["dioMod:Refresh","dioMod:GoldVial"],"picked":"dioMod:PathToHeaven","floor":16}],"player_experience":397279,"relics_obtained":[{"floor":6,"key":"hubris:MysteriousPyramids"},{"floor":9,"key":"hubris:BottledRain"},{"floor":11,"key":"wanderingMiniBosses:ThiefScarf"}],"event_choices":[{"damage_healed":0,"gold_gain":75,"player_choice":"Gather Gold","damage_taken":11,"max_hp_gain":0,"max_hp_loss":0,"event_name":"World of Goop","floor":3,"gold_loss":0},{"damage_healed":0,"gold_gain":0,"player_choice":"Grow","damage_taken":0,"max_hp_gain":0,"max_hp_loss":0,"event_name":"Living Wall","floor":12,"gold_loss":0,"cards_upgraded":["hubris:InfiniteBlow"]}],"is_beta":false,"boss_relics":[{"not_picked":["energizedSpire:CursedPentagram","SlaversCollar"],"picked":"Runic Dome"}],"items_purged_floors":[],"is_endless":false,"potions_floor_spawned":[1,8,11,14],"ascension_level":0}}