{"host":"ue7jlgf7uv134an9","time":1613441535,"event":{"mods":["BaseMod","Better Third Choice","Colored Map","Defuse TimeMaze Blight","Minty Spire (QoL Compilation)","Quick Restart","Rare Cards Sparkle","Relic Stats","StSLib","UnlockEverythingMod"],"gold_per_floor":[113,113,128,128,145,174,192,192,217,227,256,272,286,286,286],"floor_reached":14,"language":"ENG","playtime":500,"items_purged":[],"score":208,"play_id":"55b86591-7ba9-4cfe-90fe-dc905c135e9a","local_time":"20210215211215","is_ascension_mode":true,"campfire_choices":[{"floor":8,"key":"REST"}],"circlet_count":0,"master_deck":["AscendersBane","Strike_G","Strike_G","Strike_G","Strike_G","Strike_G","Defend_G","Defend_G","Defend_G","Defend_G","Defend_G","Survivor","Neutralize","Quick Slash+1","Well Laid Plans","Blade Dance","Finisher","Choke","Deflect","Backstab","Masterful Stab"],"relics":["Ring of the Snake","NeowsBlessing","Potion Belt","Bag of Preparation"],"acts_visited":["Exordium"],"potions_floor_usage":[6,10,14],"damage_taken":[{"damage":0,"enemies":"Jaw Worm","floor":1,"turns":1},{"damage":0,"enemies":"Cultist","floor":3,"turns":1},{"damage":0,"enemies":"Small Slimes","floor":5,"turns":1},{"damage":19,"enemies":"3 Sentries","floor":6,"turns":10},{"damage":15,"enemies":"3 Louse","floor":7,"turns":6},{"damage":0,"enemies":"Gremlin Gang","floor":10,"turns":3},{"damage":36,"enemies":"Gremlin Nob","floor":11,"turns":4},{"damage":2,"enemies":"Looter","floor":12,"turns":3},{"damage":0,"enemies":"2 Fungi Beasts","floor":13,"turns":4},{"damage":14,"enemies":"3 Sentries","floor":14,"turns":4}],"seed_played":"8586111525806024579","potions_obtained":[{"floor":3,"key":"Dexterity Potion"},{"floor":5,"key":"ColorlessPotion"},{"floor":7,"key":"LiquidMemories"},{"floor":10,"key":"SmokeBomb"},{"floor":12,"key":"Block Potion"}],"is_trial":false,"path_per_floor":["M","?","M","?","M","E","M","R","T","M","E","M","M","E"],"character_chosen":"THE_SILENT","items_purchased":[],"campfire_rested":1,"item_purchase_floors":[],"current_hp_per_floor":[59,59,59,59,59,40,25,44,44,44,8,6,6,0,0],"gold":286,"neow_bonus":"THREE_ENEMY_KILL","is_daily":false,"chose_seed":false,"campfire_upgraded":0,"win_rate":0.0,"timestamp":1613441535,"path_taken":["M","?","M","?","M","E","M","R","T","M","E","M","?","E"],"items_purchased_type":[],"build_version":"2020-12-22","purchased_purges":0,"victory":false,"max_hp_per_floor":[66,66,66,66,66,66,66,66,66,66,66,66,66,66,66],"relic_stats":{"counters":[10,37],"Bag of Preparation":[6],"obtain_stats":[{"Potion Belt":6,"NeowsBlessing":0,"Bag of Preparation":11,"Ring of the Snake":0},{"Potion Belt":4,"NeowsBlessing":0,"Bag of Preparation":7,"Ring of the Snake":0},{"Potion Belt":13,"NeowsBlessing":0,"Bag of Preparation":26,"Ring of the Snake":0}],"Ring of the Snake":[20]},"card_choices":[{"not_picked":["Expertise","Infinite Blades"],"picked":"Quick Slash","floor":1},{"not_picked":["Heel Hook","Bane"],"picked":"Well Laid Plans","floor":3},{"not_picked":["Deadly Poison","Heel Hook"],"picked":"Blade Dance","floor":5},{"not_picked":["PiercingWail","Backflip"],"picked":"Finisher","floor":6},{"not_picked":["Acrobatics","PiercingWail"],"picked":"Choke","floor":7},{"not_picked":["Dodge and Roll","Outmaneuver"],"picked":"Deflect","floor":10},{"not_picked":["Bane","Doppelganger","Quick Slash"],"picked":"SKIP","floor":11},{"not_picked":["Choke","PiercingWail"],"picked":"Backstab","floor":12},{"not_picked":["Underhanded Strike","Flechettes"],"picked":"Masterful Stab","floor":13}],"player_experience":69710,"relics_obtained":[{"floor":6,"key":"Potion Belt"},{"floor":11,"key":"Bag of Preparation"}],"event_choices":[{"damage_healed":0,"gold_gain":0,"player_choice":"Ignored","damage_taken":0,"max_hp_gain":0,"max_hp_loss":0,"event_name":"Golden Idol","floor":2,"gold_loss":0},{"damage_healed":0,"gold_gain":0,"player_choice":"Upgraded","damage_taken":0,"max_hp_gain":0,"max_hp_loss":0,"event_name":"Upgrade Shrine","floor":4,"gold_loss":0,"cards_upgraded":["Quick Slash"]}],"is_beta":false,"boss_relics":[],"items_purged_floors":[],"is_endless":false,"potions_floor_spawned":[3,5,7,10,12],"killed_by":"3 Sentries","ascension_level":20}}