{"host":"smn2tb46ysgs1sad","time":1613457580,"event":{"mods":["AchievementEnabler","Aspiration","BaseMod","Colored Powertips","Downfall","Hermit","Minty Spire (QoL Compilation)","Replay The Spire","StSLib","The Cursed","The Disciple","The Hierophant"],"gold_per_floor":[99,274,274,274,291,303,303,319,347,347,360,60,60,45,55,157,157,157,167,167,167,152,168,241,269,269,288,319,319,335,348,358,457,457,257,271,541,368,383,396,421,421,437,181,181,248,266,277,297,297],"floor_reached":51,"language":"ENG","playtime":2647,"items_purged":["CommonCold"],"score":740,"play_id":"190618f7-8637-44f9-b40d-674e2af84860","local_time":"20210215223940","is_ascension_mode":false,"campfire_choices":[{"data":"bronze:Replicate","floor":1,"key":"SMITH"},{"floor":10,"key":"REST"},{"data":"expansioncontent:QuickStudy","floor":13,"key":"SMITH"},{"data":"bronze:BronzeOrb","floor":18,"key":"SMITH"},{"floor":26,"key":"REST"},{"data":"1","floor":29,"key":"LIFT"},{"data":"bronze:SpaghettiCode","floor":35,"key":"SMITH"},{"data":"2","floor":45,"key":"LIFT"}],"circlet_count":0,"master_deck":["bronze:Defend","bronze:Defend","bronze:Defend","bronze:Defend","bronze:Replicate+1","bronze:Goto","bronze:Iterate","bronze:MaxOutput","bronze:Repair","bronze:ClassDefault","bronze:BronzeOrb+1","expansioncontent:QuickStudy+1","bronze:Invalidate","bronze:Format","Parasite","bronze:Turbo+1","bronze:Constructor","Slimebound:Tackle+1","Slimebound:Tackle+1","Slimebound:Tackle+1","bronze:ThunderWave","bronze:ChosenStrike","bronze:FineTuning","bronze:GetLatest+1","bronze:Philosophize","bronze:SpaghettiCode+1","bronze:Optimize+1","expansioncontent:StudyTheSpire","downfall:Aged","Replay:SS_forest_2","TheCursedMod:Dregs","bronze:DarkDash+1","bronze:FineTuning+1"],"relics":["bronze:BronzeCore","Spirit Poop","Blue Doll","HandDrill","Replay:Ancient Bell","Bag of Marbles","Blue Candle","TungstenRod","InkBottle","Girya","Toy Ornithopter","Cursed Key","downfall:HeartBlessingBlue","downfall:HeartBlessingGreen","Anchor","aspiration:FrozenJewel","Ancient Tea Set"],"acts_visited":["Exordium","TheCity","TheBeyond"],"potions_floor_usage":[9,16,16,23,27,31,33,33,40,46,50,50,50],"damage_taken":[{"damage":0,"enemies":"Small Slimes","floor":5,"turns":3},{"damage":6,"enemies":"2 Louse","floor":6,"turns":2},{"damage":3,"enemies":"Jaw Worm","floor":8,"turns":4},{"damage":21,"enemies":"Gremlin Nob","floor":9,"turns":4},{"damage":3,"enemies":"Red Slaver","floor":11,"turns":4},{"damage":2,"enemies":"downfall:FleeingMerchant","floor":12,"turns":4},{"damage":2,"enemies":"downfall:FleeingMerchant","floor":14,"turns":4},{"damage":10,"enemies":"3 Louse","floor":15,"turns":4},{"damage":37,"enemies":"WA_ARCHETYPE_RETAIN","floor":16,"turns":5},{"damage":30,"enemies":"Spheric Guardian","floor":19,"turns":7},{"damage":20,"enemies":"downfall:FleeingMerchant","floor":22,"turns":4},{"damage":0,"enemies":"Chosen","floor":23,"turns":4},{"damage":2,"enemies":"Slavers","floor":25,"turns":2},{"damage":5,"enemies":"Snecko","floor":27,"turns":3},{"damage":4,"enemies":"Replay:Snechameleon","floor":28,"turns":4},{"damage":0,"enemies":"3 Cultists","floor":30,"turns":3},{"damage":11,"enemies":"Snake Plant","floor":31,"turns":2},{"damage":7,"enemies":"Centurion and Healer","floor":32,"turns":7},{"damage":43,"enemies":"IC_MUSHROOM_ARCHETYPE","floor":33,"turns":6},{"damage":0,"enemies":"Orb Walker","floor":36,"turns":2},{"damage":14,"enemies":"downfall:FleeingMerchant","floor":37,"turns":4},{"damage":7,"enemies":"3 Shapes","floor":39,"turns":4},{"damage":2,"enemies":"Spire Growth","floor":40,"turns":3},{"damage":0,"enemies":"Writhing Mass","floor":43,"turns":3},{"damage":0,"enemies":"4 Shapes","floor":47,"turns":3},{"damage":0,"enemies":"3 Darklings","floor":48,"turns":2},{"damage":0,"enemies":"Writhing Mass","floor":49,"turns":3},{"damage":78,"enemies":"DF_ARCHETYPE_ORBS","floor":50,"turns":8}],"seed_played":"7288750818627809217","potions_obtained":[{"floor":5,"key":"Swift Potion"},{"floor":11,"key":"PowerPotion"},{"floor":15,"key":"champ:CounterPotion"},{"floor":19,"key":"Fire Potion"},{"floor":23,"key":"champ:CounterPotion"},{"floor":27,"key":"Fruit Juice"},{"floor":28,"key":"Death Potion"},{"floor":30,"key":"BlessingOfTheForge"},{"floor":39,"key":"DistilledChaos"},{"floor":40,"key":"Dexterity Potion"},{"floor":46,"key":"Fruit Juice"},{"floor":46,"key":"FearPotion"},{"floor":47,"key":"Fire Potion"}],"is_trial":false,"path_per_floor":["R","?","?","?","M","M","T","M","E","R","M","$","R","$","M","B",null,"R","M","?","?","$","M","T","E","R","M","E","R","M","M","M","B",null,"R","M","$","?","M","M","T","?","M","$","R","?","M","M","M","B",null],"character_chosen":"THE_AUTOMATON","items_purchased":["expansioncontent:QuickStudy","HandDrill","expansioncontent:StudyTheSpire","aspiration:FrozenJewel"],"campfire_rested":2,"item_purchase_floors":[12,12,38,44],"current_hp_per_floor":[77,77,77,77,77,71,71,68,47,70,74,75,75,75,68,38,77,77,47,47,47,34,41,41,39,62,62,66,66,73,67,79,47,82,92,92,78,78,78,91,91,91,92,92,92,97,97,97,97,29],"gold":297,"neow_bonus":"TEN_PERCENT_HP_BONUS","is_daily":false,"chose_seed":false,"campfire_upgraded":4,"win_rate":0.0,"timestamp":1613457580,"path_taken":["R","?","?","?","M","M","T","?","E","R","M","$","R","$","M","BOSS","R","M","?","?","$","M","T","E","R","M","E","R","M","M","M","BOSS","R","M","$","?","M","M","T","?","M","$","R","?","M","?","M","BOSS"],"items_purchased_type":["Card","Relic","Card","Relic"],"build_version":"2020-12-22","purchased_purges":1,"victory":true,"max_hp_per_floor":[77,77,77,77,77,77,77,77,77,77,77,77,77,77,77,77,77,77,77,77,77,77,77,77,77,77,82,82,82,82,82,82,82,82,92,92,92,92,92,92,92,92,92,92,92,97,97,97,97,97],"card_choices":[{"not_picked":["bronze:Repulsor","bronze:BuggyMess"],"picked":"bronze:Iterate","floor":5},{"not_picked":["bronze:Turbo","bronze:DigitalCarnage"],"picked":"bronze:MaxOutput","floor":6},{"not_picked":["bronze:Overheat","bronze:DelayedGuard","bronze:MaxOutput"],"picked":"SKIP","floor":8},{"not_picked":["bronze:Branch","bronze:Philosophize"],"picked":"bronze:Repair","floor":9},{"not_picked":["bronze:ChosenStrike","bronze:Frontload"],"picked":"bronze:ClassDefault","floor":11},{"not_picked":["bronze:BugBarrage","bronze:ForLoop"],"picked":"bronze:BronzeOrb","floor":12},{"not_picked":["bronze:Iterate","bronze:DigitalCarnage","bronze:BugBarrage"],"picked":"SKIP","floor":14},{"not_picked":["bronze:Deprecate","bronze:MaxOutput"],"picked":"bronze:Invalidate","floor":15},{"not_picked":["bronze:Virus","bronze:BurnOut"],"picked":"bronze:Format","floor":16},{"not_picked":["Sickly","Looming Evil"],"picked":"Parasite","floor":17},{"not_picked":["Delirium","ReplayTheSpireMod:IOU"],"picked":"CommonCold","floor":17},{"not_picked":["Languid","Shame"],"picked":"ReplayTheSpireMod:Doomed","floor":17},{"not_picked":["bronze:DelayedSlice+1","bronze:Allocate"],"picked":"bronze:Turbo+1","floor":19},{"not_picked":["bronze:GetLatest+1","bronze:Repulsor+1"],"picked":"bronze:ThunderWave","floor":22},{"not_picked":["bronze:Iterate","bronze:Shield"],"picked":"bronze:ChosenStrike","floor":23},{"not_picked":["bronze:WildBeam","bronze:CutThrough"],"picked":"bronze:FineTuning","floor":25},{"not_picked":["bronze:FineTuning","bronze:NullPointer+1"],"picked":"bronze:GetLatest+1","floor":27},{"not_picked":["bronze:NullPointer","bronze:DelayedGuard","bronze:BuggyMess"],"picked":"SKIP","floor":28},{"not_picked":["bronze:ThunderWave","bronze:Invalidate+1"],"picked":"bronze:Philosophize","floor":30},{"not_picked":["bronze:Overload","bronze:Invalidate","bronze:Repulsor"],"picked":"SKIP","floor":31},{"not_picked":["bronze:Iterate","bronze:Frontload","bronze:BuggyMess"],"picked":"SKIP","floor":32},{"not_picked":["bronze:FindAndReplace","bronze:ShipIt"],"picked":"bronze:SpaghettiCode","floor":33},{"not_picked":["bronze:Return+1","bronze:CutThrough","bronze:Invalidate+1"],"picked":"SKIP","floor":36},{"not_picked":["bronze:Return","bronze:ChildClass"],"picked":"bronze:Optimize+1","floor":37},{"not_picked":["bronze:DelayedSlice+1","bronze:BuggyMess","bronze:NullPointer+1"],"picked":"SKIP","floor":39},{"not_picked":["bronze:MaxOutput+1","bronze:Fortify+1","bronze:BronzeOrb+1"],"picked":"SKIP","floor":40},{"not_picked":["expansioncontent:PrepareCrush","expansioncontent:AwakenDeath"],"picked":"Replay:SS_forest_2","floor":42},{"not_picked":["bronze:Shield+1","bronze:Deprecate","bronze:Turbo"],"picked":"SKIP","floor":43},{"not_picked":["bronze:Frontload+1","bronze:Branch"],"picked":"bronze:DarkDash+1","floor":46},{"not_picked":["bronze:RecursiveStrike","bronze:NullPointer","bronze:Deprecate"],"picked":"SKIP","floor":47},{"not_picked":["bronze:OilSpill+1","bronze:Branch+1"],"picked":"bronze:FineTuning+1","floor":48},{"not_picked":["bronze:BugBarrage","bronze:Repair","bronze:Return+1"],"picked":"SKIP","floor":49}],"player_experience":190424,"relics_obtained":[{"floor":9,"key":"Blue Doll"},{"floor":24,"key":"InkBottle"},{"floor":25,"key":"Girya"},{"floor":28,"key":"Toy Ornithopter"},{"floor":41,"key":"Anchor"},{"floor":46,"key":"Ancient Tea Set"}],"event_choices":[{"cards_removed":["Doubt"],"damage_healed":0,"gold_gain":0,"player_choice":"Offered Curse","damage_taken":0,"relics_obtained":["Spirit Poop"],"max_hp_gain":0,"max_hp_loss":0,"event_name":"Bonfire Elementals","floor":4,"gold_loss":0}],"is_beta":false,"boss_relics":[{"not_picked":["Calling Bell","Painkiller Herb"],"picked":"Replay:Ancient Bell"},{"not_picked":["Smiling Mask","Art of War"],"picked":"Bag of Marbles"},{"not_picked":["Replay:Bottled Eggs","Mummified Hand"],"picked":"Blue Candle"},{"not_picked":["Durian","Ginger"],"picked":"TungstenRod"},{"not_picked":["Pandora\u0027s Box","Replay:Bronze Core"],"picked":"Cursed Key"}],"items_purged_floors":[37],"is_endless":false,"potions_floor_spawned":[5,11,15,19,23,27,28,30,39,40,47],"ascension_level":0}}