{"host":"8rqsnaeml9gxb0kp","time":1613450339,"event":{"mods":["AchievementEnabler","BaseMod","Colored Powertips","Dark Map","Minty Spire (QoL Compilation)","Rare Cards Sparkle","Relic Stats","StSLib","slay the spire mod where everything is the same but ironclad has a cowboy hat"],"gold_per_floor":[364,375,375,220,235,248,248,276,276,290,290,100,100,110,110,210,210,228,228,228,242,109,109,142,142,194,206,218,244,276,300,312,324,324],"floor_reached":33,"language":"ENG","playtime":1697,"items_purged":[],"score":434,"play_id":"1bfdf47d-e812-41ca-82ee-d4461a39ec9c","local_time":"20210215203859","is_ascension_mode":true,"campfire_choices":[{"data":"Poisoned Stab","floor":7.0,"key":"SMITH"},{"floor":11.0,"key":"REST"},{"floor":13.0,"key":"REST"},{"data":"Catalyst","floor":15.0,"key":"SMITH"},{"floor":23.0,"key":"REST"},{"data":"Doppelganger","floor":25.0,"key":"SMITH"},{"data":"Bouncing Flask","floor":28.0,"key":"SMITH"},{"floor":32,"key":"REST"}],"circlet_count":0,"master_deck":["Strike_G","Strike_G","Strike_G","Defend_G","Defend_G","Defend_G","Defend_G","Defend_G","Survivor","Neutralize","Slice","Deadly Poison","Catalyst+1","Poisoned Stab+1","Poisoned Stab","Poisoned Stab","Bouncing Flask+1","Deadly Poison","Doppelganger+1","Backflip","Prepared","Eviscerate","Leg Sweep","Poisoned Stab+1","Noxious Fumes","Deflect+1"],"relics":["Ring of the Snake","Chemical X","StoneCalendar","Tingsha","Blood Vial","SacredBark","Peace Pipe","MawBank"],"acts_visited":["Exordium","TheCity"],"potions_floor_usage":[31,33,33],"damage_taken":[{"damage":1.0,"enemies":"Small Slimes","floor":1.0,"turns":4.0},{"damage":2.0,"enemies":"2 Louse","floor":2.0,"turns":3.0},{"damage":3.0,"enemies":"Jaw Worm","floor":5.0,"turns":4.0},{"damage":3.0,"enemies":"Blue Slaver","floor":6.0,"turns":5.0},{"damage":29.0,"enemies":"3 Sentries","floor":8.0,"turns":13.0},{"damage":3.0,"enemies":"Lots of Slimes","floor":10.0,"turns":4.0},{"damage":9.0,"enemies":"2 Fungi Beasts","floor":14.0,"turns":3.0},{"damage":24.0,"enemies":"The Guardian","floor":16.0,"turns":7.0},{"damage":0.0,"enemies":"Chosen","floor":18.0,"turns":4.0},{"damage":25.0,"enemies":"2 Thieves","floor":21.0,"turns":4.0},{"damage":26.0,"enemies":"Slavers","floor":24.0,"turns":7.0},{"damage":45.0,"enemies":"Shelled Parasite and Fungi","floor":29.0,"turns":5.0},{"damage":8,"enemies":"Centurion and Healer","floor":30,"turns":6},{"damage":2,"enemies":"Snake Plant","floor":31,"turns":3},{"damage":71,"enemies":"Automaton","floor":33,"turns":6}],"seed_played":"3030151576355180651","potions_obtained":[{"floor":1.0,"key":"Block Potion"},{"floor":5.0,"key":"EntropicBrew"},{"floor":16.0,"key":"Regen Potion"},{"floor":21.0,"key":"PowerPotion"},{"floor":30,"key":"Fire Potion"},{"floor":31,"key":"SneckoOil"}],"is_trial":false,"path_per_floor":["M","M","?","$","M","M","R","E","T","M","R","$","R","M","R","B",null,"M","?","?","M","$","R","E","R","T","$","R","M","M","M","R","B"],"character_chosen":"THE_SILENT","items_purchased":["Chemical X","Bouncing Flask","Blood Vial","Fire Potion","Leg Sweep"],"campfire_rested":4,"item_purchase_floors":[4,12,12,22,22],"current_hp_per_floor":[44,42,42,42,39,36,36,7,7,4,25,25,46,39,39,17,57,59,59,43,20,20,41,62,62,62,62,62,19,13,13,34,0,0],"gold":324,"neow_bonus":"TWO_FIFTY_GOLD","is_daily":false,"chose_seed":false,"campfire_upgraded":4,"win_rate":0.0,"timestamp":1613450339,"path_taken":["M","M","?","$","M","M","R","E","T","M","R","$","R","M","R","BOSS","M","?","?","M","$","R","E","R","T","$","R","M","M","M","R","BOSS"],"items_purchased_type":["Relic","Card","Relic","Potion","Card"],"build_version":"2020-12-22","purchased_purges":0,"victory":false,"max_hp_per_floor":[70,70,70,70,70,70,70,70,70,70,70,70,70,70,70,70,70,70,70,70,70,70,70,70,70,70,70,70,70,70,70,70,70,70],"relic_stats":{"Blood Vial":18,"Peace Pipe":0,"counters":[15,78],"StoneCalendar":[80],"Tingsha":[57],"Chemical X":[7],"MawBank":84,"obtain_stats":[{"Blood Vial":12,"Peace Pipe":24,"SacredBark":17,"StoneCalendar":8,"Tingsha":9,"Chemical X":4,"MawBank":26,"Ring of the Snake":0},{"Blood Vial":6,"Peace Pipe":11,"SacredBark":8,"StoneCalendar":5,"Tingsha":5,"Chemical X":2,"MawBank":11,"Ring of the Snake":0},{"Blood Vial":33,"Peace Pipe":58,"SacredBark":43,"StoneCalendar":29,"Tingsha":29,"Chemical X":7,"MawBank":58,"Ring of the Snake":0}],"Ring of the Snake":[30]},"card_choices":[{"not_picked":["Calculated Gamble","Concentrate"],"picked":"Slice","floor":1.0},{"not_picked":["Well Laid Plans","Distraction"],"picked":"Deadly Poison","floor":2.0},{"not_picked":["Backflip","Choke"],"picked":"Catalyst","floor":5.0},{"not_picked":["Dodge and Roll","Acrobatics"],"picked":"Poisoned Stab","floor":6.0},{"not_picked":["Riddle With Holes","Infinite Blades"],"picked":"Poisoned Stab","floor":8.0},{"not_picked":["Outmaneuver","Blur"],"picked":"Poisoned Stab","floor":10.0},{"not_picked":["Acrobatics","Quick Slash"],"picked":"Deadly Poison","floor":14.0},{"not_picked":["Storm of Steel","Phantasmal Killer"],"picked":"Doppelganger","floor":16.0},{"not_picked":["Sucker Punch","Acrobatics"],"picked":"Backflip","floor":18.0},{"not_picked":["Concentrate","Cloak And Dagger","Poisoned Stab"],"picked":"SKIP","floor":21.0},{"not_picked":["Dagger Throw","Dash+1"],"picked":"Poisoned Stab+1","floor":24.0},{"not_picked":["Escape Plan","Bane","Masterful Stab"],"picked":"SKIP","floor":29.0},{"not_picked":["All Out Attack+1","Underhanded Strike"],"picked":"Noxious Fumes","floor":30},{"not_picked":["Slice","Flechettes"],"picked":"Deflect+1","floor":31}],"player_experience":255340,"relics_obtained":[{"floor":8.0,"key":"StoneCalendar"},{"floor":9.0,"key":"Tingsha"},{"floor":24.0,"key":"Peace Pipe"},{"floor":26.0,"key":"MawBank"}],"event_choices":[{"damage_healed":0.0,"max_hp_gain":0.0,"max_hp_loss":0.0,"gold_gain":0.0,"event_name":"Golden Wing","player_choice":"Ignored","floor":3.0,"gold_loss":0.0,"damage_taken":0.0},{"damage_healed":0.0,"max_hp_gain":0.0,"max_hp_loss":0.0,"gold_gain":0.0,"cards_transformed":["Strike_G","Strike_G"],"event_name":"Drug Dealer","player_choice":"Became Test Subject","floor":19.0,"gold_loss":0.0,"damage_taken":0.0,"cards_obtained":["Prepared","Eviscerate"]},{"damage_healed":0.0,"max_hp_gain":0.0,"max_hp_loss":0.0,"gold_gain":0.0,"event_name":"Cursed Tome","player_choice":"Obtained Book","floor":20.0,"gold_loss":0.0,"damage_taken":16.0}],"is_beta":false,"boss_relics":[{"not_picked":["Ring of the Serpent","Sozu"],"picked":"SacredBark"}],"items_purged_floors":[],"is_endless":false,"potions_floor_spawned":[1,5,16,21,30,31],"killed_by":"Automaton","ascension_level":8}}