{"host":"0utx1lcxgx5vu4k0","time":1613448640,"event":{"mods":["BaseMod","Colored Powertips","Minty Spire (QoL Compilation)","Permanent Neow","Relic Stats","StSLib"],"gold_per_floor":[117,135,152,152,152,180,180,209,209,222,242,242,304,327,327,424,724,743,753,767,767,767,324,350,95,95,95,124,124,135,154,154,259,259,278,278,21,21,41,67,67,95,118,145,162,173,173,208,208,208],"floor_reached":51,"language":"ENG","playtime":2184,"items_purged":[],"score":1035,"play_id":"be1f43fd-45f8-4d6e-85fa-da9b46405b1f","local_time":"20210215231040","is_ascension_mode":true,"campfire_choices":[{"data":"Dagger Spray","floor":7,"key":"SMITH"},{"floor":12,"key":"REST"},{"data":"Noxious Fumes","floor":15,"key":"SMITH"},{"data":"Envenom","floor":27,"key":"SMITH"},{"data":"Phantasmal Killer","floor":29,"key":"SMITH"},{"data":"Footwork","floor":32,"key":"SMITH"},{"data":"After Image","floor":41,"key":"SMITH"},{"data":"Malaise","floor":49,"key":"SMITH"}],"circlet_count":0,"master_deck":["Defend_G","Defend_G","Defend_G","Defend_G","Defend_G","Survivor","Neutralize","Envenom+1","Noxious Fumes+1","Sucker Punch","Dagger Spray+1","Bouncing Flask","Acrobatics+1","PiercingWail+1","Malaise+1","CurseOfTheBell","Prepared+1","Footwork+1","Outmaneuver+1","Bite","Bite","Bite","Bite","Bite","Die Die Die","Phantasmal Killer+1","Catalyst+1","After Image+1","Well Laid Plans","Blade Dance+1","Regret","Acrobatics+1","Adrenaline"],"relics":["Ring of the Snake","Oddly Smooth Stone","Mercury Hourglass","Mummified Hand","Toy Ornithopter","Strawberry","Calling Bell","War Paint","Paper Crane","Old Coin","Pen Nib","Sling","Centennial Puzzle","Ninja Scroll","Pear","Bag of Marbles","Cursed Key","Tingsha","HornCleat","Bronze Scales","Bag of Preparation","Smiling Mask","White Beast Statue","Toxic Egg 2"],"acts_visited":["Exordium","TheCity","TheBeyond"],"potions_floor_usage":[6,8,16,20,35,40,50,50],"damage_taken":[{"damage":7,"enemies":"Jaw Worm","floor":1,"turns":5},{"damage":0,"enemies":"2 Louse","floor":2,"turns":4},{"damage":0,"enemies":"Cultist","floor":3,"turns":4},{"damage":20,"enemies":"Gremlin Nob","floor":6,"turns":4},{"damage":15,"enemies":"3 Sentries","floor":8,"turns":6},{"damage":0,"enemies":"Looter","floor":10,"turns":4},{"damage":10,"enemies":"Exordium Wildlife","floor":11,"turns":4},{"damage":11,"enemies":"3 Sentries","floor":13,"turns":4},{"damage":1,"enemies":"The Guardian","floor":16,"turns":8},{"damage":12,"enemies":"2 Thieves","floor":18,"turns":4},{"damage":0,"enemies":"3 Byrds","floor":19,"turns":4},{"damage":10,"enemies":"Cultist and Chosen","floor":20,"turns":8},{"damage":27,"enemies":"Book of Stabbing","floor":24,"turns":6},{"damage":4,"enemies":"Slavers","floor":28,"turns":4},{"damage":1,"enemies":"Shelled Parasite and Fungi","floor":30,"turns":4},{"damage":11,"enemies":"Centurion and Healer","floor":31,"turns":6},{"damage":9,"enemies":"Champ","floor":33,"turns":9},{"damage":0,"enemies":"3 Darklings","floor":35,"turns":1},{"damage":0,"enemies":"Orb Walker","floor":39,"turns":2},{"damage":1,"enemies":"Reptomancer","floor":40,"turns":3},{"damage":8,"enemies":"Giant Head","floor":42,"turns":7},{"damage":12,"enemies":"Nemesis","floor":44,"turns":3},{"damage":4,"enemies":"Maw","floor":45,"turns":7},{"damage":0,"enemies":"4 Shapes","floor":46,"turns":2},{"damage":0,"enemies":"Giant Head","floor":48,"turns":5},{"damage":23,"enemies":"Time Eater","floor":50,"turns":11}],"seed_played":"2040203794406330900","potions_obtained":[{"floor":1,"key":"Fire Potion"},{"floor":6,"key":"LiquidBronze"},{"floor":8,"key":"Poison Potion"},{"floor":18,"key":"Swift Potion"},{"floor":20,"key":"Swift Potion"},{"floor":30,"key":"GamblersBrew"},{"floor":33,"key":"Explosive Potion"},{"floor":38,"key":"Ancient Potion"},{"floor":38,"key":"SpeedPotion"},{"floor":42,"key":"SteroidPotion"},{"floor":46,"key":"FairyPotion"}],"is_trial":false,"path_per_floor":["M","M","M","?","?","E","R","E","T","M","M","R","?","T","R","B",null,"M","M","M","?","?","$","E","$","T","R","E","R","M","M","R","B",null,"M","?","$","?","M","E","R","E","T","E","M","M","?","E","R","B",null],"character_chosen":"THE_SILENT","items_purchased":["Pen Nib","Sling","Die Die Die","Ninja Scroll","HornCleat"],"campfire_rested":1,"item_purchase_floors":[23,23,23,25,37],"current_hp_per_floor":[63,63,63,51,51,31,31,16,16,16,6,27,16,23,23,27,77,65,65,60,46,46,46,25,25,35,35,35,35,40,43,43,44,67,67,67,67,67,67,67,67,65,65,57,63,65,65,67,67,52],"gold":208,"neow_bonus":"ONE_RANDOM_RARE_CARD","is_daily":false,"chose_seed":false,"campfire_upgraded":7,"win_rate":0.0,"timestamp":1613448640,"path_taken":["M","M","M","?","?","E","R","E","T","M","M","R","?","?","R","BOSS","M","M","?","?","?","?","E","$","T","R","E","R","M","M","R","BOSS","M","?","?","?","?","E","R","E","T","E","M","M","?","E","R","BOSS"],"items_purchased_type":["Relic","Relic","Card","Relic","Relic"],"build_version":"2020-12-22","purchased_purges":0,"victory":true,"max_hp_per_floor":[70,70,70,70,70,70,70,70,70,70,70,70,70,77,77,77,77,77,77,77,82,57,57,57,57,67,67,67,67,67,67,67,67,67,67,67,67,67,67,67,67,67,67,67,67,67,67,67,67,67],"relic_stats":{"counters":[26,129],"Tingsha":[90],"Pen Nib":[16],"Bag of Preparation":[0],"War Paint":["Acrobatics","PiercingWail"],"Cursed Key":1,"Smiling Mask":0,"Mercury Hourglass":[463],"Centennial Puzzle":[27],"Mummified Hand":[59],"Bronze Scales":[79],"obtain_stats":[{"Pear":26,"Oddly Smooth Stone":4,"Tingsha":36,"Pen Nib":23,"Bag of Preparation":42,"War Paint":17,"Paper Crane":17,"Sling":23,"Cursed Key":34,"Smiling Mask":43,"White Beast Statue":44,"Mercury Hourglass":6,"Old Coin":17,"Calling Bell":17,"Centennial Puzzle":24,"HornCleat":37,"Mummified Hand":8,"Ninja Scroll":25,"Strawberry":14,"Bronze Scales":40,"Bag of Marbles":28,"Toxic Egg 2":48,"Toy Ornithopter":13,"Ring of the Snake":0},{"Pear":13,"Oddly Smooth Stone":3,"Tingsha":18,"Pen Nib":12,"Bag of Preparation":21,"War Paint":9,"Paper Crane":9,"Sling":12,"Cursed Key":17,"Smiling Mask":21,"White Beast Statue":22,"Mercury Hourglass":4,"Old Coin":9,"Calling Bell":9,"Centennial Puzzle":13,"HornCleat":18,"Mummified Hand":5,"Ninja Scroll":13,"Strawberry":8,"Bronze Scales":20,"Bag of Marbles":14,"Toxic Egg 2":25,"Toy Ornithopter":7,"Ring of the Snake":0},{"Pear":65,"Oddly Smooth Stone":13,"Tingsha":89,"Pen Nib":59,"Bag of Preparation":101,"War Paint":43,"Paper Crane":43,"Sling":59,"Cursed Key":88,"Smiling Mask":101,"White Beast Statue":104,"Mercury Hourglass":17,"Old Coin":43,"Calling Bell":43,"Centennial Puzzle":65,"HornCleat":89,"Mummified Hand":23,"Ninja Scroll":65,"Strawberry":35,"Bronze Scales":94,"Bag of Marbles":69,"Toxic Egg 2":118,"Toy Ornithopter":31,"Ring of the Snake":0}],"Toy Ornithopter":10,"Ring of the Snake":[52]},"card_choices":[{"not_picked":["Masterful Stab","Backflip"],"picked":"Noxious Fumes","floor":1},{"not_picked":["Well Laid Plans","Blur"],"picked":"Sucker Punch","floor":2},{"not_picked":["Distraction","Dodge and Roll"],"picked":"Dagger Spray","floor":3},{"not_picked":["Well Laid Plans","Dagger Spray"],"picked":"Bouncing Flask","floor":6},{"not_picked":["Blur","Sucker Punch","Dagger Throw"],"picked":"SKIP","floor":8},{"not_picked":["Endless Agony","All Out Attack"],"picked":"Acrobatics","floor":10},{"not_picked":["Cloak And Dagger","Tools of the Trade"],"picked":"PiercingWail","floor":11},{"not_picked":["Night Terror","Storm of Steel"],"picked":"Malaise","floor":16},{"not_picked":["Acrobatics+1","Cloak And Dagger"],"picked":"Prepared+1","floor":18},{"not_picked":["Deadly Poison","Cloak And Dagger"],"picked":"Footwork","floor":19},{"not_picked":["Skewer","Escape Plan"],"picked":"Outmaneuver+1","floor":20},{"not_picked":["Dash","Flying Knee"],"picked":"Phantasmal Killer","floor":24},{"not_picked":["Underhanded Strike","Bane","Poisoned Stab"],"picked":"SKIP","floor":28},{"not_picked":["Poisoned Stab+1","Endless Agony+1"],"picked":"Catalyst+1","floor":30},{"not_picked":["Distraction","Reflex","Deadly Poison"],"picked":"SKIP","floor":31},{"not_picked":["Doppelganger","Bullet Time"],"picked":"After Image","floor":33},{"not_picked":["Sucker Punch","Dagger Throw+1"],"picked":"Well Laid Plans","floor":35},{"not_picked":["Outmaneuver+1","Slice+1","Dagger Throw"],"picked":"SKIP","floor":39},{"not_picked":["Caltrops","Underhanded Strike","PiercingWail"],"picked":"SKIP","floor":40},{"not_picked":["Dodge and Roll+1","Endless Agony"],"picked":"Blade Dance+1","floor":42},{"not_picked":["Sucker Punch","Poisoned Stab"],"picked":"Acrobatics+1","floor":44},{"not_picked":["PiercingWail+1","Deflect"],"picked":"Adrenaline","floor":45},{"not_picked":["Bouncing Flask+1","Eviscerate+1","Quick Slash"],"picked":"SKIP","floor":46},{"not_picked":["Masterful Stab+1","Backstab","Glass Knife"],"picked":"SKIP","floor":48}],"player_experience":52874,"relics_obtained":[{"floor":6,"key":"Mercury Hourglass"},{"floor":8,"key":"Mummified Hand"},{"floor":14,"key":"Strawberry"},{"floor":17,"key":"War Paint"},{"floor":17,"key":"Paper Crane"},{"floor":17,"key":"Old Coin"},{"floor":24,"key":"Centennial Puzzle"},{"floor":26,"key":"Pear"},{"floor":28,"key":"Bag of Marbles"},{"floor":40,"key":"Bronze Scales"},{"floor":42,"key":"Bag of Preparation"},{"floor":43,"key":"Smiling Mask"},{"floor":44,"key":"White Beast Statue"},{"floor":48,"key":"Toxic Egg 2"}],"event_choices":[{"damage_healed":0,"gold_gain":0,"player_choice":"Success","damage_taken":12,"relics_obtained":["Oddly Smooth Stone"],"max_hp_gain":0,"max_hp_loss":0,"event_name":"Scrap Ooze","floor":4,"gold_loss":0},{"damage_healed":0,"gold_gain":0,"player_choice":"Ignored","damage_taken":0,"max_hp_gain":0,"max_hp_loss":0,"event_name":"Liars Game","floor":5,"gold_loss":0},{"damage_healed":0,"gold_gain":0,"player_choice":"Searched \u00272\u0027 times","damage_taken":0,"relics_obtained":["Toy Ornithopter"],"max_hp_gain":0,"max_hp_loss":0,"event_name":"Dead Adventurer","floor":13,"gold_loss":0},{"damage_healed":0,"gold_gain":0,"player_choice":"Shed Blood","damage_taken":19,"max_hp_gain":5,"max_hp_loss":0,"event_name":"Forgotten Altar","floor":21,"gold_loss":0},{"damage_healed":0,"gold_gain":0,"player_choice":"Became a vampire","damage_taken":0,"max_hp_gain":0,"max_hp_loss":25,"event_name":"Vampires","floor":22,"gold_loss":0,"cards_obtained":["Bite","Bite","Bite","Bite","Bite"]},{"damage_healed":0,"gold_gain":0,"player_choice":"Gave Potion","damage_taken":0,"relics_obtained":["Tingsha"],"max_hp_gain":0,"max_hp_loss":0,"event_name":"WeMeetAgain","floor":36,"gold_loss":0},{"damage_healed":0,"gold_gain":0,"player_choice":"Got Potions","damage_taken":0,"max_hp_gain":0,"max_hp_loss":0,"event_name":"Lab","floor":38,"gold_loss":0},{"damage_healed":0,"gold_gain":0,"player_choice":"Ignored","damage_taken":0,"max_hp_gain":0,"max_hp_loss":0,"event_name":"Tomb of Lord Red Mask","floor":47,"gold_loss":0}],"is_beta":false,"boss_relics":[{"not_picked":["Velvet Choker","WristBlade"],"picked":"Calling Bell"},{"not_picked":["Black Star","Astrolabe"],"picked":"Cursed Key"}],"items_purged_floors":[],"is_endless":false,"potions_floor_spawned":[1,6,8,18,20,30,33,42,44,45,46,48],"ascension_level":3}}