{"host":"1pkwkj8mkn7raipg","time":1613494001,"event":{"mods":["BaseMod","LagranYue(拉格朗・月)","Minty Spire (QoL Compilation)","Replay The Spire","StSLib","TestMod","Youmu（魂魄妖梦）"],"gold_per_floor":[111,111,125,525,80,80,101,126,126,126,126,166,166,178,178,274,274,288,308,342,191,191,191,21,55,137,137,137,160,205,205,228,256,256,358,358,371,246,263,263,303,303,367,367,391,420,420,462,519,551,551,574,574,574,38,109,119,119],"floor_reached":57,"language":"ZHS","playtime":3322,"items_purged":["Defend_B","Strike_B","Strike_B","Defend_B"],"score":1282,"play_id":"4a2d0048-1cf8-458f-add7-41a6c396adba","local_time":"20210217004641","is_ascension_mode":true,"campfire_choices":[{"data":"Redo","floor":6.0,"key":"SMITH"},{"data":"Recycle","floor":13.0,"key":"SMITH"},{"floor":15.0,"key":"REST"},{"data":"Fission","floor":23.0,"key":"SMITH"},{"floor":31.0,"key":"REST"},{"floor":34.0,"key":"REST"},{"data":"Rainbow","floor":42.0,"key":"SMITH"},{"floor":44.0,"key":"REST"},{"data":"Dualcast","floor":47.0,"key":"SMITH"},{"floor":51.0,"key":"RECALL"},{"data":"Fusion","floor":54.0,"key":"SMITH"}],"circlet_count":0,"master_deck":["AscendersBane","Strike_B+1","Defend_B+1","Zap+1","Dualcast+1","Coolheaded+1","White Noise","Heatsinks","Redo+1","FIFO Queue","Recycle+1","Echo Form","Fission+1","Barrage","Consume","testmod-SelfRegulatingSystem","Cold Snap","Coolheaded+1","Rainbow+1","Parasite","Pot Of Greed","Pot Of Greed","Fusion+1","ReplayTheSpireMod:Calculation Training","ReplayTheSpireMod:Calculation Training","Pot Of Greed","Apotheosis","testmod-RabbitOfFibonacci","ReplayTheSpireMod:Brewmster"],"relics":["Cracked Core","LagranYue:RandomDrawCardRelic","testmod-Brilliant","testmod-Acrobat","Mummified Hand","Garlic","Inserter","Torii","Simple Rune","SacredBark","Smiling Mask","Grinning Jar","Bottled Tornado","Replay:Ringing Soul","ReplayTheSpireMod:ShopPack","Dead Branch","Centennial Puzzle"],"acts_visited":["Exordium","TheCity","TheBeyond","TheEnding"],"potions_floor_usage":[57,57],"damage_taken":[{"damage":7.0,"enemies":"Jaw Worm","floor":1.0,"turns":2.0},{"damage":1.0,"enemies":"Cultist","floor":3.0,"turns":4.0},{"damage":8.0,"enemies":"2 Louse","floor":7.0,"turns":2.0},{"damage":0.0,"enemies":"Large Slime","floor":8.0,"turns":3.0},{"damage":10.0,"enemies":"Replay:BlueRogue","floor":12.0,"turns":5.0},{"damage":0.0,"enemies":"3 Louse","floor":14.0,"turns":1.0},{"damage":30.0,"enemies":"Slime Boss","floor":16.0,"turns":8.0},{"damage":0.0,"enemies":"3 Byrds","floor":18.0,"turns":2.0},{"damage":0.0,"enemies":"Spheric Guardian","floor":19.0,"turns":3.0},{"damage":32.0,"enemies":"Centurion and Healer","floor":20.0,"turns":8.0},{"damage":3.0,"enemies":"Cultist and Chosen","floor":25.0,"turns":5.0},{"damage":11.0,"enemies":"Shelled Parasite and Fungi","floor":29.0,"turns":4.0},{"damage":11.0,"enemies":"Replay:Snechameleon","floor":30.0,"turns":4.0},{"damage":0.0,"enemies":"3 Cultists","floor":33.0,"turns":3.0},{"damage":2.0,"enemies":"Automaton","floor":35.0,"turns":8.0},{"damage":0.0,"enemies":"3 Shapes","floor":37.0,"turns":2.0},{"damage":12.0,"enemies":"Orb Walker","floor":39.0,"turns":3.0},{"damage":17.0,"enemies":"Writhing Mass","floor":41.0,"turns":5.0},{"damage":3.0,"enemies":"Nemesis","floor":43.0,"turns":11.0},{"damage":13.0,"enemies":"Reptomancer","floor":46.0,"turns":3.0},{"damage":1.0,"enemies":"Transient","floor":48.0,"turns":5.0},{"damage":14.0,"enemies":"R_Hoarder","floor":49.0,"turns":12.0},{"damage":22.0,"enemies":"Spire Growth","floor":50.0,"turns":4.0},{"damage":24.0,"enemies":"Time Eater","floor":52.0,"turns":11.0},{"damage":42.0,"enemies":"Shield and Spear","floor":56.0,"turns":6.0},{"damage":27,"enemies":"The Heart","floor":57,"turns":3}],"seed_played":"3510299518853154331","potions_obtained":[{"floor":3.0,"key":"Swift Potion"},{"floor":7.0,"key":"FearPotion"},{"floor":16.0,"key":"SkillPotion"},{"floor":20.0,"key":"AttackPotion"},{"floor":25.0,"key":"SmokeBomb"},{"floor":30.0,"key":"Fire Potion"},{"floor":35.0,"key":"Toxic Potion"},{"floor":37.0,"key":"EssenceOfDarkness"}],"is_trial":false,"path_per_floor":["M","?","M","?","$","R","M","M","T","?","?","E","R","M","R","B",null,"M","M","M","$","?","R","$","M","T","PTL","PTL","M","E","R","T","M","R","B",null,"M","$","M","?","M","R","E","R","T","E","R","M","E","M","R","B",null,"R","$","E","B"],"character_chosen":"DEFECT","items_purchased":["Mummified Hand","Heatsinks","Redo","Barrage","testmod-SelfRegulatingSystem","ReplayTheSpireMod:ShopPack","Dead Branch","ReplayTheSpireMod:Calculation Training"],"campfire_rested":4,"item_purchase_floors":[5,5,5,21,24,55,55,55],"current_hp_per_floor":[61,61,60,60,60,60,52,52,52,37,37,27,27,27,49,19,61,61,61,29,29,29,29,29,26,26,26,26,15,4,26,26,26,48,46,68,68,68,56,56,39,39,36,58,58,45,45,44,64,45,45,21,64,64,67,25,0,0],"gold":119,"neow_bonus":"RANDOM_COMMON_RELIC","is_daily":false,"chose_seed":false,"campfire_upgraded":6,"win_rate":0.0,"timestamp":1613494001,"path_taken":["M","?","?","?","$","R","M","M","T","?","?","E","R","M","R","BOSS","M","M","M","$","?","R","$","M","T","PTL","PTL","M","E","R","?","M","R","BOSS","M","$","M","?","M","R","E","R","T","E","R","M","E","M","R","BOSS","R","$","E","BOSS"],"items_purchased_type":["Relic","Card","Card","Card","Card","Relic","Relic","Card"],"build_version":"2020-12-22","purchased_purges":4,"victory":false,"max_hp_per_floor":[75,75,75,75,75,75,75,75,75,75,75,75,75,75,75,75,75,75,75,75,75,75,75,75,75,75,75,75,75,75,75,75,75,75,75,75,75,75,75,75,75,75,75,75,75,75,75,75,75,78,78,78,78,78,81,81,81,81],"card_choices":[{"not_picked":["Rip and Tear","Rebound"],"picked":"Coolheaded","floor":1.0},{"not_picked":["Sweeping Beam","Leap"],"picked":"White Noise","floor":3.0},{"not_picked":["Hologram","Coolheaded"],"picked":"FIFO Queue","floor":7.0},{"not_picked":["Gash","Coolheaded","Turbo"],"picked":"SKIP","floor":8.0},{"not_picked":["Redo","Steam"],"picked":"Recycle","floor":12.0},{"not_picked":["Beam Cell","Conserve Battery"],"picked":"Echo Form","floor":14.0},{"not_picked":["Seek","Creative AI"],"picked":"Fission","floor":16.0},{"not_picked":["Recycle","Aggregate","Go for the Eyes"],"picked":"SKIP","floor":18.0},{"not_picked":["Conserve Battery","Steam Power","Redo"],"picked":"SKIP","floor":19.0},{"not_picked":["Stack+1","Fusion","Beam Cell"],"picked":"SKIP","floor":20.0},{"not_picked":["Turbo","Auto Shields+1","Hologram"],"picked":"SKIP","floor":25.0},{"not_picked":["Conserve Battery+1","Barrage+1"],"picked":"Cold Snap","floor":29.0},{"not_picked":["Storm","Leap"],"picked":"Coolheaded+1","floor":30.0},{"not_picked":["Gash","Compile Driver","ReplayGash"],"picked":"SKIP","floor":33.0},{"not_picked":["Hyperbeam","Biased Cognition"],"picked":"Rainbow","floor":35.0},{"not_picked":["Genetic Algorithm","Barrage","BasicCrystalCard"],"picked":"SKIP","floor":37.0},{"not_picked":["Gash","Hologram","FIFO Queue+1"],"picked":"SKIP","floor":39.0},{"not_picked":["Hologram","Rip and Tear","Sweeping Beam"],"picked":"SKIP","floor":41.0},{"not_picked":["Compile Driver","Cold Snap","All For One"],"picked":"SKIP","floor":43.0},{"not_picked":["Hello World+1","ReplayTheSpireMod:Repulse","Crystallizer"],"picked":"SKIP","floor":46.0},{"not_picked":["Compile Driver","Steam+1","Rip and Tear+1"],"picked":"SKIP","floor":48.0},{"not_picked":["Go for the Eyes","Undo","Sweeping Beam"],"picked":"SKIP","floor":49.0},{"not_picked":["Leap","Static Discharge"],"picked":"Fusion","floor":50.0},{"not_picked":["testmod-Reverberation","HandOfGreed"],"picked":"Apotheosis","floor":55.0},{"not_picked":["Dramatic Entrance","Violence"],"picked":"testmod-RabbitOfFibonacci","floor":55.0},{"not_picked":["testmod-DeathImprint","testmod-PocketStoneCalender"],"picked":"ReplayTheSpireMod:Brewmster","floor":55.0},{"not_picked":["Fusion+1","ReplaySolidLightProjector","Cold Snap"],"picked":"SKIP","floor":56.0}],"player_experience":432783,"relics_obtained":[{"floor":12.0,"key":"Garlic"},{"floor":30.0,"key":"Torii"},{"floor":32.0,"key":"Simple Rune"},{"floor":43.0,"key":"Smiling Mask"},{"floor":45.0,"key":"Grinning Jar"},{"floor":46.0,"key":"Bottled Tornado"},{"floor":49.0,"key":"Replay:Ringing Soul"},{"floor":56.0,"key":"Centennial Puzzle"}],"event_choices":[{"cards_removed":["Strike_B"],"damage_healed":0.0,"max_hp_gain":0.0,"max_hp_loss":0.0,"gold_gain":0.0,"event_name":"Bonfire Elementals","player_choice":"Offered Basic","floor":2.0,"gold_loss":0.0,"damage_taken":0.0},{"damage_healed":0.0,"max_hp_gain":0.0,"max_hp_loss":0.0,"gold_gain":400.0,"event_name":"恩洛斯的盘子","player_choice":"Sell","floor":4.0,"relics_lost":["testmod-TestBox"],"gold_loss":0.0,"damage_taken":0.0},{"damage_healed":0.0,"max_hp_gain":0.0,"max_hp_loss":0.0,"gold_gain":0.0,"event_name":"Shining Light","player_choice":"Entered Light","floor":10.0,"gold_loss":0.0,"damage_taken":15.0,"cards_upgraded":["Coolheaded","Zap"]},{"damage_healed":0.0,"max_hp_gain":0.0,"max_hp_loss":0.0,"gold_gain":0.0,"event_name":"The Library","player_choice":"Read","floor":22.0,"gold_loss":0.0,"damage_taken":0.0,"cards_obtained":["Consume"]},{"damage_healed":0.0,"max_hp_gain":0.0,"max_hp_loss":0.0,"gold_gain":0.0,"event_name":"Tomb of Lord Red Mask","player_choice":"Ignored","floor":40.0,"gold_loss":0.0,"damage_taken":0.0}],"is_beta":false,"boss_relics":[{"not_picked":["testmod-KeyOfTheVoid","Replay:Drink Me"],"picked":"Inserter"},{"not_picked":["Velvet Choker","testmod-GoldenSoul"],"picked":"SacredBark"}],"items_purged_floors":[5,21,38,55],"is_endless":false,"potions_floor_spawned":[3,7,16,20,25,30,35,37,39,43],"killed_by":"The Heart","ascension_level":13}}