{"host":"w01zow3jg16g8jdh","time":1613487866,"event":{"mods":["2.2 Compatiblity","AchievementEnabler","BaseMod","DeckTracker","Hermit","Keyboard Shortcuts","Marisa£¨Ùöéë¡¡Øª×âÞÞ£©","Minty Spire (QoL Compilation)","Permanent Neow","StSLib","SuperFastMode"],"gold_per_floor":[118,134,144,156,172,203,203,236,305,316,316,332,391,420,420,495,495,510,526,543,201,214,244,244,271,271,303,318,318,353,371,371,445,445,458,478,827,38,38,63,77,102,156,176,195,35,61,75,75,75],"floor_reached":51,"language":"KOR","playtime":1342,"items_purged":["Strike_MRS"],"score":1635,"play_id":"35bba5ac-949e-40eb-af13-45da694c69d3","local_time":"20210217000426","is_ascension_mode":true,"campfire_choices":[{"data":"MysteriousBeam","floor":7,"key":"SMITH"},{"data":"SporeBomb","floor":15,"key":"SMITH"},{"data":"GrandCross","floor":24,"key":"SMITH"},{"data":"BlazeAway","floor":32,"key":"SMITH"},{"data":"EarthLightRay","floor":49,"key":"SMITH"}],"circlet_count":0,"master_deck":["AscendersBane","Strike_MRS","Strike_MRS","Defend_MRS","Defend_MRS","Defend_MRS","Defend_MRS","MasterSpark+1","UpSweep","MysteriousBeam+1","EarthLightRay+1","SporeBomb+1","UltimateShortwave","GrandCross+1","Acceleration","EarthLightRay","AlicesGift+1","BlazeAway+1","EarthLightRay+1","ChargingUp+1"],"relics":["MiniHakkero","Juzu Bracelet","Bronze Scales","Eternal Feather","CaptainsWheel","Bag of Marbles","ExperimentalFamiliar","InkBottle","Boot","Pantograph","Mercury Hourglass","Anchor","Matryoshka","Philosopher\u0027s Stone","Old Coin","Lee\u0027s Waffle","Meat on the Bone","Thread and Needle","MealTicket","Regal Pillow","Potion Belt","Pen Nib","Lantern","Pear"],"acts_visited":["Exordium","TheCity","TheBeyond"],"potions_floor_usage":[16,23,23,33,40,50],"damage_taken":[{"damage":0,"enemies":"Small Slimes","floor":1,"turns":3},{"damage":2,"enemies":"2 Louse","floor":2,"turns":2},{"damage":0,"enemies":"Cultist","floor":3,"turns":2},{"damage":1,"enemies":"Looter","floor":4,"turns":2},{"damage":10,"enemies":"Exordium Thugs","floor":5,"turns":4},{"damage":18,"enemies":"Gremlin Nob","floor":6,"turns":3},{"damage":20,"enemies":"3 Sentries","floor":8,"turns":4},{"damage":12,"enemies":"2 Fungi Beasts","floor":10,"turns":2},{"damage":7,"enemies":"Exordium Wildlife","floor":12,"turns":3},{"damage":10,"enemies":"Gremlin Nob","floor":13,"turns":2},{"damage":10,"enemies":"Lagavulin","floor":14,"turns":5},{"damage":34,"enemies":"The Guardian","floor":16,"turns":7},{"damage":0,"enemies":"Shell Parasite","floor":18,"turns":1},{"damage":6,"enemies":"Spheric Guardian","floor":19,"turns":3},{"damage":14,"enemies":"Snecko","floor":20,"turns":4},{"damage":14,"enemies":"Centurion and Healer","floor":22,"turns":3},{"damage":12,"enemies":"Slavers","floor":23,"turns":3},{"damage":24,"enemies":"Book of Stabbing","floor":25,"turns":3},{"damage":13,"enemies":"Gremlin Leader","floor":27,"turns":4},{"damage":11,"enemies":"Sentry and Sphere","floor":28,"turns":3},{"damage":4,"enemies":"Book of Stabbing","floor":30,"turns":2},{"damage":18,"enemies":"Snecko","floor":31,"turns":3},{"damage":91,"enemies":"Automaton","floor":33,"turns":7},{"damage":4,"enemies":"3 Shapes","floor":35,"turns":2},{"damage":1,"enemies":"3 Darklings","floor":36,"turns":2},{"damage":35,"enemies":"2 Orb Walkers","floor":37,"turns":3},{"damage":25,"enemies":"Nemesis","floor":40,"turns":3},{"damage":0,"enemies":"Jaw Worm Horde","floor":41,"turns":2},{"damage":12,"enemies":"Giant Head","floor":42,"turns":3},{"damage":0,"enemies":"Transient","floor":44,"turns":6},{"damage":8,"enemies":"Writhing Mass","floor":45,"turns":1},{"damage":0,"enemies":"Reptomancer","floor":47,"turns":2},{"damage":0,"enemies":"4 Shapes","floor":48,"turns":2},{"damage":52,"enemies":"Donu and Deca","floor":50,"turns":6}],"seed_played":"-4799785646181598789","potions_obtained":[{"floor":4,"key":"BottledSpark"},{"floor":6,"key":"Fire Potion"},{"floor":14,"key":"Strength Potion"},{"floor":20,"key":"Block Potion"},{"floor":23,"key":"SmokeBomb"},{"floor":27,"key":"FairyPotion"},{"floor":31,"key":"DuplicationPotion"},{"floor":37,"key":"SkillPotion"},{"floor":42,"key":"EssenceOfSteel"},{"floor":44,"key":"DuplicationPotion"},{"floor":45,"key":"Regen Potion"},{"floor":47,"key":"StarNLove"},{"floor":48,"key":"FairyPotion"}],"is_trial":false,"path_per_floor":["M","M","M","M","M","E","R","E","T","M","?","M","?","E","R","B",null,"M","M","M","$","M","E","R","E","T","E","M","?","E","M","R","B",null,"M","M","?","$","?","E","M","E","T","M","M","$","E","M","R","B",null],"character_chosen":"MARISA","items_purchased":["InkBottle","Lee\u0027s Waffle","Meat on the Bone","Thread and Needle","Lantern"],"campfire_rested":0,"item_purchase_floors":[21,38,38,38,46],"current_hp_per_floor":[63,61,65,68,62,48,48,32,32,24,47,44,38,32,41,11,55,55,57,51,51,45,41,50,34,34,29,26,26,26,12,21,21,58,58,65,40,77,77,58,62,60,60,74,69,77,87,87,87,53],"gold":75,"neow_bonus":"UPGRADE_CARD","is_daily":false,"chose_seed":false,"campfire_upgraded":5,"win_rate":0.0,"timestamp":1613487866,"path_taken":["M","M","M","M","M","E","R","E","T","M","?","M","?","E","R","BOSS","M","M","M","$","M","E","R","E","T","E","M","?","E","M","R","BOSS","M","M","?","$","?","E","M","E","T","M","M","$","E","M","R","BOSS"],"items_purchased_type":["Relic","Relic","Relic","Relic","Relic"],"build_version":"2020-12-22","purchased_purges":1,"victory":true,"max_hp_per_floor":[70,70,70,70,70,70,70,70,70,70,70,70,70,70,70,70,70,70,70,70,70,70,70,70,70,70,70,70,70,70,70,70,70,70,70,70,70,77,77,77,77,77,77,77,77,77,87,87,87,87],"card_choices":[{"not_picked":["ShootingEcho","DarkMatter"],"picked":"MysteriousBeam","floor":1},{"not_picked":["SuperPerseids","ChargingUp"],"picked":"EarthLightRay","floor":2},{"not_picked":["NonDirectionalLaser","WitchOfGreed"],"picked":"SporeBomb","floor":3},{"not_picked":["GravityBeat","StarlightTyphoon"],"picked":"UltimateShortwave","floor":4},{"not_picked":["DragonMeteor","GasGiant","LuminesStrike"],"picked":"SKIP","floor":5},{"not_picked":["LuminesStrike","WitchOfGreed","EnergyRecoil"],"picked":"SKIP","floor":6},{"not_picked":["JA","DarkSpark","WitchLeyline"],"picked":"SKIP","floor":8},{"not_picked":["DragonMeteor","LuminesStrike"],"picked":"GrandCross","floor":10},{"not_picked":["MilkyWay","EscapeVelocity"],"picked":"Acceleration","floor":12},{"not_picked":["6A","Robbery","UnstableBomb"],"picked":"SKIP","floor":14},{"not_picked":["IllusionStar","Acceleration"],"picked":"EarthLightRay","floor":18},{"not_picked":["EnergyRecoil","WitchLeyline","6A"],"picked":"SKIP","floor":19},{"not_picked":["IllusionStar+1","DoubleSpark","GalacticHalo"],"picked":"SKIP","floor":20},{"not_picked":["MysteriousBeam","DoubleSpark","ManaConvection"],"picked":"SKIP","floor":22},{"not_picked":["DoubleSpark","AbsoluteMagnitude"],"picked":"AlicesGift+1","floor":23},{"not_picked":["WitchOfGreed","PowerUp","GravityBeat"],"picked":"SKIP","floor":25},{"not_picked":["StarBarrage","NonDirectionalLaser","UnstableBomb+1"],"picked":"SKIP","floor":27},{"not_picked":["WitchLeyline+1","MeteoricShower","GravityBeat"],"picked":"SKIP","floor":28},{"not_picked":["AsteroidBelt+1","GravityBeat"],"picked":"BlazeAway","floor":30},{"not_picked":["MaximisePower","GalacticHalo","GasGiant"],"picked":"SKIP","floor":31},{"not_picked":["OpenUniverse+1","AsteroidBelt","SuperPerseids+1"],"picked":"SKIP","floor":35},{"not_picked":["ShootingEcho+1","DC+1"],"picked":"EarthLightRay+1","floor":36},{"not_picked":["MeteoricShower+1","WitchLeyline+1","GasGiant"],"picked":"SKIP","floor":40},{"not_picked":["MysteriousBeam","SporeBomb","IllusionStar+1"],"picked":"SKIP","floor":41},{"not_picked":["6A+1","PowerUp","IllusionStar"],"picked":"SKIP","floor":42},{"not_picked":["StarlightTyphoon","MilkyWay"],"picked":"ChargingUp+1","floor":44},{"not_picked":["LuminesStrike","SuperPerseids","ChargingUp"],"picked":"SKIP","floor":45},{"not_picked":["EnergyFlow","OortCloud+1","ShootingEcho"],"picked":"SKIP","floor":47},{"not_picked":["DeepEcoloBomb","BlazeAway","WitchOfGreed"],"picked":"SKIP","floor":48}],"player_experience":398375,"relics_obtained":[{"floor":6,"key":"Juzu Bracelet"},{"floor":8,"key":"Bronze Scales"},{"floor":9,"key":"Eternal Feather"},{"floor":13,"key":"CaptainsWheel"},{"floor":14,"key":"Bag of Marbles"},{"floor":23,"key":"Boot"},{"floor":25,"key":"Pantograph"},{"floor":26,"key":"Mercury Hourglass"},{"floor":27,"key":"Anchor"},{"floor":30,"key":"Matryoshka"},{"floor":37,"key":"Old Coin"},{"floor":40,"key":"MealTicket"},{"floor":42,"key":"Regal Pillow"},{"floor":43,"key":"Potion Belt"},{"floor":43,"key":"Pen Nib"},{"floor":47,"key":"Pear"}],"event_choices":[{"damage_healed":23,"gold_gain":0,"player_choice":"Banana","damage_taken":0,"max_hp_gain":0,"max_hp_loss":0,"event_name":"Big Fish","floor":11,"gold_loss":0},{"damage_healed":0,"gold_gain":30,"player_choice":"Searched \u00273\u0027 times","damage_taken":0,"max_hp_gain":0,"max_hp_loss":0,"event_name":"Dead Adventurer","floor":13,"gold_loss":0},{"damage_healed":0,"gold_gain":0,"player_choice":"Ignored","damage_taken":0,"max_hp_gain":0,"max_hp_loss":0,"event_name":"The Mausoleum","floor":29,"gold_loss":0},{"damage_healed":0,"gold_gain":0,"player_choice":"Fight","damage_taken":0,"max_hp_gain":0,"max_hp_loss":0,"event_name":"Mysterious Sphere","floor":37,"gold_loss":0},{"cards_removed":["Strike_MRS"],"damage_healed":0,"gold_gain":0,"player_choice":"Removed Attack","damage_taken":0,"max_hp_gain":0,"max_hp_loss":0,"event_name":"Falling","floor":39,"gold_loss":0}],"is_beta":false,"boss_relics":[{"not_picked":["Astrolabe","Pandora\u0027s Box"],"picked":"ExperimentalFamiliar"},{"not_picked":["SacredBark","Calling Bell"],"picked":"Philosopher\u0027s Stone"}],"items_purged_floors":[21],"is_endless":false,"potions_floor_spawned":[4,6,8,14,20,22,23,27,31,37,42,44,45,47,48],"ascension_level":17}}