{"host":"gk9qdtkqd8dwfeg2","time":1613486777,"event":{"mods":["Act Like it!","Aspiration","BaseMod","Colored Powertips","Gensokyo","Minty Spire (QoL Compilation)","Quick Restart","Replay The Spire","Shop Mod","StSLib","TestMod","The Servant 0.9.4","Waifu the Spire","WarShipGirlsR/’ΩΩ¢…Ÿ≈ÆR mod"],"gold_per_floor":[110,129,129,54,54,54,86,100,124,124,158,158,58,75,75,149,149,162,162,162,6,23,52,52,82,82,82,82,182,182,182,182,182,182],"floor_reached":33,"language":"ZHS","playtime":662,"items_purged":["Strike_P","Injury"],"score":534,"play_id":"38e24ab5-4d14-4785-a5c1-2ca2441a12ee","local_time":"20210216224617","is_ascension_mode":true,"campfire_choices":[{"data":"Eruption","floor":6.0,"key":"SMITH"},{"data":"Devotion","floor":12.0,"key":"SMITH"},{"data":"Vigilance","floor":15.0,"key":"SMITH"},{"floor":24,"key":"REST"},{"data":"Adaptation","floor":30,"key":"SMITH"},{"data":"Fasting2","floor":32,"key":"SMITH"}],"circlet_count":0,"master_deck":["AscendersBane","Defend_P","Defend_P","Eruption+1","Vigilance+1","CarveReality","BowlingBash","Devotion+1","TalkToTheHand+1","FearNoEvil+1","Brilliance+1","DevaForm","CutThroughFate+1","Gensokyo:SpontaneousHumanCombustion","Finisher+1","All Out Attack+1","Dagger Throw+1","Tantrum+1","Fasting2+1","Writhe","Adaptation+1"],"relics":["PureWater","testmod-TestBox","testmod-ObsoleteBoomerang","aspiration:Nostalgia","Ring of the Snake","Molten Egg 2","testmod-IndustrialRevolution","Bag of Preparation","Unceasing Top","Black Star","Orrery","Pen Nib","CloakClasp","Replay:Accelerometer","Pear","testmod-ArcanaOfDestiny","testmod-Maize","Dead Branch"],"acts_visited":["Exordium","Exordium"],"potions_floor_usage":[29],"damage_taken":[{"damage":2.0,"enemies":"Jaw Worm","floor":1.0,"turns":3.0},{"damage":0.0,"enemies":"Small Slimes","floor":2.0,"turns":1.0},{"damage":8.0,"enemies":"Gremlin Nob","floor":7.0,"turns":3.0},{"damage":0.0,"enemies":"2 Louse","floor":8.0,"turns":1.0},{"damage":17.0,"enemies":"3 Sentries","floor":11.0,"turns":6.0},{"damage":0.0,"enemies":"2 Fungi Beasts","floor":14.0,"turns":1.0},{"damage":7.0,"enemies":"Hexaghost","floor":16.0,"turns":4.0},{"damage":6.0,"enemies":"Gensokyo:Chomper","floor":18.0,"turns":4.0},{"damage":0.0,"enemies":"Gensokyo:CosmicMonolith","floor":22.0,"turns":1.0},{"damage":46,"enemies":"Gensokyo:Tenshi","floor":23,"turns":3},{"damage":12,"enemies":"Gensokyo:Koishi","floor":25,"turns":4},{"damage":0,"enemies":"Gensokyo:Koishi","floor":29,"turns":3},{"damage":99,"enemies":"Gensokyo:Kaguya","floor":33,"turns":3}],"seed_played":"3498037677328275109","potions_obtained":[{"floor":1.0,"key":"Swift Potion"},{"floor":8.0,"key":"Dexterity Potion"},{"floor":11.0,"key":"BottledMiracle"},{"floor":22.0,"key":"testmod-EscapePotion"},{"floor":23,"key":"FairyPotion"}],"is_trial":false,"path_per_floor":["M","M","?","$","?","R","E","M","T","?","E","R","$","M","R","B",null,"M","?","?","COS","M","E","R","E","T","?","?","?","R","T","R","B"],"character_chosen":"WATCHER","items_purchased":[],"campfire_rested":1,"item_purchase_floors":[],"current_hp_per_floor":[59,59,59,59,59,59,51,51,51,56,39,39,39,39,39,32,63,57,57,57,57,57,11,30,28,28,28,28,28,28,28,28,0,0],"gold":182,"neow_bonus":"NOSTALGIA","is_daily":false,"chose_seed":false,"campfire_upgraded":5,"win_rate":0.0,"timestamp":1613486777,"path_taken":["M","M","?","$","?","R","E","M","T","?","E","R","$","M","R","BOSS","M","?","?","COS","?","E","R","E","T","?","?","?","R","?","R","BOSS"],"items_purchased_type":[],"build_version":"2020-12-22","purchased_purges":2,"victory":false,"max_hp_per_floor":[68,68,68,68,68,68,68,68,68,73,73,73,73,73,73,73,73,73,65,65,65,65,65,65,75,75,75,75,75,75,75,75,75,75],"card_choices":[{"not_picked":["ForeignInfluence","WaveOfTheHand"],"picked":"CarveReality","floor":1.0},{"not_picked":["Replay:AtTheReady","FlyingSleeves"],"picked":"BowlingBash","floor":2.0},{"not_picked":[],"picked":"Devotion","floor":3.0},{"not_picked":["Perseverance","Wish"],"picked":"TalkToTheHand+1","floor":7.0},{"not_picked":["LikeWater","ClearTheMind","Replay:ManipulateFuture"],"picked":"SKIP","floor":8.0},{"not_picked":["BowlingBash+1","ThirdEye"],"picked":"FearNoEvil+1","floor":11.0},{"not_picked":["BowlingBash+1","ReachHeaven+1"],"picked":"Brilliance+1","floor":14.0},{"not_picked":["Establishment","SpiritShield"],"picked":"DevaForm","floor":16.0},{"not_picked":["Replay:AtTheReady","DeceiveReality"],"picked":"CutThroughFate+1","floor":18.0},{"not_picked":["Gensokyo:Kunekune","Gensokyo:EightFeetTall"],"picked":"Gensokyo:SpontaneousHumanCombustion","floor":19.0},{"not_picked":["FlyingSleeves+1","ReachHeaven+1"],"picked":"Tantrum+1","floor":21.0},{"not_picked":["BowlingBash+1","EmptyBody"],"picked":"Fasting2","floor":21.0},{"not_picked":["BowlingBash+1","FlyingSleeves+1","ForeignInfluence"],"picked":"SKIP","floor":22.0},{"not_picked":["Sanctity+1","CrushJoints+1","BattleHymn"],"picked":"SKIP","floor":23},{"not_picked":["FollowUp+1","FearNoEvil+1","Study"],"picked":"SKIP","floor":25},{"not_picked":["JustLucky+1","Blasphemy"],"picked":"Adaptation","floor":29}],"player_experience":741515,"relics_obtained":[{"floor":7.0,"key":"testmod-IndustrialRevolution"},{"floor":9.0,"key":"Bag of Preparation"},{"floor":11.0,"key":"Unceasing Top"},{"floor":23,"key":"Pen Nib"},{"floor":23,"key":"CloakClasp"},{"floor":25,"key":"Replay:Accelerometer"},{"floor":25,"key":"Pear"},{"floor":26,"key":"testmod-ArcanaOfDestiny"},{"floor":29,"key":"testmod-Maize"},{"floor":29,"key":"Dead Branch"}],"event_choices":[{"damage_healed":0.0,"max_hp_gain":5.0,"max_hp_loss":0.0,"gold_gain":0.0,"event_name":"Big Fish","player_choice":"Donut","floor":10.0,"gold_loss":0.0,"damage_taken":0.0}],"is_beta":false,"boss_relics":[{"not_picked":["testmod-HarvestTotem","aspiration:ServantSkillbook"],"picked":"Black Star"}],"items_purged_floors":[4,13],"is_endless":false,"potions_floor_spawned":[1,8,11,14,22,23,25],"killed_by":"Gensokyo:Kaguya","ascension_level":20}}