{"host":"bg8va46pgqgvtzim","time":1613477285,"event":{"mods":["BaseMod","Minty Spire (QoL Compilation)","Quick Restart","StSLib","SuperFastMode"],"gold_per_floor":[119,135,155,168,168,181,209,209,57,92,92,122,151,151,151,101,111,129,147,147,147,248,248,264,284,284,296,310,310,323,340,374,390,290,290,290,290,290,301,176,187,202,231,247,247,350,350,364,419,432,282,293,118,133,168,182,212,212,212,237,287,322,342,342,353,386,403,403,403,403,403,403,1,32,32],"floor_reached":76,"language":"ZHS","playtime":6888,"items_purged":["Strike_P","Halt","CutThroughFate+1","CrushJoints+1","Evaluate"],"score":1926,"play_id":"92a89e7b-8c74-4030-8d23-e554e07ca330","local_time":"20210216200805","is_ascension_mode":true,"campfire_choices":[{"data":"Eruption","floor":8,"key":"SMITH"},{"data":"TalkToTheHand","floor":15,"key":"SMITH"},{"data":"CrushJoints","floor":20,"key":"SMITH"},{"data":"ForeignInfluence","floor":21,"key":"SMITH"},{"data":"Scrawl","floor":35,"key":"SMITH"},{"data":"FlurryOfBlows","floor":38,"key":"SMITH"},{"data":"MentalFortress","floor":45,"key":"SMITH"},{"floor":68,"key":"RECALL"},{"data":"Vault","floor":69,"key":"SMITH"},{"data":"MasterReality","floor":72,"key":"SMITH"}],"circlet_count":0,"master_deck":["Vigilance","DevaForm","Vault","FlurryOfBlows+1","Meditate","TalkToTheHand+1","MasterReality+1","MentalFortress+1","Scrawl+1","DeusExMachina+1","Wallop+1","Pray+1","Vault+1","Pray+1","Prostrate+1","Brilliance+1","EmptyMind+1","Fasting2"],"relics":["PureWater","Nunchaku","Strawberry","Dream Catcher","Odd Mushroom","Astrolabe","Molten Egg 2","Yang","Juzu Bracelet","Empty Cage","Thread and Needle","Du-Vu Doll","Oddly Smooth Stone","Turnip","Blood Vial","CaptainsWheel","Lantern","Gambling Chip","ClockworkSouvenir","TeardropLocket","Sundial"],"acts_visited":["Exordium","TheCity","TheBeyond","TheEnding"],"potions_floor_usage":[10,10,17,31,63,65,70,75,75,75,75],"damage_taken":[{"damage":0,"enemies":"Small Slimes","floor":1,"turns":3},{"damage":0,"enemies":"2 Louse","floor":2,"turns":2},{"damage":1,"enemies":"Jaw Worm","floor":3,"turns":3},{"damage":9,"enemies":"Blue Slaver","floor":4,"turns":4},{"damage":0,"enemies":"Gremlin Gang","floor":6,"turns":4},{"damage":14,"enemies":"Gremlin Nob","floor":7,"turns":4},{"damage":4,"enemies":"3 Sentries","floor":10,"turns":3},{"damage":0,"enemies":"Gremlin Nob","floor":12,"turns":3},{"damage":4,"enemies":"The Mushroom Lair","floor":13,"turns":3},{"damage":9,"enemies":"Exordium Thugs","floor":17,"turns":3},{"damage":0,"enemies":"Large Slime","floor":18,"turns":3},{"damage":0,"enemies":"Blue Slaver","floor":19,"turns":2},{"damage":0,"enemies":"Slime Boss","floor":22,"turns":4},{"damage":10,"enemies":"Chosen","floor":24,"turns":2},{"damage":2,"enemies":"Shell Parasite","floor":25,"turns":2},{"damage":12,"enemies":"Centurion and Healer","floor":27,"turns":2},{"damage":0,"enemies":"3 Cultists","floor":28,"turns":3},{"damage":10,"enemies":"Chosen and Byrds","floor":30,"turns":2},{"damage":0,"enemies":"Snake Plant","floor":31,"turns":2},{"damage":6,"enemies":"Book of Stabbing","floor":32,"turns":3},{"damage":0,"enemies":"Centurion and Healer","floor":33,"turns":3},{"damage":0,"enemies":"3 Cultists","floor":39,"turns":4},{"damage":0,"enemies":"Shelled Parasite and Fungi","floor":41,"turns":4},{"damage":0,"enemies":"Cultist and Chosen","floor":42,"turns":4},{"damage":0,"enemies":"Gremlin Leader","floor":43,"turns":3},{"damage":0,"enemies":"Centurion and Healer","floor":44,"turns":3},{"damage":0,"enemies":"Automaton","floor":46,"turns":6},{"damage":0,"enemies":"3 Darklings","floor":48,"turns":3},{"damage":7,"enemies":"2 Orb Walkers","floor":49,"turns":4},{"damage":0,"enemies":"3 Shapes","floor":50,"turns":5},{"damage":0,"enemies":"Writhing Mass","floor":52,"turns":4},{"damage":0,"enemies":"Sphere and 2 Shapes","floor":54,"turns":3},{"damage":0,"enemies":"Nemesis","floor":55,"turns":3},{"damage":0,"enemies":"Jaw Worm Horde","floor":56,"turns":3},{"damage":0,"enemies":"Giant Head","floor":57,"turns":3},{"damage":0,"enemies":"Mind Bloom Boss Battle","floor":61,"turns":3},{"damage":0,"enemies":"Nemesis","floor":62,"turns":2},{"damage":0,"enemies":"Transient","floor":63,"turns":4},{"damage":0,"enemies":"3 Darklings","floor":65,"turns":3},{"damage":0,"enemies":"Reptomancer","floor":66,"turns":3},{"damage":0,"enemies":"Spire Growth","floor":67,"turns":3},{"damage":0,"enemies":"Time Eater","floor":70,"turns":5},{"damage":0,"enemies":"Shield and Spear","floor":74,"turns":3},{"damage":0,"enemies":"The Heart","floor":75,"turns":6}],"seed_played":"3661311447450490829","potions_obtained":[{"floor":3,"key":"EntropicBrew"},{"floor":6,"key":"BlessingOfTheForge"},{"floor":7,"key":"AttackPotion"},{"floor":10,"key":"Weak Potion"},{"floor":13,"key":"LiquidMemories"},{"floor":19,"key":"DuplicationPotion"},{"floor":31,"key":"Explosive Potion"},{"floor":39,"key":"Ancient Potion"},{"floor":63,"key":"Fruit Juice"},{"floor":65,"key":"Swift Potion"},{"floor":74,"key":"Strength Potion"}],"is_trial":false,"path_per_floor":["M","M","M","M","?","M","E","R","$","E","T","E","?","?","R","?","M","M","M","R","R","B",null,"M","M","?","M","M","?","M","M","E","M","$","R","?","T","R","M","$","M","M","E","M","R","B",null,"M","?","M","$","M","$","M","E","M","E","?","T","T","?","E","M","?","M","E","M","R","R","B",null,"R","$","E","B",null],"character_chosen":"WATCHER","items_purchased":["Meditate","ClockworkSouvenir","TeardropLocket"],"campfire_rested":0,"item_purchase_floors":[9,73,73],"current_hp_per_floor":[65,65,64,55,48,48,34,34,34,37,37,37,33,33,33,33,24,24,24,24,24,24,72,62,60,65,53,53,53,43,43,37,37,37,37,37,37,37,37,37,37,37,37,37,37,37,72,72,65,65,65,65,65,65,65,65,65,65,65,65,67,69,71,71,77,77,77,77,77,77,77,77,77,77,77],"gold":32,"neow_bonus":"REMOVE_TWO","is_daily":false,"chose_seed":false,"campfire_upgraded":9,"win_rate":0.0,"timestamp":1613477285,"path_taken":["M","M","M","M","?","M","E","R","$","E","T","E","?","?","R","?","M","?","M","R","R","BOSS","M","M","?","M","?","?","?","M","E","M","?","R","?","T","R","M","$","M","M","E","M","R","BOSS","M","?","M","$","M","$","M","E","M","E","?","T","T","?","E","M","?","M","E","M","R","R","BOSS","R","$","E","BOSS"],"items_purchased_type":["Card","Relic","Relic"],"build_version":"2020-12-22","purchased_purges":5,"victory":true,"max_hp_per_floor":[65,65,65,65,65,65,65,65,65,72,72,72,72,72,72,72,72,72,72,72,72,72,72,72,72,72,72,72,72,72,72,72,72,72,72,72,72,72,72,72,72,72,72,72,72,72,72,72,72,72,72,72,72,72,72,72,72,72,72,72,72,72,72,72,77,77,77,77,77,77,77,77,77,77,77],"card_choices":[{"not_picked":["FlyingSleeves","CutThroughFate"],"picked":"CrushJoints","floor":1},{"not_picked":["Halt","FollowUp"],"picked":"ForeignInfluence","floor":2},{"not_picked":["CutThroughFate","JustLucky"],"picked":"DevaForm","floor":3},{"not_picked":["CutThroughFate","Evaluate"],"picked":"Crescendo","floor":4},{"not_picked":["FlyingSleeves","CutThroughFate"],"picked":"Vault","floor":6},{"not_picked":["Evaluate","CrushJoints"],"picked":"FlurryOfBlows","floor":7},{"not_picked":["PathToVictory","Wish"],"picked":"Halt","floor":10},{"not_picked":["ClearTheMind","Crescendo"],"picked":"CarveReality","floor":12},{"not_picked":["ClearTheMind","BowlingBash"],"picked":"TalkToTheHand","floor":13},{"not_picked":["Pray","DeceiveReality"],"picked":"MentalFortress","floor":17},{"not_picked":["WreathOfFlame","EmptyFist","Protect"],"picked":"SKIP","floor":18},{"not_picked":["CrushJoints","WindmillStrike","PathToVictory"],"picked":"SKIP","floor":19},{"not_picked":["Judgement","Omniscience"],"picked":"Scrawl","floor":22},{"not_picked":["Nirvana","SashWhip+1"],"picked":"Sanctity","floor":24},{"not_picked":["ThirdEye","FlyingSleeves+1"],"picked":"Pray+1","floor":25},{"not_picked":["CutThroughFate","Halt+1"],"picked":"Evaluate","floor":27},{"not_picked":["CrushJoints+1","WindmillStrike","Conclude"],"picked":"SKIP","floor":28},{"not_picked":["WheelKick+1","Wallop","SignatureMove"],"picked":"SKIP","floor":30},{"not_picked":["Halt","FlyingSleeves","Meditate"],"picked":"SKIP","floor":31},{"not_picked":["Judgement","CutThroughFate+1","ForeignInfluence"],"picked":"SKIP","floor":32},{"not_picked":["PathToVictory","Consecrate+1","ClearTheMind"],"picked":"SKIP","floor":33},{"not_picked":["Crescendo","WindmillStrike+1"],"picked":"Pray+1","floor":39},{"not_picked":["CrushJoints+1","EmptyBody"],"picked":"Prostrate+1","floor":41},{"not_picked":["Evaluate","Pray","JustLucky+1"],"picked":"SKIP","floor":42},{"not_picked":["SandsOfTime+1","CrushJoints+1","FlurryOfBlows+1"],"picked":"SKIP","floor":43},{"not_picked":["Study","Collect+1","Conclude+1"],"picked":"SKIP","floor":44},{"not_picked":["Collect+1","Conclude+1"],"picked":"Study","floor":44},{"not_picked":["SpiritShield","Blasphemy"],"picked":"Brilliance+1","floor":46},{"not_picked":["BattleHymn+1","Adaptation","FlurryOfBlows+1"],"picked":"SKIP","floor":48},{"not_picked":["ThirdEye+1","Perseverance+1","Evaluate"],"picked":"SKIP","floor":50},{"not_picked":["Pray+1","MasterReality","Meditate"],"picked":"SKIP","floor":52},{"not_picked":["CrushJoints+1","ThirdEye","BowlingBash+1"],"picked":"SKIP","floor":54},{"not_picked":["ClearTheMind+1","MasterReality"],"picked":"EmptyMind+1","floor":55},{"not_picked":["Meditate+1","EmptyBody","JustLucky+1"],"picked":"SKIP","floor":56},{"not_picked":["SignatureMove+1","Collect+1","WindmillStrike+1"],"picked":"SKIP","floor":57},{"not_picked":["EmptyMind+1","FlurryOfBlows+1","FearNoEvil+1"],"picked":"SKIP","floor":62},{"not_picked":["BowlingBash+1","Crescendo","Collect"],"picked":"SKIP","floor":63},{"not_picked":["CutThroughFate+1","FollowUp+1","Worship"],"picked":"SKIP","floor":65},{"not_picked":["Evaluate+1","Perseverance","CrushJoints+1"],"picked":"SKIP","floor":66},{"not_picked":["FlyingSleeves+1","FollowUp+1","Pray"],"picked":"SKIP","floor":67},{"not_picked":["PathToVictory+1","Protect"],"picked":"Fasting2","floor":74}],"player_experience":2467593,"relics_obtained":[{"floor":7,"key":"Nunchaku"},{"floor":10,"key":"Strawberry"},{"floor":12,"key":"Dream Catcher"},{"floor":13,"key":"Odd Mushroom"},{"floor":32,"key":"Molten Egg 2"},{"floor":37,"key":"Yang"},{"floor":43,"key":"Juzu Bracelet"},{"floor":49,"key":"Thread and Needle"},{"floor":55,"key":"Du-Vu Doll"},{"floor":57,"key":"Oddly Smooth Stone"},{"floor":59,"key":"Turnip"},{"floor":60,"key":"Blood Vial"},{"floor":61,"key":"CaptainsWheel"},{"floor":62,"key":"Lantern"},{"floor":66,"key":"Gambling Chip"},{"floor":74,"key":"Sundial"}],"event_choices":[{"cards_removed":["Defend_P"],"damage_healed":0,"gold_gain":0,"player_choice":"Card Removal","damage_taken":7,"max_hp_gain":0,"max_hp_loss":0,"event_name":"Golden Wing","floor":5,"gold_loss":0},{"damage_healed":0,"gold_gain":0,"player_choice":"Fought Mushrooms","damage_taken":0,"max_hp_gain":0,"max_hp_loss":0,"event_name":"Mushrooms","floor":13,"gold_loss":0},{"damage_healed":0,"gold_gain":0,"cards_transformed":["Defend_P"],"player_choice":"Change","damage_taken":0,"max_hp_gain":0,"max_hp_loss":0,"event_name":"Living Wall","floor":14,"gold_loss":0,"cards_obtained":["MasterReality"]},{"cards_removed":["Strike_P"],"damage_healed":0,"gold_gain":0,"player_choice":"Card Removal","damage_taken":0,"max_hp_gain":0,"max_hp_loss":0,"event_name":"The Cleric","floor":16,"gold_loss":50},{"cards_removed":["BowlingBash"],"damage_healed":5,"gold_gain":0,"player_choice":"Offered Common","damage_taken":0,"max_hp_gain":0,"max_hp_loss":0,"event_name":"Bonfire Elementals","floor":26,"gold_loss":0},{"cards_removed":["BowlingBash"],"damage_healed":5,"gold_gain":0,"player_choice":"Offered Special","damage_taken":0,"max_hp_gain":0,"max_hp_loss":0,"event_name":"Bonfire Elementals","floor":26,"gold_loss":0},{"damage_healed":0,"gold_gain":0,"player_choice":"Got Potions","damage_taken":0,"max_hp_gain":0,"max_hp_loss":0,"event_name":"Lab","floor":29,"gold_loss":0},{"damage_healed":0,"gold_gain":0,"cards_transformed":["ForeignInfluence","CarveReality"],"player_choice":"Became Test Subject","damage_taken":0,"max_hp_gain":0,"max_hp_loss":0,"event_name":"Drug Dealer","floor":36,"gold_loss":0,"cards_obtained":["Vault","CutThroughFate"]},{"damage_healed":0,"gold_gain":0,"player_choice":"Fight","damage_taken":0,"max_hp_gain":0,"max_hp_loss":0,"event_name":"Mysterious Sphere","floor":49,"gold_loss":0},{"damage_healed":0,"gold_gain":0,"player_choice":"Ignored","damage_taken":0,"max_hp_gain":0,"max_hp_loss":0,"event_name":"SecretPortal","floor":58,"gold_loss":0},{"damage_healed":0,"gold_gain":0,"player_choice":"Fight","damage_taken":0,"max_hp_gain":0,"max_hp_loss":0,"event_name":"MindBloom","floor":61,"gold_loss":0},{"cards_removed":["Study"],"damage_healed":0,"gold_gain":0,"player_choice":"Removed Power","damage_taken":0,"max_hp_gain":0,"max_hp_loss":0,"event_name":"Falling","floor":64,"gold_loss":0}],"is_beta":false,"boss_relics":[{"not_picked":["Calling Bell","Snecko Eye"],"picked":"Astrolabe"},{"not_picked":["Velvet Choker","HolyWater"],"picked":"Empty Cage"}],"items_purged_floors":[9,34,40,51,53],"is_endless":false,"potions_floor_spawned":[3,6,7,10,13,19,27,30,31,39,41,43,44,46,48,49,57,62,63,65,74],"ascension_level":1}}