{"host":"cpsutu8lprjuipd6","time":1613447869,"event":{"mods":["BaseMod","Colored Map","Minty Spire (QoL Compilation)","Permanent Neow","StSLib","SuperFastMode","The Bug Knight","Together in Spire"],"gold_per_floor":[118,193,209,209,209,234,250,250,250,266,278,291,64,81,81,180,180,197,209,134,148,148,148,166,66,66,0,0,20,119,152,152,248,248,258,258,271,290,290,290],"floor_reached":39,"language":"KOR","playtime":1568,"items_purged":["Strike_R","Defend_R"],"score":452,"play_id":"3e31f22e-6f4c-4766-a6be-3a8c06c8da18","local_time":"20210216125749","is_ascension_mode":true,"campfire_choices":[{"floor":15,"key":"REST"},{"floor":23,"key":"REST"},{"floor":28,"key":"REST"},{"floor":32,"key":"REST"}],"circlet_count":0,"master_deck":["Strike_R+1","Bash+1","Dropkick","Dual Wield+1","Clash","Pummel"],"relics":["Burning Blood","Darkstone Periapt","Whetstone","Nunchaku","Anchor","Nloth\u0027s Gift","Omamori","HornCleat","SlaversCollar"],"acts_visited":["Exordium","TheCity","TheBeyond"],"potions_floor_usage":[6,16,16,16,31,35,39],"damage_taken":[{"damage":0,"enemies":"2 Louse","floor":1,"turns":2},{"damage":8,"enemies":"Small Slimes","floor":3,"turns":3},{"damage":43,"enemies":"3 Sentries","floor":6,"turns":12},{"damage":6,"enemies":"Jaw Worm","floor":7,"turns":2},{"damage":10,"enemies":"Red Slaver","floor":10,"turns":6},{"damage":14,"enemies":"Exordium Wildlife","floor":11,"turns":6},{"damage":0,"enemies":"Looter","floor":12,"turns":3},{"damage":0,"enemies":"Red Slaver","floor":14,"turns":3},{"damage":58,"enemies":"Slime Boss","floor":16,"turns":15},{"damage":39,"enemies":"Shell Parasite","floor":18,"turns":10},{"damage":26,"enemies":"2 Thieves","floor":19,"turns":5},{"damage":22,"enemies":"Snecko","floor":21,"turns":5},{"damage":18,"enemies":"Snake Plant","floor":24,"turns":3},{"damage":18,"enemies":"Centurion and Healer","floor":29,"turns":3},{"damage":29,"enemies":"Gremlin Leader","floor":31,"turns":4},{"damage":6,"enemies":"Champ","floor":33,"turns":2},{"damage":11,"enemies":"3 Darklings","floor":35,"turns":4},{"damage":16,"enemies":"3 Shapes","floor":37,"turns":3},{"damage":28,"enemies":"Sphere and 2 Shapes","floor":38,"turns":4}],"seed_played":"-3103354739213152237","potions_obtained":[{"floor":1,"key":"GamblersBrew"},{"floor":6,"key":"SpeedPotion"},{"floor":10,"key":"SkillPotion"},{"floor":12,"key":"Swift Potion"},{"floor":14,"key":"Block Potion"},{"floor":18,"key":"SteroidPotion"},{"floor":29,"key":"Weak Potion"},{"floor":37,"key":"DistilledChaos"}],"is_trial":false,"path_per_floor":["M","?","M","?","?","E","M","?","T","M","M","M","$","M","R","B",null,"M","M","?","M","?","R","M","$","T","?","R","M","?","E","R","B",null,"M","?","M","M","M"],"character_chosen":"IRONCLAD","items_purchased":["Anchor"],"campfire_rested":4,"item_purchase_floors":[13],"current_hp_per_floor":[62,51,49,49,46,9,9,35,35,31,23,29,29,35,59,7,80,47,27,27,11,11,35,23,23,23,23,47,35,35,12,36,36,80,75,75,65,43,0,0],"gold":290,"neow_bonus":"REMOVE_TWO","is_daily":false,"chose_seed":false,"campfire_upgraded":0,"win_rate":0.0,"timestamp":1613447869,"path_taken":["M","?","M","?","?","E","M","?","T","M","M","M","$","M","R","BOSS","M","M","?","M","?","R","?","$","T","?","R","M","?","E","R","BOSS","M","?","M","?","M"],"items_purchased_type":["Relic"],"build_version":"2020-12-22","purchased_purges":2,"victory":false,"max_hp_per_floor":[80,80,80,80,80,80,80,80,80,80,80,80,80,80,80,80,80,80,80,80,80,80,80,80,80,80,80,80,80,80,80,80,80,80,80,80,80,80,80,80],"card_choices":[{"not_picked":["Sever Soul","Seeing Red","Second Wind"],"picked":"SKIP","floor":1},{"not_picked":["Sword Boomerang","Burning Pact"],"picked":"Dropkick","floor":3},{"not_picked":["Perfected Strike","Heavy Blade","Thunderclap"],"picked":"SKIP","floor":6},{"not_picked":["Cleave","Flex","Combust"],"picked":"SKIP","floor":7},{"not_picked":["Inflame","Heavy Blade","Body Slam"],"picked":"SKIP","floor":10},{"not_picked":["Whirlwind","Combust","Body Slam"],"picked":"SKIP","floor":11},{"not_picked":["Rage","Combust","Clothesline"],"picked":"SKIP","floor":12},{"not_picked":["Juggernaut","Cleave","Iron Wave"],"picked":"SKIP","floor":14},{"not_picked":["Second Wind+1","Rupture+1","Body Slam+1"],"picked":"SKIP","floor":18},{"not_picked":["Clash","Warcry"],"picked":"Dual Wield+1","floor":19},{"not_picked":["Iron Wave+1","Thunderclap+1","Feel No Pain+1"],"picked":"SKIP","floor":21},{"not_picked":["Pummel","Pommel Strike","Anger"],"picked":"SKIP","floor":24},{"not_picked":["Intimidate","True Grit"],"picked":"Clash","floor":29},{"not_picked":["Rupture","Limit Break","Corruption"],"picked":"SKIP","floor":31},{"not_picked":["Dual Wield","Fire Breathing","True Grit"],"picked":"SKIP","floor":35},{"not_picked":["Pommel Strike","Pummel","Reckless Charge+1"],"picked":"SKIP","floor":37},{"not_picked":["Pummel","Intimidate","Warcry+1"],"picked":"SKIP","floor":38}],"player_experience":93411,"relics_obtained":[{"floor":6,"key":"Whetstone"},{"floor":9,"key":"Nunchaku"},{"floor":26,"key":"Omamori"},{"floor":31,"key":"HornCleat"}],"event_choices":[{"damage_healed":0,"gold_gain":75,"player_choice":"Gather Gold","damage_taken":11,"max_hp_gain":0,"max_hp_loss":0,"event_name":"World of Goop","floor":2,"gold_loss":0},{"damage_healed":0,"gold_gain":0,"player_choice":"Ignored","damage_taken":0,"max_hp_gain":0,"max_hp_loss":0,"event_name":"Shining Light","floor":4,"gold_loss":0},{"damage_healed":0,"gold_gain":0,"player_choice":"Success","damage_taken":3,"relics_obtained":["Darkstone Periapt"],"max_hp_gain":0,"max_hp_loss":0,"event_name":"Scrap Ooze","floor":5,"gold_loss":0},{"damage_healed":26,"gold_gain":0,"player_choice":"Banana","damage_taken":0,"max_hp_gain":0,"max_hp_loss":0,"event_name":"Big Fish","floor":8,"gold_loss":0},{"cards_removed":["Strike_R"],"damage_healed":0,"gold_gain":0,"player_choice":"Gave Gold","damage_taken":0,"max_hp_gain":0,"max_hp_loss":0,"event_name":"Beggar","floor":20,"gold_loss":75},{"damage_healed":0,"gold_gain":0,"player_choice":"Traded Relic","damage_taken":0,"relics_obtained":["Nloth\u0027s Gift"],"max_hp_gain":0,"max_hp_loss":0,"event_name":"N\u0027loth","floor":22,"relics_lost":["Empty Cage"],"gold_loss":0},{"damage_healed":0,"gold_gain":0,"player_choice":"Paid Fearfully","damage_taken":0,"max_hp_gain":0,"max_hp_loss":0,"event_name":"Masked Bandits","floor":27,"gold_loss":66},{"damage_healed":0,"gold_gain":99,"player_choice":"Stole From Cult","damage_taken":0,"max_hp_gain":0,"max_hp_loss":0,"event_name":"Nest","floor":30,"gold_loss":0},{"damage_healed":0,"gold_gain":0,"cards_transformed":["Defend_R"],"player_choice":"Transformed","damage_taken":0,"max_hp_gain":0,"max_hp_loss":0,"event_name":"Transmorgrifier","floor":36,"gold_loss":0,"cards_obtained":["Pummel"]}],"is_beta":false,"boss_relics":[{"not_picked":["Sozu","Calling Bell"],"picked":"Empty Cage"},{"not_picked":["Cursed Key","Runic Pyramid"],"picked":"SlaversCollar"}],"items_purged_floors":[13,25],"is_endless":false,"potions_floor_spawned":[1,6,10,12,14,18,29,37],"killed_by":"4 Shapes","ascension_level":1}}