{"host":"pjz3m1kifmtv24r2","time":1613436990,"event":{"mods":["2.2 Compatiblity","Aspiration","BaseMod","Bestiary","Better Altar","Better Match","Better Note","Better Sensory Stone","Better Skull","CCEM2","Colored Powertips","Conspire","Dark Map","Displayed Cursed Tome","Fox Events","GifTheSpireLib","Halation","Highlight Path","Hubris","Jedi Mod","Mimic Mod","Minty Spire (QoL Compilation)","Quick Restart","RatMod","Relic Sorter","Reliquary","Replay The Spire","Small Relic Pack","Spicy Shops","Spikes Relics","Spire Arcade","StS++","StSLib","Stuff the Spire","The Blue Laboratory","The Runesmith","Trackpad","Wandering Minibosses"],"gold_per_floor":[113,74,74,23,23,23,23,23,23,23,23,23,23,23,23,23,23,23,23,23,23,23,23,23,23,23,23,23,23],"floor_reached":28,"language":"ENG","playtime":1649,"items_purged":["Strike_B","Strike_B"],"score":269,"play_id":"31ed367e-a279-4193-9946-a652fdc0face","local_time":"20210215195630","is_ascension_mode":false,"campfire_choices":[{"data":"StSpp:Pointer","floor":12,"key":"SMITH"},{"floor":15,"key":"REST"},{"floor":24,"key":"REST"}],"circlet_count":0,"master_deck":["Strike_B","Strike_B","Defend_B","Defend_B","Defend_B","Defend_B","Zap","Dualcast+1","Writhe","Cold Snap+1","Injury","StuffTheSpire:SnapShoot","Redo+1","StuffTheSpire:Synthwave+1","Reinforced Body","StSpp:Pointer+1","conspire:SharedLibrary+1","hubris:Ukulele","Gash","Electrodynamics+1","StuffTheSpire:Snapshot","Cold Snap+1","Fusion+1","Go for the Eyes","Gash+1","Go for the Eyes","jedi:hex","Turbo","BootSequence"],"relics":["Cracked Core","NeowsBlessing","jedi:ominousloannote","trackpad:PocketGalaxy","reliquary:Buckler","Frozen Egg 2","jedi:archwizardhat","StSpp:BrokenTotem","Prayer Wheel","CCEMRelics:ExpiredCReal","reliquary:NewFriend","NlothsMask"],"acts_visited":["Exordium","TheCity"],"potions_floor_usage":[16,19],"damage_taken":[{"damage":0,"enemies":"Cultist","floor":1,"turns":1},{"damage":0,"enemies":"Jaw Worm","floor":5,"turns":1},{"damage":0,"enemies":"Lagavulin","floor":6,"turns":1},{"damage":0,"enemies":"conspire:RoseBush","floor":8,"turns":3},{"damage":7,"enemies":"Blue Slaver","floor":10,"turns":4},{"damage":2,"enemies":"conspire:2 RoseBushes","floor":11,"turns":4},{"damage":11,"enemies":"Large Slime","floor":13,"turns":7},{"damage":10,"enemies":"Blue Slaver","floor":14,"turns":2},{"damage":6,"enemies":"Slime Boss","floor":16,"turns":10},{"damage":12,"enemies":"Spheric Guardian","floor":18,"turns":4},{"damage":9,"enemies":"conspire:FuzzyDice","floor":19,"turns":6},{"damage":15,"enemies":"Snake Plant","floor":21,"turns":4},{"damage":11,"enemies":"conspire:HollyBat","floor":22,"turns":9},{"damage":31,"enemies":"conspire:SneckoGhost","floor":23,"turns":6},{"damage":25,"enemies":"Snecko","floor":27,"turns":4},{"damage":16,"enemies":"Snake Plant","floor":28,"turns":2}],"seed_played":"-9214745504182188819","potions_obtained":[{"floor":1,"key":"blueLaboratory:LouseDecoction"},{"floor":10,"key":"blueLaboratory:AbyssPotion"},{"floor":13,"key":"blueLaboratory:BottleOfVodka"},{"floor":16,"key":"Block Potion"},{"floor":21,"key":"blueLaboratory:BottleOfRum"}],"is_trial":false,"path_per_floor":["M","$","?","$","M","E","$","M","T","M","M","R","M","M","R","B",null,"M","M","?","M","M","E","R","?","T","M","M"],"character_chosen":"DEFECT","items_purchased":["jedi:ominousloannote","trackpad:PocketGalaxy","reliquary:Buckler","Cold Snap+1","StuffTheSpire:SnapShoot"],"campfire_rested":2,"item_purchase_floors":[2,2,2,2,4],"current_hp_per_floor":[75,75,75,75,75,75,75,75,75,68,66,66,55,45,67,61,75,63,54,75,60,49,18,40,40,40,15,0,0],"gold":23,"neow_bonus":"THREE_ENEMY_KILL","is_daily":false,"chose_seed":false,"campfire_upgraded":1,"win_rate":0.0,"timestamp":1613436990,"path_taken":["M","?","?","$","M","E","?","M","T","?","M","R","M","M","R","BOSS","M","M","?","M","?","E","R","?","T","M","M"],"items_purchased_type":["Relic","Relic","Relic","Card","Card"],"build_version":"2020-12-22","purchased_purges":2,"victory":false,"max_hp_per_floor":[75,75,75,75,75,75,75,75,75,75,75,75,75,75,75,75,75,75,75,75,75,75,75,75,75,75,75,75,75],"card_choices":[{"not_picked":["Leap","StSpp:Fierceness"],"picked":"Chill","floor":1},{"not_picked":["Steam","Rebound"],"picked":"Redo","floor":5},{"not_picked":["FTL","ReplayGash","Gash"],"picked":"SKIP","floor":6},{"not_picked":["jedi:spotbugs","Stack"],"picked":"StuffTheSpire:Synthwave+1","floor":8},{"not_picked":["jedi:overflow","Panic Button"],"picked":"Reinforced Body","floor":10},{"not_picked":["Panic Button","StuffTheSpire:Plugnplay"],"picked":"StSpp:Pointer","floor":11},{"not_picked":["Force Field","Scrape","jedi:markofdeath"],"picked":"SKIP","floor":11},{"not_picked":["BasicCrystalCard","Streamline"],"picked":"conspire:SharedLibrary+1","floor":13},{"not_picked":["Hologram","Leap","Sunder"],"picked":"SKIP","floor":13},{"not_picked":["Conserve Battery","jedi:meditation+1"],"picked":"hubris:Ukulele","floor":14},{"not_picked":["StuffTheSpire:Plugnplay","Ball Lightning"],"picked":"Gash","floor":14},{"not_picked":["Rainbow","Biased Cognition+1"],"picked":"Electrodynamics+1","floor":16},{"not_picked":["Ball Lightning","Compile Driver"],"picked":"Cold Snap+1","floor":18},{"not_picked":["Turbo","Compile Driver","Sweeping Beam"],"picked":"SKIP","floor":18},{"not_picked":["Hello World+1","Turbo"],"picked":"Fusion+1","floor":19},{"not_picked":["Steam Power+1","BasicCrystalCard"],"picked":"Go for the Eyes","floor":19},{"not_picked":["jedi:blockon","ReplayTheSpireMod:Repulse"],"picked":"Gash+1","floor":21},{"not_picked":["FIFO Queue+1","Force Field","jedi:BurstLightning+1"],"picked":"SKIP","floor":21},{"not_picked":["Rip and Tear","Beam Cell+1"],"picked":"Go for the Eyes","floor":22},{"not_picked":["Loop+1","StSpp:Saturation"],"picked":"jedi:hex","floor":22},{"not_picked":["Rebound","Gash"],"picked":"Turbo","floor":23},{"not_picked":["Barrage","Rebound"],"picked":"BootSequence","floor":27},{"not_picked":["ReplayGash","Rebound","Leap"],"picked":"SKIP","floor":27}],"player_experience":106505,"relics_obtained":[{"floor":6,"key":"jedi:archwizardhat"},{"floor":9,"key":"StSpp:BrokenTotem"},{"floor":23,"key":"reliquary:NewFriend"}],"event_choices":[{"cards_removed":["Chill"],"damage_healed":21,"gold_gain":0,"player_choice":"Offered Uncommon","damage_taken":0,"max_hp_gain":0,"max_hp_loss":0,"event_name":"Bonfire Elementals","floor":20,"gold_loss":0},{"damage_healed":0,"gold_gain":0,"player_choice":"Trade","damage_taken":0,"relics_obtained":["NlothsMask"],"max_hp_gain":0,"max_hp_loss":0,"event_name":"FaceTrader","floor":25,"gold_loss":0}],"is_beta":false,"boss_relics":[{"not_picked":["hubris:Stopwatch","hubris:TerracottaHorce"],"picked":"CCEMRelics:ExpiredCReal"}],"items_purged_floors":[2,2],"is_endless":false,"potions_floor_spawned":[1,10,13,16,21,27],"killed_by":"Snake Plant","ascension_level":0}}