{"host":"w4b7hmige5bnqipq","time":1613499494,"event":{"mods":["2.2 Compatiblity","BaseMod","Colored Map","DeckTracker","Keyboard Shortcuts","Minty Spire (QoL Compilation)","Permanent Neow","Rare Cards Sparkle","SuperFastMode","everything is the same but u backflip on backflip","slay the spire mod where everything is the same but ironclad has a cowboy hat"],"gold_per_floor":[15,15,33,50,50,75,75,106,106,106,123,137,152,174,174,251,251,263,31,51,51,71,71,71,96,121,137,37,37,65,65,65,139,139,157,157,170,216,243,277,277,319,319,319,319],"floor_reached":44,"language":"KOR","playtime":1555,"items_purged":["Strike_B","Strike_B"],"score":980,"play_id":"f9e50d76-241c-4712-a483-a89cc30b78ce","local_time":"20210217031814","is_ascension_mode":true,"campfire_choices":[{"data":"Tempest","floor":7.0,"key":"SMITH"},{"floor":10.0,"key":"REST"},{"data":"Coolheaded","floor":15.0,"key":"SMITH"},{"data":"Creative AI","floor":23.0,"key":"SMITH"},{"floor":29.0,"key":"REST"},{"floor":32.0,"key":"REST"},{"floor":41.0,"key":"REST"}],"circlet_count":0,"master_deck":["AscendersBane","Defend_B","Defend_B","Defend_B","Zap","Dualcast","Beam Cell+1","Go for the Eyes","Tempest+1","BootSequence","Biased Cognition","Conserve Battery","Reinforced Body","Coolheaded+1","Echo Form","Ball Lightning","Creative AI+1","Core Surge","Coolheaded","Static Discharge","Thunder Strike","Amplify","CurseOfTheBell","Coolheaded+1","Buffer","Double Energy+1"],"relics":["Cracked Core","Gambling Chip","FaceOfCleric","Whetstone","Letter Opener","Regal Pillow","Odd Mushroom","Sozu","Art of War","Tiny Chest","Mummified Hand","Calling Bell","Mango","CeramicFish","Toxic Egg 2","Oddly Smooth Stone","Omamori"],"acts_visited":["Exordium","TheCity","TheBeyond"],"potions_floor_usage":[],"damage_taken":[{"damage":2.0,"enemies":"Jaw Worm","floor":1.0,"turns":4.0},{"damage":0.0,"enemies":"2 Louse","floor":3.0,"turns":3.0},{"damage":1.0,"enemies":"Cultist","floor":4.0,"turns":3.0},{"damage":35.0,"enemies":"Gremlin Nob","floor":6.0,"turns":4.0},{"damage":10.0,"enemies":"Lagavulin","floor":8.0,"turns":5.0},{"damage":2.0,"enemies":"3 Louse","floor":11.0,"turns":2.0},{"damage":0.0,"enemies":"Exordium Wildlife","floor":12.0,"turns":2.0},{"damage":0.0,"enemies":"Blue Slaver","floor":13.0,"turns":2.0},{"damage":0.0,"enemies":"The Mushroom Lair","floor":14.0,"turns":3.0},{"damage":18.0,"enemies":"The Guardian","floor":16.0,"turns":12.0},{"damage":0.0,"enemies":"Spheric Guardian","floor":18.0,"turns":3.0},{"damage":0.0,"enemies":"Chosen","floor":20.0,"turns":3.0},{"damage":12.0,"enemies":"Sentry and Sphere","floor":22.0,"turns":6.0},{"damage":38.0,"enemies":"Slavers","floor":25.0,"turns":8.0},{"damage":13.0,"enemies":"Centurion and Healer","floor":27.0,"turns":7.0},{"damage":23.0,"enemies":"Book of Stabbing","floor":30.0,"turns":5.0},{"damage":16.0,"enemies":"Collector","floor":33.0,"turns":10.0},{"damage":5.0,"enemies":"3 Shapes","floor":35.0,"turns":3.0},{"damage":35.0,"enemies":"3 Darklings","floor":37.0,"turns":6.0},{"damage":2.0,"enemies":"Sphere and 2 Shapes","floor":39.0,"turns":4.0},{"damage":48.0,"enemies":"Reptomancer","floor":40.0,"turns":6.0},{"damage":36.0,"enemies":"Nemesis","floor":42.0,"turns":9.0},{"damage":24,"enemies":"Spire Growth","floor":44,"turns":4}],"seed_played":"-3605636772752960014","potions_obtained":[{"floor":4.0,"key":"SpeedPotion"},{"floor":6.0,"key":"BlessingOfTheForge"},{"floor":12.0,"key":"Weak Potion"},{"floor":14.0,"key":"Energy Potion"},{"floor":16.0,"key":"CultistPotion"}],"is_trial":false,"path_per_floor":["M","?","M","M","?","E","R","E","T","R","M","M","M","?","R","B",null,"M","$","M","?","M","R","?","E","T","M","$","R","E","?","R","B",null,"M","?","M","T","M","E","R","E","T","M"],"character_chosen":"DEFECT","items_purchased":["Creative AI"],"campfire_rested":4,"item_purchase_floors":[19],"current_hp_per_floor":[62,62,62,61,61,27,27,18,18,54,53,54,55,56,56,39,68,69,69,70,70,59,59,59,22,22,10,10,49,27,27,67,52,91,87,87,53,53,52,5,50,15,15,0,0],"gold":319,"neow_bonus":"ONE_RARE_RELIC","is_daily":false,"chose_seed":false,"campfire_upgraded":3,"win_rate":0.0,"timestamp":1613499494,"path_taken":["M","?","M","M","?","E","R","E","T","R","?","M","M","?","R","BOSS","M","$","M","?","M","R","?","E","T","M","?","R","E","?","R","BOSS","M","?","M","?","?","E","R","E","T","M"],"items_purchased_type":["Card"],"build_version":"2020-12-22","purchased_purges":2,"victory":false,"max_hp_per_floor":[71,71,71,71,71,72,72,73,73,73,74,75,76,77,77,78,78,79,79,80,80,81,81,81,82,82,83,83,83,84,84,84,85,99,100,100,101,101,102,103,103,104,104,104,104],"card_choices":[{"not_picked":["Aggregate","Barrage"],"picked":"Beam Cell","floor":1.0},{"not_picked":["Hologram","Rebound"],"picked":"Go for the Eyes","floor":3.0},{"not_picked":["Barrage","Beam Cell"],"picked":"Tempest","floor":4.0},{"not_picked":["Leap","Rebound"],"picked":"BootSequence","floor":6.0},{"not_picked":["Multi-Cast","Static Discharge"],"picked":"Biased Cognition","floor":8.0},{"not_picked":["Tempest","Heatsinks"],"picked":"Conserve Battery","floor":11.0},{"not_picked":["Leap","Blizzard","Go for the Eyes"],"picked":"SKIP","floor":12.0},{"not_picked":["Hologram","Scrape"],"picked":"Reinforced Body","floor":13.0},{"not_picked":["Gash","Stack"],"picked":"Coolheaded","floor":14.0},{"not_picked":["Rainbow","Fission"],"picked":"Echo Form","floor":16.0},{"not_picked":["Stack","Redo"],"picked":"Ball Lightning","floor":18.0},{"not_picked":["Leap","Turbo","Conserve Battery"],"picked":"SKIP","floor":20.0},{"not_picked":["Ball Lightning","Barrage","Reprogram"],"picked":"SKIP","floor":22.0},{"not_picked":["Sweeping Beam","Chill+1"],"picked":"Core Surge","floor":25.0},{"not_picked":["Cold Snap","Beam Cell"],"picked":"Coolheaded","floor":27.0},{"not_picked":["Rebound","All For One"],"picked":"Undo","floor":30.0},{"not_picked":["Creative AI","Biased Cognition"],"picked":"Amplify","floor":33.0},{"not_picked":["Cold Snap","Reprogram+1","Ball Lightning"],"picked":"SKIP","floor":35.0},{"not_picked":["Doom and Gloom","Undo+1","Leap+1"],"picked":"SKIP","floor":37.0},{"not_picked":["Cold Snap","Conserve Battery+1"],"picked":"Coolheaded+1","floor":39.0},{"not_picked":["FTL+1","Creative AI"],"picked":"Buffer","floor":40.0},{"not_picked":["Loop","Gash"],"picked":"Double Energy+1","floor":42.0}],"player_experience":772017,"relics_obtained":[{"floor":6.0,"key":"Whetstone"},{"floor":8.0,"key":"Letter Opener"},{"floor":9.0,"key":"Regal Pillow"},{"floor":14.0,"key":"Odd Mushroom"},{"floor":25.0,"key":"Art of War"},{"floor":26.0,"key":"Tiny Chest"},{"floor":30.0,"key":"Mummified Hand"},{"floor":34.0,"key":"Mango"},{"floor":34.0,"key":"CeramicFish"},{"floor":34.0,"key":"Toxic Egg 2"},{"floor":42.0,"key":"Oddly Smooth Stone"},{"floor":43.0,"key":"Omamori"}],"event_choices":[{"cards_removed":["Strike_B"],"damage_healed":0.0,"max_hp_gain":0.0,"max_hp_loss":0.0,"gold_gain":0.0,"event_name":"Living Wall","player_choice":"Forget","floor":2.0,"gold_loss":0.0,"damage_taken":0.0},{"damage_healed":0.0,"max_hp_gain":0.0,"max_hp_loss":0.0,"gold_gain":0.0,"event_name":"FaceTrader","player_choice":"Trade","floor":5.0,"gold_loss":0.0,"damage_taken":0.0,"relics_obtained":["FaceOfCleric"]},{"damage_healed":0.0,"max_hp_gain":0.0,"max_hp_loss":0.0,"gold_gain":0.0,"event_name":"Mushrooms","player_choice":"Fought Mushrooms","floor":14.0,"gold_loss":0.0,"damage_taken":0.0},{"damage_healed":0.0,"max_hp_gain":0.0,"max_hp_loss":0.0,"gold_gain":0.0,"event_name":"Ghosts","player_choice":"Ignored","floor":21.0,"gold_loss":0.0,"damage_taken":0.0},{"damage_healed":0.0,"max_hp_gain":0.0,"max_hp_loss":0.0,"gold_gain":0.0,"event_name":"Cursed Tome","player_choice":"Ignored","floor":24.0,"gold_loss":0.0,"damage_taken":0.0},{"damage_healed":0.0,"max_hp_gain":0.0,"max_hp_loss":0.0,"gold_gain":0.0,"cards_transformed":["Strike_B","Defend_B"],"event_name":"Drug Dealer","player_choice":"Became Test Subject","floor":31.0,"gold_loss":0.0,"damage_taken":0.0,"cards_obtained":["Static Discharge","Thunder Strike"]},{"cards_removed":["Undo"],"damage_healed":0.0,"max_hp_gain":0.0,"max_hp_loss":0.0,"gold_gain":0.0,"event_name":"Falling","player_choice":"Removed Skill","floor":36.0,"gold_loss":0.0,"damage_taken":0.0}],"is_beta":false,"boss_relics":[{"not_picked":["Pandora\u0027s Box","Runic Dome"],"picked":"Sozu"},{"not_picked":["Fusion Hammer","Philosopher\u0027s Stone"],"picked":"Calling Bell"}],"items_purged_floors":[19,28],"is_endless":false,"potions_floor_spawned":[4,6,12,14,16,18,20,33,35,40],"killed_by":"Spire Growth","ascension_level":17}}