{"host":"qgrlfjrqk9z96gfi","time":1613444062,"event":{"mods":["BaseMod","Block Reminder","Colored Map","Custom Start","DeckTracker","Minty Spire (QoL Compilation)"],"gold_per_floor":[12,12,12,24,40,72,72,91,91,102,27,52,52,69,69,145,145,162,178,71,83,102,135,135,135,135],"floor_reached":25,"language":"ENG","playtime":903,"items_purged":["Strike_G"],"score":520,"play_id":"14caa1e1-2e59-4894-8660-d70cb90b2f55","local_time":"20210215165422","is_ascension_mode":true,"campfire_choices":[{"data":"Eviscerate","floor":7.0,"key":"SMITH"},{"data":"Cloak And Dagger","floor":13.0,"key":"SMITH"},{"data":"Accuracy","floor":15.0,"key":"SMITH"},{"floor":24.0,"key":"REST"}],"circlet_count":0,"master_deck":["AscendersBane","Strike_G","Strike_G","Strike_G","Strike_G","Defend_G","Defend_G","Defend_G","Defend_G","Defend_G","Survivor","Neutralize","Blade Dance+1","Terror","Eviscerate+1","Prepared","Die Die Die","Heel Hook","Cloak And Dagger+1","Accuracy+1","Adrenaline","Dagger Throw","Infinite Blades","Noxious Fumes","Cloak And Dagger","Outmaneuver"],"relics":["Ring of the Snake","FossilizedHelix","Ornamental Fan","Bottled Flame","Ninja Scroll","SacredBark","Bottled Lightning"],"acts_visited":["Exordium","TheCity"],"potions_floor_usage":[],"damage_taken":[{"damage":0.0,"enemies":"2 Louse","floor":1.0,"turns":4.0},{"damage":0.0,"enemies":"Cultist","floor":4.0,"turns":3.0},{"damage":0.0,"enemies":"Jaw Worm","floor":5.0,"turns":2.0},{"damage":5.0,"enemies":"Lagavulin","floor":6.0,"turns":6.0},{"damage":0.0,"enemies":"Lots of Slimes","floor":8.0,"turns":5.0},{"damage":0.0,"enemies":"Blue Slaver","floor":10.0,"turns":3.0},{"damage":0.0,"enemies":"Gremlin Nob","floor":12.0,"turns":3.0},{"damage":0.0,"enemies":"Looter","floor":14.0,"turns":2.0},{"damage":43.0,"enemies":"The Guardian","floor":16.0,"turns":12.0},{"damage":0.0,"enemies":"Spheric Guardian","floor":18.0,"turns":3.0},{"damage":0.0,"enemies":"2 Thieves","floor":19.0,"turns":4.0},{"damage":0.0,"enemies":"Chosen and Byrds","floor":21.0,"turns":3.0},{"damage":30.0,"enemies":"Snake Plant","floor":22.0,"turns":5.0},{"damage":9.0,"enemies":"Book of Stabbing","floor":23.0,"turns":4.0},{"damage":32,"enemies":"Gremlin Leader","floor":25,"turns":4}],"seed_played":"4536759056577983607","potions_obtained":[{"floor":4.0,"key":"LiquidMemories"},{"floor":5.0,"key":"Ancient Potion"},{"floor":12.0,"key":"Swift Potion"},{"floor":16.0,"key":"LiquidMemories"},{"floor":21.0,"key":"Explosive Potion"}],"is_trial":false,"path_per_floor":["M","?","$","M","M","E","R","M","T","M","$","E","R","M","R","B",null,"M","M","$","M","M","E","R","E"],"character_chosen":"THE_SILENT","items_purchased":["Noxious Fumes","Cloak And Dagger"],"campfire_rested":1,"item_purchase_floors":[20,20],"current_hp_per_floor":[59,59,59,59,59,54,54,54,54,54,54,54,54,54,54,11,52,52,52,52,52,22,13,32,0,0],"gold":135,"neow_bonus":"ONE_RARE_RELIC","is_daily":false,"chose_seed":false,"campfire_upgraded":3,"win_rate":0.0,"timestamp":1613444062,"path_taken":["M","?","?","M","M","E","R","?","T","M","$","E","R","M","R","BOSS","M","M","$","M","M","E","R","E"],"items_purchased_type":["Card","Card"],"build_version":"2020-12-22","purchased_purges":1,"victory":false,"max_hp_per_floor":[66,66,66,66,66,66,66,66,66,66,66,66,66,66,66,66,66,66,66,66,66,66,66,66,66,66],"card_choices":[{"not_picked":["Backflip","Acrobatics"],"picked":"Blade Dance","floor":1.0},{"not_picked":["Backflip","PiercingWail"],"picked":"Terror","floor":4.0},{"not_picked":["Prepared","Footwork"],"picked":"Eviscerate","floor":5.0},{"not_picked":["Quick Slash","Escape Plan"],"picked":"Prepared","floor":6.0},{"not_picked":["Backflip","Prepared"],"picked":"Die Die Die","floor":8.0},{"not_picked":["Dodge and Roll","Dash"],"picked":"Heel Hook","floor":10.0},{"not_picked":["Caltrops","Bane"],"picked":"Cloak And Dagger","floor":12.0},{"not_picked":["Outmaneuver","Deadly Poison"],"picked":"Accuracy","floor":14.0},{"not_picked":["Malaise","Corpse Explosion"],"picked":"Adrenaline","floor":16.0},{"not_picked":["Outmaneuver","Setup"],"picked":"Dagger Throw","floor":18.0},{"not_picked":["Outmaneuver","Bane"],"picked":"Infinite Blades","floor":19.0},{"not_picked":["Sucker Punch","Quick Slash"],"picked":"Outmaneuver","floor":21.0},{"not_picked":["Flying Knee+1","Outmaneuver","Crippling Poison"],"picked":"SKIP","floor":22.0},{"not_picked":["Night Terror","Underhanded Strike","Predator"],"picked":"SKIP","floor":23.0}],"player_experience":1153348,"relics_obtained":[{"floor":6.0,"key":"Ornamental Fan"},{"floor":9.0,"key":"Bottled Flame"},{"floor":12.0,"key":"Ninja Scroll"},{"floor":23.0,"key":"Bottled Lightning"}],"event_choices":[{"damage_healed":0.0,"max_hp_gain":0.0,"max_hp_loss":0.0,"gold_gain":0.0,"event_name":"Accursed Blacksmith","player_choice":"Forge","floor":2.0,"gold_loss":0.0,"damage_taken":0.0,"cards_upgraded":["Blade Dance"]}],"is_beta":false,"boss_relics":[{"not_picked":["Ring of the Serpent","Coffee Dripper"],"picked":"SacredBark"}],"items_purged_floors":[11],"is_endless":false,"potions_floor_spawned":[4,5,12,16,21,22],"killed_by":"Gremlin Leader","ascension_level":20}}