{"host":"97k3n5kp0psabqmo","time":1613446796,"event":{"mods":["BaseMod","Colored Powertips","Minty Spire (QoL Compilation)","StSLib"],"gold_per_floor":[110,110,110,120,134,149,149,161,161,188,188,205,3,3,3,102,102,113,13,13,27,27,27,27],"floor_reached":23,"language":"ENG","playtime":615,"items_purged":["Strike_R","Parasite"],"score":220,"play_id":"5a622ad6-1523-448a-81f2-f27f01373abf","local_time":"20210215223956","is_ascension_mode":true,"campfire_choices":[{"data":"Whirlwind","floor":7,"key":"SMITH"},{"data":"Hemokinesis","floor":11,"key":"SMITH"},{"data":"Strike_R","floor":15,"key":"SMITH"}],"circlet_count":0,"master_deck":["Strike_R","Strike_R","Strike_R","Strike_R+1","Defend_R","Defend_R","Defend_R","Defend_R","Bash","Clash","Hemokinesis+1","Pommel Strike","Whirlwind+1","Impervious","Warcry","Inflame","Flex","Barricade","Spot Weakness","Flex"],"relics":["Burning Blood","Torii","Shuriken","Magic Flower","Ice Cream","Mark of Pain"],"acts_visited":["Exordium","TheCity"],"potions_floor_usage":[10,16,23],"damage_taken":[{"damage":14,"enemies":"Jaw Worm","floor":1,"turns":5},{"damage":7,"enemies":"2 Louse","floor":4,"turns":4},{"damage":16,"enemies":"Small Slimes","floor":5,"turns":3},{"damage":15,"enemies":"Blue Slaver","floor":6,"turns":3},{"damage":0,"enemies":"Lots of Slimes","floor":8,"turns":1},{"damage":37,"enemies":"Lagavulin","floor":10,"turns":4},{"damage":2,"enemies":"2 Fungi Beasts","floor":12,"turns":2},{"damage":26,"enemies":"Hexaghost","floor":16,"turns":10},{"damage":30,"enemies":"Spheric Guardian","floor":18,"turns":4},{"damage":7,"enemies":"3 Byrds","floor":21,"turns":3},{"damage":52,"enemies":"Slavers","floor":23,"turns":4}],"seed_played":"4313737140615574287","potions_obtained":[{"floor":4,"key":"SteroidPotion"},{"floor":12,"key":"DuplicationPotion"},{"floor":16,"key":"LiquidMemories"},{"floor":18,"key":"ColorlessPotion"}],"is_trial":false,"path_per_floor":["M","?","?","M","M","M","R","M","T","E","R","M","$","$","R","B",null,"M","$","?","M","?","E"],"character_chosen":"IRONCLAD","items_purchased":["Inflame","Flex"],"campfire_rested":0,"item_purchase_floors":[13,13],"current_hp_per_floor":[72,72,72,71,61,52,52,58,58,30,30,37,37,37,37,20,80,59,59,45,47,47,0,0],"gold":27,"neow_bonus":"ONE_RARE_RELIC","is_daily":false,"chose_seed":false,"campfire_upgraded":3,"win_rate":0.0,"timestamp":1613446796,"path_taken":["M","?","?","M","M","M","R","M","T","E","R","M","?","$","R","BOSS","M","$","?","M","?","E"],"items_purchased_type":["Card","Card"],"build_version":"2020-12-22","purchased_purges":2,"victory":false,"max_hp_per_floor":[80,80,80,80,80,80,80,80,80,80,80,80,80,80,80,80,80,80,77,82,82,82,82,82],"card_choices":[{"not_picked":["Havoc","Anger"],"picked":"Clash","floor":1},{"not_picked":["Spot Weakness","Twin Strike"],"picked":"Hemokinesis","floor":4},{"not_picked":["Heavy Blade","Sword Boomerang"],"picked":"Pommel Strike","floor":5},{"not_picked":["True Grit","Shrug It Off"],"picked":"Whirlwind","floor":6},{"not_picked":["Thunderclap","Carnage","Rage"],"picked":"SKIP","floor":8},{"not_picked":["Perfected Strike","Iron Wave"],"picked":"Impervious","floor":10},{"not_picked":["Sword Boomerang","Clothesline"],"picked":"Warcry","floor":12},{"not_picked":["Berserk","Demon Form"],"picked":"Barricade","floor":16},{"not_picked":["Iron Wave","Dropkick+1"],"picked":"Spot Weakness","floor":18},{"not_picked":["Twin Strike","Armaments"],"picked":"Flex","floor":21}],"player_experience":73006,"relics_obtained":[{"floor":9,"key":"Magic Flower"},{"floor":10,"key":"Ice Cream"}],"event_choices":[{"damage_healed":0,"gold_gain":0,"player_choice":"Box","damage_taken":0,"relics_obtained":["Shuriken"],"max_hp_gain":0,"max_hp_loss":0,"event_name":"Big Fish","floor":2,"gold_loss":0,"cards_obtained":["Regret"]},{"cards_removed":["Regret"],"damage_healed":0,"gold_gain":0,"player_choice":"Forget","damage_taken":0,"max_hp_gain":0,"max_hp_loss":0,"event_name":"Living Wall","floor":3,"gold_loss":0},{"damage_healed":0,"gold_gain":0,"player_choice":"Shed Blood","damage_taken":19,"max_hp_gain":5,"max_hp_loss":0,"event_name":"Forgotten Altar","floor":20,"gold_loss":0},{"damage_healed":0,"gold_gain":0,"player_choice":"Ignored","damage_taken":0,"max_hp_gain":0,"max_hp_loss":0,"event_name":"Ghosts","floor":22,"gold_loss":0}],"is_beta":false,"boss_relics":[{"not_picked":["Runic Pyramid","Runic Dome"],"picked":"Mark of Pain"}],"items_purged_floors":[13,19],"is_endless":false,"potions_floor_spawned":[4,12,16,18],"killed_by":"Slavers","ascension_level":3}}