{"host":"mmqs5ul2bvb60kyc","time":1613435724,"event":{"mods":["AchievementEnabler","Act Like it!","BaseMod","Colored Map","Colored Powertips","Minty Spire (QoL Compilation)","Quick Restart","StSLib"],"gold_per_floor":[118,130,130,141,154,154,79,99,150,169,199,219,230,264,264,339,339,358,358,377,117,117,117,152,169,196,196,196,246,12,44,44,64,64,140,140,158,158,174,14,31,31,58,0,26,72,84,116,145,157,169,181,193,205,12,41,41],"floor_reached":58,"language":"ZHS","playtime":2446,"items_purged":["Defend_P","Defend_P"],"score":2312,"play_id":"c0a6cd9e-b44f-4c1c-8052-e018b6d4f34a","local_time":"20210216083524","is_ascension_mode":true,"campfire_choices":[{"data":"Eruption","floor":6.0,"key":"SMITH"},{"data":"Wallop","floor":15.0,"key":"SMITH"},{"data":"Adaptation","floor":23.0,"key":"SMITH"},{"floor":28.0,"key":"REST"},{"data":"Adaptation","floor":32.0,"key":"SMITH"},{"data":"TalkToTheHand","floor":34.0,"key":"SMITH"},{"data":"Prostrate","floor":42.0,"key":"SMITH"},{"floor":47.0,"key":"REST"},{"floor":51.0,"key":"RECALL"},{"data":"Scrawl","floor":54.0,"key":"SMITH"}],"circlet_count":0,"master_deck":["AscendersBane","Strike_P+1","Strike_P+1","Eruption+1","Vigilance+1","Wallop+1","CutThroughFate+1","DevaForm+1","Wallop+1","Prostrate+1","Adaptation+1","Adaptation+1","MentalFortress+1","TalkToTheHand+1","LessonLearned+1","Scrawl+1","Fasting2"],"relics":["Philosopher\u0027s Stone","PreservedInsect","Pear","Omamori","Runic Pyramid","DollysMirror","MutagenicStrength","Boot","Shuriken","Du-Vu Doll","Empty Cage","Membership Card","Happy Flower","Red Mask","MawBank","The Courier","Medical Kit","Mummified Hand","Ginger"],"acts_visited":["Exordium","TheCity","TheBeyond","TheEnding"],"potions_floor_usage":[],"damage_taken":[{"damage":0.0,"enemies":"Small Slimes","floor":1.0,"turns":2.0},{"damage":8.0,"enemies":"Cultist","floor":2.0,"turns":4.0},{"damage":5.0,"enemies":"2 Louse","floor":4.0,"turns":2.0},{"damage":0.0,"enemies":"Looter","floor":5.0,"turns":2.0},{"damage":5.0,"enemies":"3 Louse","floor":8.0,"turns":2.0},{"damage":4.0,"enemies":"Red Slaver","floor":10.0,"turns":2.0},{"damage":5.0,"enemies":"3 Sentries","floor":11.0,"turns":4.0},{"damage":0.0,"enemies":"Large Slime","floor":12.0,"turns":4.0},{"damage":0.0,"enemies":"Looter","floor":13.0,"turns":2.0},{"damage":0.0,"enemies":"Lagavulin","floor":14.0,"turns":3.0},{"damage":16.0,"enemies":"Hexaghost","floor":16.0,"turns":7.0},{"damage":10.0,"enemies":"2 Thieves","floor":18.0,"turns":3.0},{"damage":2.0,"enemies":"Shell Parasite","floor":20.0,"turns":4.0},{"damage":27.0,"enemies":"Gremlin Leader","floor":24.0,"turns":3.0},{"damage":0.0,"enemies":"3 Cultists","floor":25.0,"turns":4.0},{"damage":7.0,"enemies":"Book of Stabbing","floor":31.0,"turns":4.0},{"damage":5.0,"enemies":"Cultist and Chosen","floor":33.0,"turns":5.0},{"damage":13.0,"enemies":"Automaton","floor":35.0,"turns":5.0},{"damage":7.0,"enemies":"3 Darklings","floor":37.0,"turns":4.0},{"damage":10.0,"enemies":"3 Shapes","floor":39.0,"turns":5.0},{"damage":15.0,"enemies":"Spire Growth","floor":41.0,"turns":4.0},{"damage":14.0,"enemies":"Giant Head","floor":43.0,"turns":4.0},{"damage":10.0,"enemies":"Nemesis","floor":46.0,"turns":3.0},{"damage":1.0,"enemies":"3 Darklings","floor":48.0,"turns":3.0},{"damage":0.0,"enemies":"Transient","floor":49.0,"turns":6.0},{"damage":34.0,"enemies":"Awakened One","floor":52.0,"turns":6.0},{"damage":0.0,"enemies":"Shield and Spear","floor":56.0,"turns":2.0},{"damage":50,"enemies":"The Heart","floor":57,"turns":7}],"seed_played":"4435682828537182123","potions_obtained":[{"floor":1.0,"key":"Block Potion"},{"floor":5.0,"key":"SteroidPotion"},{"floor":11.0,"key":"BlessingOfTheForge"},{"floor":12.0,"key":"Swift Potion"},{"floor":16.0,"key":"Block Potion"},{"floor":25.0,"key":"FairyPotion"}],"is_trial":false,"path_per_floor":["M","M","?","M","M","R","$","M","T","M","E","M","M","E","R","B",null,"M","?","M","$","?","R","E","M","T","T","R","?","$","E","R","M","R","B",null,"M","$","M","$","M","R","E","?","T","E","R","M","M","$","R","B",null,"R","$","E","B",null],"character_chosen":"WATCHER","items_purchased":["Adaptation","DollysMirror","TalkToTheHand","PowerPotion","Membership Card","Medical Kit","Mummified Hand","Fasting2"],"campfire_rested":2,"item_purchase_floors":[21,21,30,30,40,55,55,55],"current_hp_per_floor":[61,53,53,48,48,48,48,43,43,39,44,44,44,44,44,28,66,56,56,54,54,54,54,27,27,27,27,50,50,50,43,43,38,38,25,65,58,58,48,48,33,33,19,19,19,9,32,31,31,31,31,23,64,64,64,64,14],"gold":41,"neow_bonus":"BOSS_RELIC","is_daily":false,"chose_seed":false,"campfire_upgraded":7,"win_rate":0.0,"timestamp":1613435724,"path_taken":["M","M","?","M","M","R","$","?","T","M","E","M","M","E","R","BOSS","M","?","M","$","?","R","E","M","T","T","R","?","$","E","R","M","R","BOSS","M","$","M","?","M","R","E","?","T","E","R","M","M","$","R","BOSS","R","$","E","BOSS"],"items_purchased_type":["Card","Relic","Card","Potion","Relic","Relic","Relic","Card"],"build_version":"2020-12-22","purchased_purges":2,"victory":true,"max_hp_per_floor":[68,68,68,68,68,68,68,68,68,68,78,78,78,78,78,78,78,78,78,78,78,78,78,78,78,78,78,78,78,78,78,78,78,78,78,78,78,78,78,78,78,78,78,78,78,78,78,78,78,78,78,78,78,78,78,78,78],"card_choices":[{"not_picked":["Weave","Vengeance","JustLucky"],"picked":"SKIP","floor":1.0},{"not_picked":["Weave","Vengeance","JustLucky"],"picked":"SKIP","floor":1.0},{"not_picked":["SashWhip","Crescendo"],"picked":"Wallop","floor":2.0},{"not_picked":["FlurryOfBlows","FlyingSleeves"],"picked":"CutThroughFate","floor":4.0},{"not_picked":["CutThroughFate","Protect"],"picked":"DevaForm","floor":5.0},{"not_picked":["LikeWater","CarveReality","PathToVictory"],"picked":"SKIP","floor":8.0},{"not_picked":["EmptyMind","FlyingSleeves","ClearTheMind"],"picked":"SKIP","floor":10.0},{"not_picked":["WreathOfFlame","Protect","CutThroughFate"],"picked":"SKIP","floor":11.0},{"not_picked":["Halt","ClearTheMind"],"picked":"Wallop","floor":12.0},{"not_picked":["DeceiveReality","SashWhip","WreathOfFlame"],"picked":"SKIP","floor":13.0},{"not_picked":["SashWhip","FlyingSleeves","WaveOfTheHand"],"picked":"SKIP","floor":14.0},{"not_picked":["Worship","Vengeance+1","PathToVictory"],"picked":"SKIP","floor":18.0},{"not_picked":["JustLucky","Evaluate"],"picked":"Prostrate","floor":20.0},{"not_picked":["FollowUp","ForeignInfluence","Protect"],"picked":"SKIP","floor":24.0},{"not_picked":["FollowUp","ForeignInfluence","Protect"],"picked":"SKIP","floor":24.0},{"not_picked":["Collect","Sanctity"],"picked":"MentalFortress","floor":25.0},{"not_picked":["WindmillStrike","SashWhip","Brilliance"],"picked":"SKIP","floor":31.0},{"not_picked":["MentalFortress","Crescendo","EmptyBody+1"],"picked":"SKIP","floor":33.0},{"not_picked":["Brilliance","MasterReality"],"picked":"LessonLearned","floor":35.0},{"not_picked":["FollowUp","EmptyFist+1","Halt"],"picked":"SKIP","floor":37.0},{"not_picked":["EmptyFist","Consecrate","JustLucky+1"],"picked":"SKIP","floor":39.0},{"not_picked":["EmptyFist","WheelKick","Judgement"],"picked":"SKIP","floor":41.0},{"not_picked":["Brilliance","Perseverance","EmptyFist"],"picked":"SKIP","floor":43.0},{"not_picked":["PathToVictory","WreathOfFlame"],"picked":"Scrawl","floor":46.0},{"not_picked":["FlurryOfBlows","CrushJoints","BowlingBash"],"picked":"SKIP","floor":48.0},{"not_picked":["BowlingBash+1","FlurryOfBlows+1","WreathOfFlame+1"],"picked":"SKIP","floor":49.0},{"not_picked":["SashWhip","SandsOfTime+1","DeusExMachina"],"picked":"SKIP","floor":56.0}],"player_experience":366966,"relics_obtained":[{"floor":9.0,"key":"PreservedInsect"},{"floor":11.0,"key":"Pear"},{"floor":14.0,"key":"Omamori"},{"floor":24.0,"key":"Boot"},{"floor":27.0,"key":"Shuriken"},{"floor":31.0,"key":"Du-Vu Doll"},{"floor":43.0,"key":"Happy Flower"},{"floor":45.0,"key":"MawBank"},{"floor":46.0,"key":"The Courier"},{"floor":56.0,"key":"Ginger"}],"event_choices":[{"cards_removed":["Defend_P"],"damage_healed":0.0,"max_hp_gain":0.0,"max_hp_loss":0.0,"gold_gain":0.0,"event_name":"Bonfire Elementals","player_choice":"Offered Basic","floor":3.0,"gold_loss":0.0,"damage_taken":0.0},{"cards_removed":["Strike_P"],"damage_healed":0.0,"max_hp_gain":0.0,"max_hp_loss":0.0,"gold_gain":0.0,"event_name":"Back to Basics","player_choice":"Elegance","floor":19.0,"gold_loss":0.0,"damage_taken":0.0},{"damage_healed":0.0,"max_hp_gain":0.0,"max_hp_loss":0.0,"gold_gain":0.0,"event_name":"Drug Dealer","player_choice":"Inject Mutagens","floor":22.0,"gold_loss":0.0,"damage_taken":0.0,"relics_obtained":["MutagenicStrength"]},{"damage_healed":0.0,"max_hp_gain":0.0,"max_hp_loss":0.0,"gold_gain":100.0,"event_name":"The Joust","player_choice":"Bet on Murderer","floor":29.0,"gold_loss":50.0,"damage_taken":0.0},{"damage_healed":0.0,"max_hp_gain":0.0,"max_hp_loss":0.0,"gold_gain":0.0,"event_name":"Tomb of Lord Red Mask","player_choice":"Paid","floor":44.0,"gold_loss":58.0,"damage_taken":0.0,"relics_obtained":["Red Mask"]}],"is_beta":false,"boss_relics":[{"not_picked":["Busted Crown","Runic Dome"],"picked":"Runic Pyramid"},{"not_picked":["Calling Bell","Astrolabe"],"picked":"Empty Cage"}],"items_purged_floors":[7,30],"is_endless":false,"potions_floor_spawned":[1,5,10,11,12,16,25,31,33,35,37,39,43,49],"ascension_level":19}}