{"host":"vfg9szunmpjwj08o","time":1613495352,"event":{"mods":["Act Like it!","BaseMod","BetterRewards","Bossed Relics","Challenge The Spire","Colored Map","Colored Powertips","Dark Map","Highlight Path","Minty Spire (QoL Compilation)","Quick Restart","Relic Stats","StSLib","Waifu the Spire","everything is the same but u backflip on backflip"],"gold_per_floor":[119,130,141,66,66,93,93,109,188,188,188],"floor_reached":10,"language":"ENG","playtime":257,"items_purged":["Strike_R"],"score":136,"play_id":"83b72a6a-f797-4b64-a0ab-e7aae2d4a8c7","local_time":"20210216180912","is_ascension_mode":true,"campfire_choices":[{"data":"Spot Weakness","floor":7,"key":"SMITH"}],"circlet_count":0,"master_deck":["AscendersBane","Strike_R","Strike_R","Strike_R","Strike_R","Defend_R","Defend_R","Defend_R","Defend_R","Bash","Spot Weakness+1","Disarm","Barricade"],"relics":["Burning Blood","NeowsBlessing","Mango","Toxic Egg 2"],"acts_visited":["Exordium"],"potions_floor_usage":[],"damage_taken":[{"damage":0,"enemies":"Cultist","floor":1,"turns":1},{"damage":0,"enemies":"Small Slimes","floor":2,"turns":1},{"damage":0,"enemies":"Jaw Worm","floor":3,"turns":1},{"damage":55,"enemies":"3 Sentries","floor":6,"turns":9},{"damage":8,"enemies":"Red Slaver","floor":8,"turns":5},{"damage":64,"enemies":"Gremlin Nob","floor":10,"turns":4}],"seed_played":"-2299752652213919161","potions_obtained":[{"floor":8,"key":"Dexterity Potion"}],"is_trial":false,"path_per_floor":["M","M","M","$","?","E","R","M","T","E"],"character_chosen":"IRONCLAD","items_purchased":[],"campfire_rested":0,"item_purchase_floors":[],"current_hp_per_floor":[74,75,75,75,75,40,40,38,38,0,0],"gold":188,"neow_bonus":"THREE_ENEMY_KILL","is_daily":false,"chose_seed":false,"campfire_upgraded":1,"win_rate":0.0,"timestamp":1613495352,"path_taken":["M","?","M","$","?","E","R","M","T","E"],"items_purchased_type":[],"build_version":"2020-12-22","purchased_purges":1,"victory":false,"max_hp_per_floor":[75,75,75,75,75,89,89,89,89,89,89],"relic_stats":{"counters":[6,21],"obtain_stats":[{"NeowsBlessing":0,"Mango":6,"Toxic Egg 2":9,"Burning Blood":0},{"NeowsBlessing":0,"Mango":4,"Toxic Egg 2":5,"Burning Blood":0},{"NeowsBlessing":0,"Mango":12,"Toxic Egg 2":17,"Burning Blood":0}],"Burning Blood":19},"card_choices":[{"not_picked":["Clash","Anger","Wild Strike"],"picked":"SKIP","floor":1},{"not_picked":["Thunderclap","Sever Soul"],"picked":"Spot Weakness","floor":2},{"not_picked":["Perfected Strike","Clash","Thunderclap"],"picked":"SKIP","floor":3},{"not_picked":["Cleave","Seeing Red"],"picked":"Disarm","floor":6},{"not_picked":["Heavy Blade","Body Slam"],"picked":"Barricade","floor":8}],"player_experience":1114464,"relics_obtained":[{"floor":6,"key":"Mango"},{"floor":9,"key":"Toxic Egg 2"}],"event_choices":[{"damage_healed":0,"gold_gain":0,"player_choice":"Ignored","damage_taken":0,"max_hp_gain":0,"max_hp_loss":0,"event_name":"Liars Game","floor":5,"gold_loss":0}],"is_beta":false,"boss_relics":[],"items_purged_floors":[4],"is_endless":false,"potions_floor_spawned":[8],"killed_by":"Gremlin Nob","ascension_level":20}}