{"host":"y3h3n3f7seyagppx","time":1613501807,"event":{"mods":["AlwaysNeverKeys","BaseMod","Better Vampires","Colored Powertips","DeckTracker","Emptier Cage","Minty Spire (QoL Compilation)","Permanent Neow","Quick Restart","Rare Cards Sparkle","Relic Sorter","Relic Stats","StSLib","Transform Curses"],"gold_per_floor":[19,31,55,74,90,90,116,116,116,150,75,107,123,150,150,226,226,240,187,206,34,34,67,67,27,96,111,111,143,143,155,155,227,227,244,244,263,263,21,48,67,67,67,23,23,23,40,69,69,69,69,69,69,15,47,47,47],"floor_reached":56,"language":"ENG","playtime":6411,"items_purged":["Strike_R"],"score":2147,"play_id":"39f71298-e46c-414a-ae0c-4ae83bcf320f","local_time":"20210216135647","is_ascension_mode":true,"campfire_choices":[{"data":"Bash","floor":6.0,"key":"SMITH"},{"data":"Blood for Blood","floor":8.0,"key":"SMITH"},{"data":"Armaments","floor":15.0,"key":"SMITH"},{"data":"Uppercut","floor":24,"key":"SMITH"},{"data":"Shrug It Off","floor":30,"key":"SMITH"},{"data":"Spot Weakness","floor":32,"key":"SMITH"},{"data":"Heavy Blade","floor":42,"key":"SMITH"},{"data":"Shrug It Off","floor":45,"key":"SMITH"},{"data":"Strike_R","floor":49,"key":"PURGE"},{"data":"Writhe","floor":53,"key":"PURGE"}],"circlet_count":0,"master_deck":["AscendersBane","Strike_R","Defend_R","Defend_R","Defend_R","Bash+1","Infernal Blade","Twin Strike","Infernal Blade","Blood for Blood+1","Reaper+1","Shrug It Off+1","Armaments+1","Barricade","True Grit+1","Uppercut+1","Dark Embrace","RitualDagger+1","Shockwave","Spot Weakness+1","Exhume","Shrug It Off+1","Entrench","Entrench","Entrench","Heavy Blade+1","Offering","Evolve","Shrug It Off+1","Shrug It Off","Body Slam","Disarm"],"relics":["Burning Blood","Blood Vial","PreservedInsect","Bird Faced Urn","Eternal Feather","Potion Belt","Odd Mushroom","Snecko Eye","Anchor","Gremlin Horn","Peace Pipe","Pear","Vajra","SlaversCollar","DollysMirror","Omamori","Ancient Tea Set","Whetstone","Orichalcum"],"acts_visited":["Exordium","TheCity","TheBeyond","TheEnding"],"potions_floor_usage":[20,23,29,35,48,50,55,55,56],"damage_taken":[{"damage":7.0,"enemies":"Cultist","floor":1.0,"turns":5.0},{"damage":0.0,"enemies":"2 Louse","floor":2.0,"turns":4.0},{"damage":1.0,"enemies":"Small Slimes","floor":4.0,"turns":3.0},{"damage":4.0,"enemies":"2 Fungi Beasts","floor":5.0,"turns":4.0},{"damage":20.0,"enemies":"Lagavulin","floor":7.0,"turns":6.0},{"damage":10.0,"enemies":"3 Sentries","floor":10.0,"turns":5.0},{"damage":8.0,"enemies":"Gremlin Nob","floor":12.0,"turns":3.0},{"damage":16.0,"enemies":"Exordium Thugs","floor":13.0,"turns":4.0},{"damage":12.0,"enemies":"The Mushroom Lair","floor":14.0,"turns":5.0},{"damage":64.0,"enemies":"Hexaghost","floor":16.0,"turns":8.0},{"damage":52.0,"enemies":"3 Byrds","floor":18.0,"turns":6.0},{"damage":6,"enemies":"Chosen","floor":20,"turns":4},{"damage":14,"enemies":"Book of Stabbing","floor":23,"turns":3},{"damage":0,"enemies":"Centurion and Healer","floor":27,"turns":4},{"damage":0,"enemies":"Gremlin Leader","floor":29,"turns":3},{"damage":2,"enemies":"Snecko","floor":31,"turns":3},{"damage":60,"enemies":"Collector","floor":33,"turns":11},{"damage":45,"enemies":"Orb Walker","floor":35,"turns":6},{"damage":6,"enemies":"3 Darklings","floor":37,"turns":5},{"damage":0,"enemies":"Reptomancer","floor":40,"turns":7},{"damage":88,"enemies":"Writhing Mass","floor":41,"turns":9},{"damage":0,"enemies":"4 Shapes","floor":47,"turns":2},{"damage":36,"enemies":"Giant Head","floor":48,"turns":7},{"damage":0,"enemies":"Donu and Deca","floor":50,"turns":8},{"damage":14,"enemies":"Awakened One","floor":51,"turns":14},{"damage":122,"enemies":"Shield and Spear","floor":55,"turns":9},{"damage":51,"enemies":"The Heart","floor":56,"turns":6}],"seed_played":"-6827945633431859268","potions_obtained":[{"floor":1.0,"key":"Explosive Potion"},{"floor":7.0,"key":"SpeedPotion"},{"floor":10.0,"key":"Strength Potion"},{"floor":14.0,"key":"DuplicationPotion"},{"floor":18.0,"key":"BlessingOfTheForge"},{"floor":25,"key":"GamblersBrew"},{"floor":25,"key":"DuplicationPotion"},{"floor":25,"key":"Swift Potion"},{"floor":27,"key":"LiquidMemories"},{"floor":31,"key":"Weak Potion"},{"floor":35,"key":"FairyPotion"},{"floor":48,"key":"BloodPotion"}],"is_trial":false,"path_per_floor":["M","M","T","M","M","R","E","R","T","E","$","E","M","?","R","B",null,"M","$","M","$","?","E","R","?","T","M","?","E","R","M","R","B",null,"M","?","M","?","$","E","M","R","T","$","R","?","M","E","R","B","B",null,"R","$","E","B"],"character_chosen":"IRONCLAD","items_purchased":["Block Potion","Anchor","DollysMirror","Entrench","Evolve","ColorlessPotion"],"campfire_rested":0,"item_purchase_floors":[19,21,39,39,44,54],"current_hp_per_floor":[67,73,73,75,75,75,61,61,61,59,59,59,54,50,59,13,60,27,27,34,34,34,36,45,45,55,72,66,78,85,85,85,46,75,57,47,85,85,85,85,24,39,39,39,57,57,65,61,79,85,85,85,85,85,17,0,0],"gold":47,"neow_bonus":"TRANSFORM_TWO_CARDS","is_daily":false,"chose_seed":false,"campfire_upgraded":8,"win_rate":0.0,"timestamp":1613501807,"path_taken":["M","M","?","M","M","R","E","R","T","E","$","E","M","?","R","BOSS","M","$","M","$","?","E","R","?","T","?","?","E","R","M","R","BOSS","M","?","M","?","?","E","M","R","T","$","R","?","M","E","R","BOSS","BOSS","R","$","E","BOSS"],"items_purchased_type":["Potion","Relic","Relic","Card","Card","Potion"],"build_version":"2020-12-22","purchased_purges":1,"victory":false,"max_hp_per_floor":[75,75,75,75,75,75,75,75,75,75,75,75,75,75,75,75,75,75,75,75,75,75,75,75,75,85,85,85,85,85,85,85,85,85,85,85,85,85,85,85,85,85,85,85,85,85,85,85,85,85,85,85,85,85,85,85,85],"relic_stats":{"Blood Vial":34,"Peace Pipe":2,"Gremlin Horn":[27,27],"counters":[27,154],"Bird Faced Urn":[42],"Snecko Eye":[224,207,203,206],"Eternal Feather":76,"PreservedInsect":417,"Whetstone":["Reaper","RitualDagger"],"Orichalcum":[6],"obtain_stats":[{"Potion Belt":12,"Pear":26,"Gremlin Horn":22,"Vajra":29,"Eternal Feather":10,"PreservedInsect":7,"Omamori":40,"Whetstone":48,"Odd Mushroom":14,"Orichalcum":55,"Ancient Tea Set":43,"Burning Blood":0,"Blood Vial":3,"Peace Pipe":23,"SlaversCollar":34,"Anchor":21,"DollysMirror":39,"Bird Faced Urn":9,"Snecko Eye":17},{"Potion Belt":7,"Pear":13,"Gremlin Horn":12,"Vajra":15,"Eternal Feather":6,"PreservedInsect":5,"Omamori":20,"Whetstone":23,"Odd Mushroom":9,"Orichalcum":26,"Ancient Tea Set":21,"Burning Blood":0,"Blood Vial":2,"Peace Pipe":13,"SlaversCollar":17,"Anchor":12,"DollysMirror":19,"Bird Faced Urn":5,"Snecko Eye":10},{"Potion Belt":30,"Pear":60,"Gremlin Horn":57,"Vajra":67,"Eternal Feather":27,"PreservedInsect":22,"Omamori":99,"Whetstone":117,"Odd Mushroom":39,"Orichalcum":148,"Ancient Tea Set":108,"Burning Blood":0,"Blood Vial":9,"Peace Pipe":60,"SlaversCollar":81,"Anchor":57,"DollysMirror":92,"Bird Faced Urn":22,"Snecko Eye":47}],"Burning Blood":119},"card_choices":[{"not_picked":["Entrench","Iron Wave"],"picked":"Infernal Blade","floor":1.0},{"not_picked":["Evolve","Power Through"],"picked":"Twin Strike","floor":2.0},{"not_picked":["Perfected Strike","Sever Soul","Thunderclap"],"picked":"SKIP","floor":4.0},{"not_picked":["Perfected Strike","Reckless Charge"],"picked":"Infernal Blade","floor":5.0},{"not_picked":["Clash","Heavy Blade"],"picked":"Blood for Blood","floor":7.0},{"not_picked":["Sentinel","Cleave"],"picked":"Reaper","floor":10.0},{"not_picked":["Anger","Blood for Blood"],"picked":"Shrug It Off","floor":12.0},{"not_picked":["Intimidate","Pummel"],"picked":"Armaments","floor":13.0},{"not_picked":["Double Tap","Berserk"],"picked":"Barricade","floor":16.0},{"not_picked":["Pummel","Sentinel"],"picked":"True Grit+1","floor":18.0},{"not_picked":["Reckless Charge","Rampage","Armaments"],"picked":"SKIP","floor":20},{"not_picked":["Wild Strike+1","Armaments"],"picked":"Uppercut","floor":23},{"not_picked":["Searing Blow","Dual Wield"],"picked":"Dark Embrace","floor":27},{"not_picked":["Pommel Strike","Iron Wave+1"],"picked":"Shockwave","floor":29},{"not_picked":["Feel No Pain","Warcry"],"picked":"Spot Weakness","floor":31},{"not_picked":["Double Tap","Feed"],"picked":"Exhume","floor":33},{"not_picked":["Ghostly Armor","Clash"],"picked":"Shrug It Off","floor":35},{"not_picked":["Shockwave","Burning Pact+1"],"picked":"Entrench","floor":37},{"not_picked":["Thunderclap","Headbutt"],"picked":"Heavy Blade","floor":40},{"not_picked":["Twin Strike","Fire Breathing"],"picked":"Offering","floor":41},{"not_picked":["Pummel","Iron Wave"],"picked":"Shrug It Off","floor":47},{"not_picked":["Thunderclap+1","Shrug It Off+1"],"picked":"Body Slam","floor":48},{"not_picked":["Sentinel","Pummel+1"],"picked":"Disarm","floor":55}],"player_experience":22202102,"relics_obtained":[{"floor":3.0,"key":"Blood Vial"},{"floor":7.0,"key":"PreservedInsect"},{"floor":9.0,"key":"Bird Faced Urn"},{"floor":10.0,"key":"Eternal Feather"},{"floor":12.0,"key":"Potion Belt"},{"floor":14.0,"key":"Odd Mushroom"},{"floor":23,"key":"Peace Pipe"},{"floor":26,"key":"Pear"},{"floor":29,"key":"Vajra"},{"floor":40,"key":"Omamori"},{"floor":43,"key":"Ancient Tea Set"},{"floor":48,"key":"Whetstone"},{"floor":55,"key":"Orichalcum"}],"event_choices":[{"damage_healed":0.0,"max_hp_gain":0.0,"max_hp_loss":0.0,"gold_gain":0.0,"event_name":"Mushrooms","player_choice":"Fought Mushrooms","floor":14.0,"gold_loss":0.0,"damage_taken":0.0},{"damage_healed":0,"gold_gain":0,"player_choice":"Opened","damage_taken":0,"relics_obtained":["Gremlin Horn"],"max_hp_gain":0,"max_hp_loss":0,"event_name":"The Mausoleum","floor":22,"gold_loss":0,"cards_obtained":["Writhe"]},{"damage_healed":0,"gold_gain":0,"player_choice":"Bought 3 Potions","damage_taken":0,"max_hp_gain":0,"max_hp_loss":0,"event_name":"The Woman in Blue","floor":25,"gold_loss":0},{"damage_healed":0,"gold_gain":0,"player_choice":"Joined the Cult","damage_taken":6,"max_hp_gain":0,"max_hp_loss":0,"event_name":"Nest","floor":28,"gold_loss":0,"cards_obtained":["RitualDagger"]},{"damage_healed":0,"gold_gain":0,"player_choice":"Memory 3","damage_taken":10,"max_hp_gain":0,"max_hp_loss":0,"event_name":"SensoryStone","floor":36,"gold_loss":0},{"cards_removed":["Defend_R"],"damage_healed":0,"gold_gain":0,"player_choice":"Removed Skill","damage_taken":0,"max_hp_gain":0,"max_hp_loss":0,"event_name":"Falling","floor":38,"gold_loss":0},{"damage_healed":0,"gold_gain":0,"player_choice":"Copied","damage_taken":0,"max_hp_gain":0,"max_hp_loss":0,"event_name":"Duplicator","floor":46,"gold_loss":0,"cards_obtained":["Shrug It Off"]}],"is_beta":false,"boss_relics":[{"not_picked":["Pandora\u0027s Box","Runic Dome"],"picked":"Snecko Eye"},{"not_picked":["Fusion Hammer","SacredBark"],"picked":"SlaversCollar"}],"items_purged_floors":[11],"is_endless":false,"potions_floor_spawned":[1,7,10,14,18,27,31,33,35,40,48],"killed_by":"The Heart","ascension_level":20}}