{"host":"wxz7488rqrwl2v46","time":1613462216,"event":{"mods":["BaseMod","Minty Spire (QoL Compilation)","Quick Restart","Replay The Spire","StSLib"],"gold_per_floor":[117,134,134,134,134,134,154,204,204,216,98,115,130,163,163,163,163],"floor_reached":16,"language":"ZHS","playtime":616,"items_purged":["Strike_G"],"score":102,"play_id":"e3cea801-3121-4fcf-bed3-813fb5d0c1dc","local_time":"20210216155656","is_ascension_mode":false,"campfire_choices":[{"data":"Bouncing Flask","floor":6,"key":"SMITH"},{"data":"Leg Sweep","floor":15,"key":"SMITH"}],"circlet_count":0,"master_deck":["Strike_G","Strike_G","Defend_G","Defend_G","Defend_G","Defend_G","Defend_G","Survivor","Neutralize","Poisoned Stab","Bouncing Flask+1","Well Laid Plans","Normality","Toxin Wave","Deadly Poison","Acrobatics+1","Acrobatics","Poisoned Stab","Leg Sweep+1"],"relics":["Ring of the Snake","NeowsBlessing","Ring of Greed","Ring of Hypnosis","MealTicket","Blue Doll","Mango","Pet Ghost"],"acts_visited":["Exordium"],"potions_floor_usage":[],"damage_taken":[{"damage":0,"enemies":"Jaw Worm","floor":1,"turns":1},{"damage":0,"enemies":"2 Louse","floor":2,"turns":1},{"damage":0,"enemies":"Small Slimes","floor":7,"turns":1},{"damage":11,"enemies":"Exordium Thugs","floor":10,"turns":5},{"damage":6,"enemies":"Blue Slaver","floor":12,"turns":3},{"damage":7,"enemies":"Exordium Wildlife","floor":13,"turns":3},{"damage":10,"enemies":"Gremlin Nob","floor":14,"turns":3},{"damage":63,"enemies":"Slime Boss","floor":16,"turns":13}],"seed_played":"-8358780215631893150","potions_obtained":[{"floor":10,"key":"Death Potion"}],"is_trial":false,"path_per_floor":["M","M","?","?","?","R","M","?","T","M","$","M","M","E","R","B"],"character_chosen":"THE_SILENT","items_purchased":["Deadly Poison","Acrobatics+1"],"campfire_rested":0,"item_purchase_floors":[11,11],"current_hp_per_floor":[70,70,70,70,70,70,70,70,84,73,84,78,71,61,61,0,0],"gold":163,"neow_bonus":"THREE_ENEMY_KILL","is_daily":false,"chose_seed":false,"campfire_upgraded":2,"win_rate":0.0,"timestamp":1613462216,"path_taken":["M","M","?","?","?","R","?","?","T","M","?","?","M","E","R","BOSS"],"items_purchased_type":["Card","Card"],"build_version":"2020-12-22","purchased_purges":1,"victory":false,"max_hp_per_floor":[70,70,70,70,70,70,70,70,84,84,84,84,84,84,84,84,84],"card_choices":[{"not_picked":["Underhanded Strike","Hidden Blade"],"picked":"Poisoned Stab","floor":1},{"not_picked":["Hidden Blade","Bane"],"picked":"Bouncing Flask","floor":2},{"not_picked":["Dodge and Roll","Caltrops","Acrobatics"],"picked":"SKIP","floor":7},{"not_picked":["All Out Attack","ReplayTheSpireMod:Speed Training"],"picked":"Toxin Wave","floor":10},{"not_picked":["Backstab","Flechettes"],"picked":"Acrobatics","floor":12},{"not_picked":["Hidden Blade","Caltrops"],"picked":"Poisoned Stab","floor":13},{"not_picked":["Dodge and Roll","Backstab"],"picked":"Leg Sweep","floor":14}],"player_experience":36476,"relics_obtained":[{"floor":8,"key":"Ring of Greed"},{"floor":8,"key":"Ring of Hypnosis"},{"floor":8,"key":"MealTicket"},{"floor":8,"key":"Blue Doll"},{"floor":9,"key":"Mango"},{"floor":14,"key":"Pet Ghost"}],"event_choices":[{"cards_removed":["Strike_G"],"damage_healed":0,"gold_gain":0,"player_choice":"Forget","damage_taken":0,"max_hp_gain":0,"max_hp_loss":0,"event_name":"Living Wall","floor":3,"gold_loss":0},{"damage_healed":0,"gold_gain":0,"player_choice":"Ignored","damage_taken":0,"max_hp_gain":0,"max_hp_loss":0,"event_name":"Golden Idol","floor":4,"gold_loss":0},{"damage_healed":0,"gold_gain":0,"cards_transformed":["Strike_G"],"player_choice":"Transformed","damage_taken":0,"max_hp_gain":0,"max_hp_loss":0,"event_name":"Transmorgrifier","floor":5,"gold_loss":0,"cards_obtained":["Well Laid Plans"]}],"is_beta":false,"boss_relics":[],"items_purged_floors":[11],"is_endless":false,"potions_floor_spawned":[10],"killed_by":"Slime Boss","ascension_level":0}}