{"host":"61s3c1o1s4fng5dr","time":1613517513,"event":{"mods":["AchievementEnabler","Alarm Clock","AlwaysNeverKeys","BaseMod","Bestiary","Block Reminder","Colored Map","Googly Eyes","Highlight Path","Minty Spire (QoL Compilation)","Permanent Neow","Quick Restart","Random Character Button","Spire Birthday Party"],"gold_per_floor":[111,128,145,95,20,20,49,62,142,154,154,180,191,201,201,201,201],"floor_reached":16,"language":"ENG","playtime":855,"items_purged":["Defend_R"],"score":114,"play_id":"85b8c221-34ee-4205-9770-b99247732231","local_time":"20210216181833","is_ascension_mode":false,"campfire_choices":[{"data":"Berserk","floor":6.0,"key":"SMITH"},{"floor":15,"key":"REST"}],"circlet_count":0,"master_deck":["Strike_R","Strike_R","Strike_R","Strike_R","Defend_R","Defend_R","Defend_R","Bash","Berserk+1","Shrug It Off","Metallicize"],"relics":["Burning Blood","Calipers","InkBottle","Oddly Smooth Stone"],"acts_visited":["Exordium"],"potions_floor_usage":[12,14],"damage_taken":[{"damage":0.0,"enemies":"Small Slimes","floor":1.0,"turns":3.0},{"damage":0.0,"enemies":"Jaw Worm","floor":2.0,"turns":5.0},{"damage":0.0,"enemies":"Cultist","floor":3.0,"turns":4.0},{"damage":14.0,"enemies":"Gremlin Nob","floor":7.0,"turns":4.0},{"damage":22.0,"enemies":"Large Slime","floor":8.0,"turns":7.0},{"damage":16.0,"enemies":"Red Slaver","floor":10.0,"turns":5.0},{"damage":24,"enemies":"Lagavulin","floor":12,"turns":7},{"damage":14,"enemies":"Exordium Wildlife","floor":13,"turns":7},{"damage":0,"enemies":"3 Louse","floor":14,"turns":3},{"damage":50,"enemies":"Slime Boss","floor":16,"turns":8}],"seed_played":"-2654277152149248546","potions_obtained":[{"floor":7.0,"key":"GamblersBrew"},{"floor":8.0,"key":"DistilledChaos"},{"floor":13,"key":"Energy Potion"}],"is_trial":false,"path_per_floor":["M","M","M","?","$","R","E","M","T","M","?","E","M","M","R","B"],"character_chosen":"IRONCLAD","items_purchased":[],"campfire_rested":1,"item_purchase_floors":[],"current_hp_per_floor":[80,80,80,80,80,80,72,56,56,46,46,28,20,26,50,0,0],"gold":201,"neow_bonus":"ONE_RANDOM_RARE_CARD","is_daily":false,"chose_seed":false,"campfire_upgraded":1,"win_rate":0.0,"timestamp":1613517513,"path_taken":["M","M","M","?","$","R","E","M","T","M","?","E","?","M","R","BOSS"],"items_purchased_type":[],"build_version":"2020-12-22","purchased_purges":1,"victory":false,"max_hp_per_floor":[80,80,80,80,80,80,80,80,80,80,80,80,80,80,80,80,80],"card_choices":[{"not_picked":["Wild Strike","Body Slam"],"picked":"Shrug It Off","floor":1.0},{"not_picked":["Armaments","Heavy Blade","Pommel Strike"],"picked":"SKIP","floor":2.0},{"not_picked":["Shockwave","Blood for Blood","True Grit"],"picked":"SKIP","floor":3.0},{"not_picked":["Havoc","Sever Soul","Clash"],"picked":"SKIP","floor":7.0},{"not_picked":["Heavy Blade","Pummel","Cleave"],"picked":"SKIP","floor":8.0},{"not_picked":["Havoc","Cleave","Warcry"],"picked":"SKIP","floor":10.0},{"not_picked":["Sword Boomerang","Dual Wield","Cleave"],"picked":"SKIP","floor":12},{"not_picked":["Reckless Charge","Heavy Blade","Sentinel"],"picked":"SKIP","floor":13},{"not_picked":["Heavy Blade","Double Tap"],"picked":"Metallicize","floor":14}],"player_experience":470297,"relics_obtained":[{"floor":7.0,"key":"Calipers"},{"floor":9.0,"key":"InkBottle"},{"floor":12,"key":"Oddly Smooth Stone"}],"event_choices":[{"cards_removed":["Strike_R"],"damage_healed":0.0,"max_hp_gain":0.0,"max_hp_loss":0.0,"gold_gain":0.0,"event_name":"The Cleric","player_choice":"Card Removal","floor":4.0,"gold_loss":50.0,"damage_taken":0.0},{"damage_healed":0.0,"max_hp_gain":0.0,"max_hp_loss":0.0,"gold_gain":0.0,"event_name":"The Woman in Blue","player_choice":"Bought 0 Potions","floor":11.0,"gold_loss":0.0,"damage_taken":0.0}],"is_beta":false,"boss_relics":[],"items_purged_floors":[5],"is_endless":false,"potions_floor_spawned":[7,8,13],"killed_by":"Slime Boss","ascension_level":0}}