{"host":"w5thk1acqacem6ba","time":1613497959,"event":{"mods":["AchievementEnabler","BaseMod","Colored Map","KOR Keyword Fix","Minty Spire (QoL Compilation)","SuperFastMode"],"gold_per_floor":[114,114,129,129,144,144,124,139,139,139,139,139,154,154,154,254,254,269,309,309,324,324,324,339,339,364,394,394,409,424,99,99,199,199,214,229,244,259,259,259,259,259,259,259,259],"floor_reached":44,"language":"KOR","playtime":2900,"items_purged":["Pray"],"score":495,"play_id":"571c59c7-7678-4d08-bef2-9d18ca7ede07","local_time":"20210217025239","daily_mods":["Specialized","ControlledChaos","Lethality"],"is_ascension_mode":false,"campfire_choices":[{"data":"Eruption","floor":6.0,"key":"SMITH"},{"data":"ForeignInfluence","floor":12.0,"key":"SMITH"},{"data":"Pray","floor":15.0,"key":"SMITH"},{"floor":23,"key":"REST"},{"floor":25,"key":"REST"},{"data":"SignatureMove","floor":28,"key":"SMITH"},{"floor":32,"key":"REST"},{"floor":40,"key":"REST"}],"circlet_count":0,"master_deck":["Strike_P","Strike_P","Strike_P","Defend_P","Defend_P","Defend_P","Defend_P+1","Eruption+1","Vigilance","Pray+1","Pray+1","Pray","Pray","ForeignInfluence+1","Consecrate","FlyingSleeves","Halt","Wish","Tantrum+1","Worship","SignatureMove+1","FlurryOfBlows","Wireheading+1","DevaForm","FlurryOfBlows+1","FollowUp+1","Consecrate+1","Madness","Madness"],"relics":["HolyWater","Frozen Eye","Omamori","War Paint","Bag of Preparation","Yang","Nilry\u0027s Codex","Tiny Chest","Gambling Chip","Letter Opener","Sozu","TeardropLocket","Eternal Feather"],"acts_visited":["Exordium","TheCity","TheBeyond"],"potions_floor_usage":[35,44],"damage_taken":[{"damage":11.0,"enemies":"Small Slimes","floor":1.0,"turns":3.0},{"damage":1.0,"enemies":"Jaw Worm","floor":3.0,"turns":3.0},{"damage":0.0,"enemies":"Cultist","floor":5.0,"turns":2.0},{"damage":0.0,"enemies":"3 Louse","floor":8.0,"turns":1.0},{"damage":0.0,"enemies":"2 Fungi Beasts","floor":13.0,"turns":2.0},{"damage":33.0,"enemies":"The Guardian","floor":16.0,"turns":10.0},{"damage":7,"enemies":"Shell Parasite","floor":18,"turns":5},{"damage":0,"enemies":"Spheric Guardian","floor":19,"turns":2},{"damage":21,"enemies":"Snake Plant","floor":21,"turns":3},{"damage":19,"enemies":"Shelled Parasite and Fungi","floor":24,"turns":3},{"damage":0,"enemies":"Gremlin Leader","floor":27,"turns":1},{"damage":0,"enemies":"Cultist and Chosen","floor":29,"turns":1},{"damage":0,"enemies":"Centurion and Healer","floor":30,"turns":1},{"damage":73,"enemies":"Champ","floor":33,"turns":8},{"damage":15,"enemies":"3 Darklings","floor":35,"turns":2},{"damage":0,"enemies":"Orb Walker","floor":36,"turns":1},{"damage":0,"enemies":"Writhing Mass","floor":37,"turns":2},{"damage":0,"enemies":"Maw","floor":38,"turns":2},{"damage":69,"enemies":"Reptomancer","floor":44,"turns":4}],"seed_played":"2711566965655028651","potions_obtained":[{"floor":1.0,"key":"PowerPotion"},{"floor":3.0,"key":"PowerPotion"},{"floor":7.0,"key":"GamblersBrew"},{"floor":16.0,"key":"Weak Potion"},{"floor":18,"key":"Strength Potion"},{"floor":21,"key":"DistilledChaos"},{"floor":29,"key":"Regen Potion"}],"is_trial":false,"path_per_floor":["M","?","M","T","M","R","?","M","T","?","?","R","M","$","R","B",null,"M","M","?","M","?","R","M","R","T","E","R","M","M","$","R","B",null,"M","M","M","M","?","R","T","?","T","E"],"character_chosen":"WATCHER","items_purchased":["Letter Opener"],"campfire_rested":4,"item_purchase_floors":[31],"current_hp_per_floor":[61,66,65,65,65,65,65,65,65,58,51,51,51,51,51,18,77,70,70,70,49,33,56,37,60,60,60,60,60,60,60,77,4,77,62,62,62,62,52,75,75,75,75,11,11],"gold":259,"neow_bonus":"","is_daily":true,"chose_seed":false,"campfire_upgraded":4,"win_rate":0.0,"timestamp":1613497959,"path_taken":["M","?","M","?","M","R","?","?","T","?","?","R","M","?","R","BOSS","M","?","?","M","?","R","M","R","T","E","R","?","M","$","R","BOSS","M","M","M","?","?","R","?","?","T","E"],"items_purchased_type":["Relic"],"build_version":"2020-12-22","purchased_purges":1,"victory":false,"max_hp_per_floor":[72,77,77,77,77,77,77,77,77,77,77,77,77,77,77,77,77,77,77,77,77,77,77,77,77,77,77,77,77,77,77,77,77,77,77,77,77,77,77,77,77,77,77,77,77],"card_choices":[{"not_picked":["FollowUp","DeceiveReality"],"picked":"ForeignInfluence","floor":1.0},{"not_picked":["BattleHymn","EmptyBody"],"picked":"Consecrate","floor":3.0},{"not_picked":["WreathOfFlame","WaveOfTheHand"],"picked":"FlyingSleeves","floor":5.0},{"not_picked":["EmptyFist","ThirdEye","InnerPeace"],"picked":"SKIP","floor":8.0},{"not_picked":["SashWhip","Evaluate"],"picked":"Halt","floor":13.0},{"not_picked":["Establishment","Ragnarok"],"picked":"Wish","floor":16.0},{"not_picked":["Wireheading+1","Indignation","BowlingBash"],"picked":"SKIP","floor":18},{"not_picked":["PathToVictory","CutThroughFate"],"picked":"Tantrum+1","floor":19},{"not_picked":["FearNoEvil","SandsOfTime"],"picked":"Worship","floor":21},{"not_picked":["WheelKick","FollowUp"],"picked":"SignatureMove","floor":24},{"not_picked":["Prostrate","Adaptation"],"picked":"FlurryOfBlows","floor":27},{"not_picked":["Protect","WindmillStrike","Evaluate"],"picked":"SKIP","floor":29},{"not_picked":["DeceiveReality","Adaptation"],"picked":"Wireheading+1","floor":30},{"not_picked":["LessonLearned","Vault"],"picked":"DevaForm","floor":33},{"not_picked":["DeceiveReality","FlyingSleeves","JustLucky+1"],"picked":"SKIP","floor":35},{"not_picked":["Study+1","ClearTheMind+1"],"picked":"FlurryOfBlows+1","floor":36},{"not_picked":["Consecrate+1","Weave"],"picked":"FollowUp+1","floor":37},{"not_picked":["JustLucky+1","Nirvana"],"picked":"Consecrate+1","floor":38}],"player_experience":385331,"relics_obtained":[{"floor":4.0,"key":"Omamori"},{"floor":9.0,"key":"War Paint"},{"floor":22,"key":"Nilry\u0027s Codex"},{"floor":26,"key":"Tiny Chest"},{"floor":27,"key":"Gambling Chip"},{"floor":41,"key":"TeardropLocket"},{"floor":43,"key":"Eternal Feather"}],"event_choices":[{"damage_healed":0.0,"max_hp_gain":5.0,"max_hp_loss":0.0,"gold_gain":0.0,"event_name":"Big Fish","player_choice":"Donut","floor":2.0,"gold_loss":0.0,"damage_taken":0.0},{"damage_healed":0.0,"max_hp_gain":0.0,"max_hp_loss":0.0,"gold_gain":0.0,"event_name":"The Woman in Blue","player_choice":"Bought 1 Potion","floor":7.0,"gold_loss":0.0,"damage_taken":0.0},{"damage_healed":0.0,"max_hp_gain":0.0,"max_hp_loss":0.0,"gold_gain":0.0,"event_name":"Scrap Ooze","player_choice":"Success","floor":10.0,"gold_loss":0.0,"damage_taken":7.0,"relics_obtained":["Bag of Preparation"]},{"cards_removed":["Strike_P"],"damage_healed":0.0,"max_hp_gain":0.0,"max_hp_loss":0.0,"gold_gain":0.0,"event_name":"Golden Wing","player_choice":"Card Removal","floor":11.0,"gold_loss":0.0,"damage_taken":7.0},{"damage_healed":0,"gold_gain":0,"player_choice":"Opened","damage_taken":0,"relics_obtained":["Yang"],"max_hp_gain":0,"max_hp_loss":0,"event_name":"The Mausoleum","floor":20,"gold_loss":0},{"damage_healed":0,"gold_gain":0,"player_choice":"Obtained Book","damage_taken":16,"max_hp_gain":0,"max_hp_loss":0,"event_name":"Cursed Tome","floor":22,"gold_loss":0},{"damage_healed":0,"gold_gain":0,"player_choice":"Embrace Madness","damage_taken":10,"max_hp_gain":0,"max_hp_loss":0,"event_name":"Winding Halls","floor":39,"gold_loss":0,"cards_obtained":["Madness","Madness"]},{"damage_healed":0,"gold_gain":0,"player_choice":"Memory 1","damage_taken":0,"max_hp_gain":0,"max_hp_loss":0,"event_name":"SensoryStone","floor":42,"gold_loss":0}],"is_beta":false,"boss_relics":[{"not_picked":["Black Star","Calling Bell"],"picked":"HolyWater"},{"not_picked":["Astrolabe","Cursed Key"],"picked":"Sozu"}],"items_purged_floors":[31],"is_endless":false,"potions_floor_spawned":[1,3,16,18,21,29,33,36,38],"killed_by":"Reptomancer","ascension_level":0}}