{"host":"n2havra2dgtcizuw","time":1613473687,"event":{"mods":["100% Spire Juice","ATMod(阿瑾Mod)","Bard","BaseMod","Downfall","Marisa（F雨　魔理沙）","Minty Spire (QoL Compilation)","Permanent Neow","Reliquary","Remilia（蕾米莉亚）","Replay The Spire","RumiaBox-露米娅的神秘盒子","StSLib","TestMod","The Alterego","The Animator","The Servant 0.9.4","[IsaacMod]以撒尖塔"],"gold_per_floor":[118,118,118,141,103,135,135,167,167,189,189,216,9,26,26,253,253,281,281,305,305,305,305,340,340,340,371,371,386,386,411,411,548,548,577,608,114,60,82,82,82,124,148,148,241,241,273,306,306,322],"floor_reached":51,"language":"ZHS","playtime":2568,"items_purged":["ReplayTheSpireMod:Splinters"],"score":1288,"play_id":"047977a9-c1e6-43c0-8ab1-6a628bfca6b0","local_time":"20210216190807","is_ascension_mode":true,"campfire_choices":[{"floor":7,"key":"REST"},{"floor":15,"key":"REST"},{"data":"AT_FamilyPortrait","floor":23,"key":"SMITH"},{"data":"DoctorFetus","floor":25,"key":"SMITH"},{"floor":30,"key":"REST"},{"floor":32,"key":"REST"},{"floor":40,"key":"REST"},{"data":"Alpha","floor":44,"key":"SMITH"},{"floor":46,"key":"REST"},{"data":"DevaForm","floor":49,"key":"SMITH"}],"circlet_count":0,"master_deck":["Strike_P","Strike_P","Strike_P","Defend_P","Defend_P","Defend_P","Defend_P","Eruption","Vigilance","Scrawl","AT_FamilyPortrait+1","Consecrate","AT_OneInchPunch","Alpha+1","Sanctity","JustLucky","Consecrate","FearNoEvil","BattleHymn","EmptyFist","Weave","Protect","Dramatic Entrance","AT_FamilyPortrait","DoctorFetus+1","testmod-ConditionedReflex","Prostrate","Ragnarok","BowlingBash+1","SandsOfTime","RitualDagger","Consecrate+1","FlurryOfBlows","FlurryOfBlows","CrushJoints","WindmillStrike","CarveReality","Nirvana","Adaptation","InnerPeace","BattleHymn","DevaForm+1","testmod-Superconductor","CrushJoints+1","Consecrate+1","Conclude","Replay:BluntJabs","Trip","Crescendo","Replay:DivineShield","Consecrate+1","FlurryOfBlows+1","AT_OneInchPunch","MentalFortress+1","AT_OneInchPunch+1","BowlingBash","FlyingSleeves+1","Pray+1","Wireheading+1"],"relics":["PureWater","testmod-TestBox","HushsDoor","AT_ATBox","testmod-TheFather","PokeGo","MagicDraw4","reliquary:Sod","Prayer Wheel","reliquary:IvoryTrinket","PreservedInsect","Golden Idol","ReplayTheSpireMod:ShopPack","Replay:Ancient Bell","alterego_mod:SomeoneToFightFor","Incense Burner","Turnip","Toy Ornithopter","Toy Ornithopter","Pondfish Scales","Dream Catcher","Baka2","Bag of Marbles","testmod-Antiphasic","BranchBurnRelic","Meat on the Bone"],"acts_visited":["Exordium","TheCity","TheBeyond"],"potions_floor_usage":[31,34,50],"damage_taken":[{"damage":0,"enemies":"Small Slimes","floor":1,"turns":3},{"damage":4,"enemies":"2 Louse","floor":4,"turns":2},{"damage":19,"enemies":"Replay:BlueRogue","floor":6,"turns":4},{"damage":52,"enemies":"Lagavulin","floor":8,"turns":4},{"damage":0,"enemies":"Jaw Worm","floor":10,"turns":1},{"damage":0,"enemies":"2 Fungi Beasts","floor":12,"turns":2},{"damage":0,"enemies":"3 Louse","floor":14,"turns":1},{"damage":0,"enemies":"Fading Forest","floor":16,"turns":11},{"damage":0,"enemies":"Shell Parasite","floor":18,"turns":1},{"damage":0,"enemies":"Spheric Guardian","floor":20,"turns":3},{"damage":36,"enemies":"Book of Stabbing","floor":24,"turns":3},{"damage":0,"enemies":"Shelled Parasite and Fungi","floor":27,"turns":1},{"damage":18,"enemies":"Snecko","floor":29,"turns":3},{"damage":24,"enemies":"Snake Plant","floor":31,"turns":3},{"damage":17,"enemies":"Collector","floor":33,"turns":6},{"damage":19,"enemies":"3 Shapes","floor":35,"turns":2},{"damage":0,"enemies":"3 Darklings","floor":39,"turns":2},{"damage":5,"enemies":"R_Hoarder","floor":42,"turns":6},{"damage":114,"enemies":"Giant Head","floor":45,"turns":9},{"damage":1,"enemies":"Transient","floor":47,"turns":5},{"damage":14,"enemies":"4 Shapes","floor":48,"turns":1},{"damage":66,"enemies":"Time Eater","floor":50,"turns":11}],"seed_played":"5293431896584931143","potions_obtained":[{"floor":1,"key":"SteroidPotion"},{"floor":8,"key":"SteroidPotion"},{"floor":10,"key":"Swift Potion"},{"floor":18,"key":"SpeedPotion"},{"floor":31,"key":"Fruit Juice"},{"floor":33,"key":"testmod-SpacePotion"},{"floor":35,"key":"SteroidPotion"},{"floor":39,"key":"SpeedPotion"},{"floor":47,"key":"ColorlessPotion"}],"is_trial":false,"path_per_floor":["M","?","?","M","$","E","R","E","T","M","?","M","$","M","R","B",null,"M","?","M","?","?","R","E","R","T","M","?","M","R","M","R","B",null,"M","?","$","?","M","R","$","E","T","R","E","R","M","M","R","B",null],"character_chosen":"WATCHER","items_purchased":["AT_OneInchPunch","ReplayTheSpireMod:ShopPack","Dramatic Entrance","testmod-Superconductor","Replay:BluntJabs","Pondfish Scales","Trip"],"campfire_rested":6,"item_purchase_floors":[5,13,13,34,37,37,37],"current_hp_per_floor":[65,70,67,63,63,44,76,24,24,24,24,24,24,24,56,64,96,96,90,90,90,90,90,54,54,54,54,54,36,68,49,82,65,97,78,78,78,78,78,108,108,108,108,108,10,45,71,89,89,62],"gold":322,"neow_bonus":"ONE_RANDOM_RARE_CARD","is_daily":false,"chose_seed":false,"campfire_upgraded":4,"win_rate":0.0,"timestamp":1613473687,"path_taken":["M","?","?","M","$","E","R","E","T","M","?","M","$","M","R","BOSS","M","?","M","?","?","R","E","R","T","M","?","M","R","M","R","BOSS","M","?","$","?","M","R","$","E","T","R","E","R","M","?","R","BOSS"],"items_purchased_type":["Card","Relic","Card","Card","Card","Relic","Card"],"build_version":"2020-12-22","purchased_purges":1,"victory":true,"max_hp_per_floor":[72,77,77,107,107,107,107,107,107,107,107,107,107,107,107,107,107,107,107,107,107,107,107,107,107,107,107,107,107,107,112,112,112,108,108,108,108,108,108,108,108,108,108,108,118,118,118,118,118,118],"card_choices":[{"not_picked":["Replay:ManipulateFuture","JustLucky"],"picked":"Consecrate","floor":1},{"not_picked":["Replay:Vibes","PathToVictory"],"picked":"Bomb","floor":4},{"not_picked":["CarveReality","Replay:Cycle"],"picked":"Alpha","floor":6},{"not_picked":["Evaluate","Halt"],"picked":"Sanctity","floor":6},{"not_picked":["CutThroughFate","Replay:Anticipation"],"picked":"JustLucky","floor":6},{"not_picked":["Wallop","Swivel"],"picked":"Consecrate","floor":6},{"not_picked":["Replay:AtTheReady","CrushJoints"],"picked":"FearNoEvil","floor":8},{"not_picked":["Consecrate","Replay:AllIn"],"picked":"BattleHymn","floor":10},{"not_picked":["Replay:AtTheReady","MentalFortress"],"picked":"EmptyFist","floor":10},{"not_picked":["EmptyBody","ForeignInfluence"],"picked":"Weave","floor":12},{"not_picked":["Replay:Vibes","Replay:Anticipation"],"picked":"Protect","floor":12},{"not_picked":["Crow Ritual","Magnetism"],"picked":"AT_FamilyPortrait","floor":13},{"not_picked":["testmod-ChaoticCore","Bomb"],"picked":"DoctorFetus","floor":13},{"not_picked":["Midas Touch","Replay:Sssssssssshield"],"picked":"testmod-ConditionedReflex","floor":13},{"not_picked":["FlurryOfBlows","Evaluate"],"picked":"Prostrate","floor":14},{"not_picked":["FearNoEvil","Pray","Replay:ManipulateFuture"],"picked":"SKIP","floor":14},{"not_picked":["ConjureBlade","Replay:AllIn"],"picked":"Ragnarok","floor":16},{"not_picked":["SashWhip","Replay:ManipulateFuture"],"picked":"BowlingBash+1","floor":18},{"not_picked":["WaveOfTheHand","ClearTheMind"],"picked":"SandsOfTime","floor":18},{"not_picked":["MentalFortress","EmptyBody"],"picked":"Consecrate+1","floor":20},{"not_picked":["AT_SoftenMuscles","ReachHeaven"],"picked":"FlurryOfBlows","floor":20},{"not_picked":["AT_RealColorLess","Vengeance"],"picked":"FlurryOfBlows","floor":24},{"not_picked":["Pray","EmptyBody+1"],"picked":"CrushJoints","floor":27},{"not_picked":["InnerPeace","CrushJoints"],"picked":"WindmillStrike","floor":27},{"not_picked":["Swivel","FollowUp"],"picked":"Nirvana","floor":29},{"not_picked":["ThirdEye+1","AT_DivineConfetti"],"picked":"Adaptation","floor":29},{"not_picked":["EmptyBody+1","Halt+1"],"picked":"InnerPeace","floor":31},{"not_picked":["Evaluate","EmptyMind"],"picked":"BattleHymn","floor":31},{"not_picked":["AT_IrregularMenstruation","ConjureBlade"],"picked":"DevaForm","floor":33},{"not_picked":["SashWhip","ThirdEye"],"picked":"CrushJoints+1","floor":35},{"not_picked":["FollowUp+1","FlurryOfBlows"],"picked":"Consecrate+1","floor":35},{"not_picked":["EmptyBody+1","Replay:ManipulateFuture+1"],"picked":"Conclude","floor":36},{"not_picked":["WreathOfFlame","Replay:Cycle+1"],"picked":"Crescendo","floor":39},{"not_picked":["AT_RealFormLess+1","Collect+1"],"picked":"Replay:DivineShield","floor":39},{"not_picked":["JustLucky+1","AT_RealColorLess"],"picked":"Consecrate+1","floor":40},{"not_picked":["Protect","Crescendo+1"],"picked":"FlurryOfBlows+1","floor":42},{"not_picked":["Protect","SignatureMove+1"],"picked":"AT_OneInchPunch","floor":45},{"not_picked":["Conclude+1","Wallop+1"],"picked":"MentalFortress+1","floor":46},{"not_picked":["Protect","JustLucky+1"],"picked":"BowlingBash","floor":47},{"not_picked":["SandsOfTime+1","FlurryOfBlows"],"picked":"FlyingSleeves+1","floor":47},{"not_picked":["EmptyBody","Consecrate"],"picked":"Pray+1","floor":48},{"not_picked":["EmptyBody","SashWhip"],"picked":"Wireheading+1","floor":48}],"player_experience":767199,"relics_obtained":[{"floor":1,"key":"Baka"},{"floor":6,"key":"reliquary:Sod"},{"floor":8,"key":"reliquary:IvoryTrinket"},{"floor":9,"key":"PreservedInsect"},{"floor":24,"key":"Incense Burner"},{"floor":26,"key":"Turnip"},{"floor":36,"key":"Dead Branch"},{"floor":39,"key":"Baka2"},{"floor":42,"key":"Bag of Marbles"},{"floor":43,"key":"testmod-Antiphasic"},{"floor":45,"key":"Meat on the Bone"}],"event_choices":[{"damage_healed":0,"gold_gain":0,"player_choice":"Donut","damage_taken":0,"max_hp_gain":5,"max_hp_loss":0,"event_name":"Big Fish","floor":2,"gold_loss":0},{"damage_healed":0,"gold_gain":0,"player_choice":"Success","damage_taken":3,"relics_obtained":["MagicDraw4"],"max_hp_gain":0,"max_hp_loss":0,"event_name":"Scrap Ooze","floor":3,"gold_loss":0},{"damage_healed":0,"gold_gain":0,"player_choice":"Take Wound","damage_taken":0,"relics_obtained":["Golden Idol"],"max_hp_gain":0,"max_hp_loss":0,"event_name":"Golden Idol","floor":11,"gold_loss":0,"cards_obtained":["Injury"]},{"damage_healed":0,"gold_gain":0,"player_choice":"Joined the Cult","damage_taken":6,"max_hp_gain":0,"max_hp_loss":0,"event_name":"Nest","floor":19,"gold_loss":0,"cards_obtained":["RitualDagger"]},{"damage_healed":0,"gold_gain":0,"player_choice":"Choice 2","damage_taken":0,"relics_obtained":["alterego_mod:SomeoneToFightFor"],"max_hp_gain":0,"max_hp_loss":0,"event_name":"爱的神圣花园","floor":21,"gold_loss":0},{"damage_healed":0,"gold_gain":0,"cards_transformed":["Strike_P"],"player_choice":"Transformed","damage_taken":0,"max_hp_gain":0,"max_hp_loss":0,"event_name":"Transmorgrifier","floor":28,"gold_loss":0,"cards_obtained":["CarveReality"]},{"damage_healed":0,"gold_gain":0,"player_choice":"Paid Gold","damage_taken":0,"relics_obtained":["Dream Catcher"],"max_hp_gain":0,"max_hp_loss":0,"event_name":"WeMeetAgain","floor":38,"gold_loss":54}],"is_beta":false,"boss_relics":[{"not_picked":["VioletLotus","Fusion Hammer"],"picked":"Replay:Ancient Bell"},{"not_picked":[]},{"not_picked":["reliquary:SharkskinSheath","Art of War"],"picked":"Toy Ornithopter"},{"not_picked":["reliquary:SharkskinSheath","Art of War"],"picked":"Toy Ornithopter"},{"not_picked":[]}],"items_purged_floors":[37],"is_endless":false,"potions_floor_spawned":[1,8,10,16,18,31,33,35,39,47],"ascension_level":9}}