{"host":"gnfs9pc52tj5b2xa","time":1613471022,"event":{"mods":["BaseMod","Minty Spire (QoL Compilation)","Relic Sorter","Relic Stats","Slay the Relics Exporter","ojb\u0027s Better Paths Mod","ojb\u0027s Info Mod"],"gold_per_floor":[119,139,139,139,139,164,183,203,251,296,318,363,375,413,425,437,437],"floor_reached":16,"language":"ENG","playtime":820,"items_purged":[],"score":260,"play_id":"75045616-25bb-4d8c-9c90-4d57035ad57a","local_time":"20210216022342","is_ascension_mode":true,"campfire_choices":[{"data":"Armaments","floor":13.0,"key":"SMITH"},{"data":"Uppercut","floor":15.0,"key":"SMITH"}],"circlet_count":0,"master_deck":["AscendersBane","Strike_R","Strike_R","Strike_R","Strike_R","Defend_R","Defend_R","Defend_R","Defend_R","Bash","Uppercut+1","Headbutt","Clothesline","Flame Barrier","Armaments+1","Shrug It Off","Double Tap"],"relics":["Burning Blood","Shuriken","MawBank","Blood Vial","Bottled Lightning","MealTicket"],"acts_visited":["Exordium"],"potions_floor_usage":[],"damage_taken":[{"damage":5.0,"enemies":"Small Slimes","floor":1.0,"turns":3.0},{"damage":8.0,"enemies":"2 Louse","floor":2.0,"turns":2.0},{"damage":26.0,"enemies":"Gremlin Nob","floor":6.0,"turns":4.0},{"damage":1.0,"enemies":"Cultist","floor":7.0,"turns":3.0},{"damage":21.0,"enemies":"Large Slime","floor":8.0,"turns":6.0},{"damage":17.0,"enemies":"Lagavulin","floor":10.0,"turns":8.0},{"damage":14.0,"enemies":"Lots of Slimes","floor":11.0,"turns":5.0},{"damage":9.0,"enemies":"Gremlin Nob","floor":12.0,"turns":3.0},{"damage":20.0,"enemies":"Lagavulin","floor":14.0,"turns":10.0},{"damage":27,"enemies":"Hexaghost","floor":16,"turns":9}],"seed_played":"-395531523318454781","potions_obtained":[{"floor":2.0,"key":"Swift Potion"},{"floor":7.0,"key":"PowerPotion"},{"floor":11.0,"key":"PowerPotion"},{"floor":12.0,"key":"BloodPotion"}],"is_trial":false,"path_per_floor":["M","M","?","$","?","E","M","M","T","E","M","E","R","E","R","B"],"character_chosen":"IRONCLAD","items_purchased":[],"campfire_rested":0,"item_purchase_floors":[],"current_hp_per_floor":[69,67,67,67,67,47,52,37,37,26,20,19,19,22,22,0,0],"gold":437,"neow_bonus":"THREE_CARDS","is_daily":false,"chose_seed":false,"campfire_upgraded":2,"win_rate":0.0,"timestamp":1613471022,"path_taken":["M","M","?","$","?","E","M","M","T","E","?","E","R","E","R","BOSS"],"items_purchased_type":[],"build_version":"2020-12-22","purchased_purges":0,"victory":false,"max_hp_per_floor":[75,75,75,75,75,75,75,75,75,75,75,75,75,75,75,75,75],"relic_stats":{"Blood Vial":8,"counters":[10,53],"Shuriken":[4],"MealTicket":0,"MawBank":84,"obtain_stats":[{"Blood Vial":10,"Shuriken":6,"MealTicket":14,"Bottled Lightning":12,"MawBank":9,"Burning Blood":0},{"Blood Vial":6,"Shuriken":3,"MealTicket":9,"Bottled Lightning":8,"MawBank":5,"Burning Blood":0},{"Blood Vial":26,"Shuriken":9,"MealTicket":44,"Bottled Lightning":34,"MawBank":18,"Burning Blood":0}],"Burning Blood":54},"card_choices":[{"not_picked":["Spot Weakness","Metallicize"],"picked":"Uppercut","floor":0.0},{"not_picked":["Body Slam","Dual Wield"],"picked":"Headbutt","floor":1.0},{"not_picked":["Metallicize","Heavy Blade"],"picked":"Clothesline","floor":2.0},{"not_picked":["Twin Strike","Sentinel"],"picked":"Flame Barrier","floor":6.0},{"not_picked":["Uppercut","Perfected Strike"],"picked":"Armaments","floor":7.0},{"not_picked":["Clash","Clothesline","Sentinel"],"picked":"SKIP","floor":8.0},{"not_picked":["True Grit","Heavy Blade","Wild Strike"],"picked":"SKIP","floor":10.0},{"not_picked":["Wild Strike","Dual Wield"],"picked":"Shrug It Off","floor":11.0},{"not_picked":["Pommel Strike","Armaments","Flex"],"picked":"SKIP","floor":12.0},{"not_picked":["Rupture","Havoc"],"picked":"Double Tap","floor":14.0}],"player_experience":1316298,"relics_obtained":[{"floor":6.0,"key":"Shuriken"},{"floor":9.0,"key":"MawBank"},{"floor":10.0,"key":"Blood Vial"},{"floor":12.0,"key":"Bottled Lightning"},{"floor":14.0,"key":"MealTicket"}],"event_choices":[{"damage_healed":0.0,"max_hp_gain":0.0,"max_hp_loss":0.0,"gold_gain":0.0,"event_name":"The Cleric","player_choice":"Leave","floor":3.0,"gold_loss":0.0,"damage_taken":0.0},{"cards_removed":["Strike_R"],"damage_healed":0.0,"max_hp_gain":0.0,"max_hp_loss":0.0,"gold_gain":0.0,"event_name":"Purifier","player_choice":"Purged","floor":5.0,"gold_loss":0.0,"damage_taken":0.0}],"is_beta":false,"boss_relics":[],"items_purged_floors":[],"is_endless":false,"potions_floor_spawned":[2,7,11,12],"killed_by":"Hexaghost","ascension_level":20}}