{"host":"ssceekdvsvld625r","time":1613511686,"event":{"mods":["AchievementEnabler","BaseMod","Better Third Choice","Block Reminder","Colored Map","Colored Powertips","Highlight Path","Minty Spire (QoL Compilation)","Permanent Neow","Quick Restart","Rare Cards Sparkle","Relic Stats","Shop Mod","StSLib"],"gold_per_floor":[109,82,45,45,45,45,83,83,83,101,135,205,228,243,243,363,363,381,381,395,87,87,87,120,120,120,120,153,153,165,165,165,264,264,284,284,334,334,349,349,359,359,359,359,371,388,7,7,7,7],"floor_reached":51,"language":"ENG","playtime":2994,"items_purged":["Defend_B+1","Parasite"],"score":798,"play_id":"a0abb61b-9953-42ea-a3e4-9d63ebd6411d","local_time":"20210216144126","is_ascension_mode":true,"campfire_choices":[{"data":"Static Discharge","floor":6,"key":"SMITH"},{"data":"Zap","floor":15,"key":"SMITH"},{"data":"Defragment","floor":23,"key":"SMITH"},{"data":"Defragment","floor":25,"key":"SMITH"},{"data":"Static Discharge","floor":27,"key":"SMITH"},{"data":"Capacitor","floor":32,"key":"SMITH"},{"data":"Redo","floor":40,"key":"SMITH"},{"data":"Electrodynamics","floor":42,"key":"SMITH"},{"data":"BootSequence","floor":44,"key":"SMITH"},{"data":"Defragment","floor":49,"key":"SMITH"}],"circlet_count":0,"master_deck":["Strike_B+1","Strike_B+1","Strike_B+1","Strike_B+1","Defend_B+1","Defend_B+1","Defend_B+1","Zap+1","Dualcast+1","Static Discharge+1","Defragment+1","Static Discharge+1","BootSequence+1","All For One","Ball Lightning","Defragment+1","Electrodynamics+1","CurseOfTheBell","Ball Lightning","White Noise+1","Capacitor+1","Genetic Algorithm+1","Ball Lightning","Redo+1","Creative AI+1","Ball Lightning","Loop+1","Defragment+1","Zap"],"relics":["Cracked Core","NeowsBlessing","betterThird:SlimedRelic","Bloody Idol","HornCleat","Gremlin Horn","Boot","Smiling Mask","Calling Bell","Bronze Scales","Shuriken","Mango","War Paint","MealTicket","Mummified Hand","Nunchaku","FossilizedHelix","Ginger","Ancient Tea Set","ClockworkSouvenir"],"acts_visited":["Exordium","TheCity","TheBeyond"],"potions_floor_usage":[33,33,39,50,50,50,50,50],"damage_taken":[{"damage":0,"enemies":"Cultist","floor":1,"turns":1},{"damage":0,"enemies":"3 Sentries","floor":7,"turns":1},{"damage":0,"enemies":"Jaw Worm","floor":10,"turns":1},{"damage":12,"enemies":"Gremlin Nob","floor":11,"turns":3},{"damage":8,"enemies":"3 Sentries","floor":12,"turns":6},{"damage":0,"enemies":"Small Slimes","floor":13,"turns":3},{"damage":0,"enemies":"3 Louse","floor":14,"turns":3},{"damage":15,"enemies":"Hexaghost","floor":16,"turns":6},{"damage":0,"enemies":"3 Byrds","floor":18,"turns":3},{"damage":26,"enemies":"Shell Parasite","floor":20,"turns":5},{"damage":21,"enemies":"Book of Stabbing","floor":24,"turns":4},{"damage":0,"enemies":"Gremlin Leader","floor":28,"turns":4},{"damage":3,"enemies":"Snake Plant","floor":30,"turns":3},{"damage":17,"enemies":"Collector","floor":33,"turns":5},{"damage":8,"enemies":"3 Darklings","floor":35,"turns":3},{"damage":0,"enemies":"Mind Bloom Boss Battle","floor":37,"turns":5},{"damage":0,"enemies":"Orb Walker","floor":39,"turns":3},{"damage":10,"enemies":"Writhing Mass","floor":41,"turns":4},{"damage":8,"enemies":"Maw","floor":45,"turns":5},{"damage":21,"enemies":"Sphere and 2 Shapes","floor":46,"turns":4},{"damage":56,"enemies":"Time Eater","floor":50,"turns":7}],"seed_played":"7758801682017447234","potions_obtained":[{"floor":1,"key":"Dexterity Potion"},{"floor":13,"key":"SkillPotion"},{"floor":14,"key":"SkillPotion"},{"floor":28,"key":"Explosive Potion"},{"floor":30,"key":"EntropicBrew"},{"floor":33,"key":"Strength Potion"},{"floor":39,"key":"Fruit Juice"},{"floor":41,"key":"Strength Potion"},{"floor":45,"key":"Block Potion"}],"is_trial":false,"path_per_floor":["M","?","$","?","$","R","E","?","T","M","E","?","M","M","R","B",null,"M","?","M","$","?","R","E","R","T","R","E","?","M","?","R","B",null,"M","?","?","?","M","R","M","R","T","R","M","M","$","?","R","B",null],"character_chosen":"DEFECT","items_purchased":["Defragment","White Noise","War Paint","Capacitor","Ancient Tea Set","ClockworkSouvenir","Defragment"],"campfire_rested":0,"item_purchase_floors":[3,21,21,21,47,47,47],"current_hp_per_floor":[75,64,64,64,64,64,64,64,64,64,52,44,44,44,44,29,83,83,83,57,57,57,57,41,41,41,41,46,46,48,48,48,36,83,80,79,79,79,84,84,79,79,79,79,76,60,75,75,75,19],"gold":7,"neow_bonus":"THREE_ENEMY_KILL","is_daily":false,"chose_seed":false,"campfire_upgraded":10,"win_rate":0.0,"timestamp":1613511686,"path_taken":["M","?","$","?","$","R","E","?","T","M","E","?","?","M","R","BOSS","M","?","M","$","?","R","E","R","T","R","E","?","?","?","R","BOSS","M","?","?","?","M","R","M","R","T","R","?","?","?","?","R","BOSS"],"items_purchased_type":["Card","Card","Relic","Card","Relic","Relic","Card"],"build_version":"2020-12-22","purchased_purges":2,"victory":true,"max_hp_per_floor":[75,75,75,69,69,69,69,69,69,69,69,69,69,69,69,69,83,83,83,83,83,83,83,83,83,83,83,83,83,83,83,83,83,83,83,79,79,79,84,84,84,84,84,84,84,84,81,81,81,81],"relic_stats":{"Gremlin Horn":[16,16],"counters":[21,79],"Ginger":[4],"War Paint":["Dualcast","White Noise"],"Boot":[10],"Smiling Mask":75,"Nunchaku":[4],"Shuriken":[2],"Mummified Hand":[93],"Bloody Idol":40,"Bronze Scales":[180],"MealTicket":15,"obtain_stats":[{"NeowsBlessing":0,"Gremlin Horn":9,"Golden Idol":4,"Mango":17,"Ginger":43,"War Paint":21,"Boot":11,"Smiling Mask":12,"Ancient Tea Set":47,"ClockworkSouvenir":47,"Calling Bell":17,"Nunchaku":28,"HornCleat":7,"Shuriken":17,"Mummified Hand":26,"betterThird:SlimedRelic":2,"Bronze Scales":17,"Bloody Idol":22,"MealTicket":24,"Cracked Core":0,"FossilizedHelix":37},{"NeowsBlessing":0,"Gremlin Horn":2,"Golden Idol":1,"Mango":8,"Ginger":18,"War Paint":10,"Boot":4,"Smiling Mask":4,"Ancient Tea Set":20,"ClockworkSouvenir":20,"Calling Bell":8,"Nunchaku":12,"HornCleat":2,"Shuriken":8,"Mummified Hand":11,"betterThird:SlimedRelic":1,"Bronze Scales":8,"Bloody Idol":10,"MealTicket":11,"Cracked Core":0,"FossilizedHelix":16},{"NeowsBlessing":0,"Gremlin Horn":2,"Golden Idol":1,"Mango":24,"Ginger":63,"War Paint":32,"Boot":6,"Smiling Mask":6,"Ancient Tea Set":72,"ClockworkSouvenir":72,"Calling Bell":24,"Nunchaku":40,"HornCleat":2,"Shuriken":24,"Mummified Hand":36,"betterThird:SlimedRelic":1,"Bronze Scales":24,"Bloody Idol":32,"MealTicket":36,"Cracked Core":0,"FossilizedHelix":56}]},"card_choices":[{"not_picked":["Turbo","Compile Driver"],"picked":"Static Discharge","floor":1},{"not_picked":["Hologram","Conserve Battery"],"picked":"Static Discharge","floor":7},{"not_picked":["Stack","Undo","Steam"],"picked":"SKIP","floor":10},{"not_picked":["Sweeping Beam","Barrage"],"picked":"BootSequence","floor":11},{"not_picked":["Streamline","Gash"],"picked":"All For One","floor":12},{"not_picked":["Hologram","Doom and Gloom"],"picked":"Ball Lightning","floor":13},{"not_picked":["Ball Lightning","Undo"],"picked":"Defragment","floor":14},{"not_picked":["Seek","Multi-Cast"],"picked":"Electrodynamics","floor":16},{"not_picked":["Turbo","Beam Cell"],"picked":"Ball Lightning","floor":18},{"not_picked":["Hologram+1","Turbo+1"],"picked":"Coolheaded+1","floor":20},{"not_picked":["Consume","Steam Power"],"picked":"Genetic Algorithm+1","floor":24},{"not_picked":["Rainbow","Leap"],"picked":"Ball Lightning","floor":28},{"not_picked":["Cold Snap","Gash+1"],"picked":"Redo","floor":30},{"not_picked":["All For One","Core Surge"],"picked":"Creative AI","floor":33},{"not_picked":["Rebound+1","Streamline+1","Melter+1"],"picked":"SKIP","floor":35},{"not_picked":["Barrage","Steam+1"],"picked":"Ball Lightning","floor":37},{"not_picked":["Steam","Aggregate","Sunder"],"picked":"SKIP","floor":39},{"not_picked":["Coolheaded+1","Turbo"],"picked":"Loop+1","floor":41},{"not_picked":["Coolheaded","Melter","Undo+1"],"picked":"SKIP","floor":45},{"not_picked":["Beam Cell","Ball Lightning","Barrage+1"],"picked":"SKIP","floor":46}],"player_experience":41265,"relics_obtained":[{"floor":7,"key":"HornCleat"},{"floor":9,"key":"Gremlin Horn"},{"floor":11,"key":"Boot"},{"floor":17,"key":"Bronze Scales"},{"floor":17,"key":"Shuriken"},{"floor":17,"key":"Mango"},{"floor":24,"key":"MealTicket"},{"floor":26,"key":"Mummified Hand"},{"floor":28,"key":"Nunchaku"},{"floor":37,"key":"FossilizedHelix"},{"floor":43,"key":"Ginger"}],"event_choices":[{"damage_healed":0,"gold_gain":0,"player_choice":"Slimed","damage_taken":11,"max_hp_gain":0,"max_hp_loss":0,"event_name":"betterThird:BetterGoop","floor":2,"gold_loss":27},{"damage_healed":0,"gold_gain":0,"player_choice":"Lose Max HP","damage_taken":0,"relics_obtained":["Golden Idol"],"max_hp_gain":0,"max_hp_loss":6,"event_name":"Golden Idol","floor":4,"gold_loss":0},{"damage_healed":0,"gold_gain":0,"player_choice":"Ignored","damage_taken":83,"max_hp_gain":0,"max_hp_loss":0,"event_name":"betterThird:BetterSerpent","floor":8,"gold_loss":0},{"damage_healed":0,"gold_gain":0,"player_choice":"Searched \u00272\u0027 times","damage_taken":0,"relics_obtained":["Smiling Mask"],"max_hp_gain":0,"max_hp_loss":0,"event_name":"Dead Adventurer","floor":12,"gold_loss":0},{"damage_healed":0,"gold_gain":0,"player_choice":"Simplicity","damage_taken":0,"max_hp_gain":0,"max_hp_loss":8,"event_name":"betterThird:BetterWriting","floor":19,"gold_loss":0},{"damage_healed":0,"gold_gain":0,"player_choice":"Gave Idol","damage_taken":0,"relics_obtained":["Bloody Idol"],"max_hp_gain":0,"max_hp_loss":0,"event_name":"Forgotten Altar","floor":22,"relics_lost":["Golden Idol"],"gold_loss":0},{"cards_removed":["Coolheaded"],"damage_healed":0,"gold_gain":0,"player_choice":"Card Removal","damage_taken":0,"max_hp_gain":0,"max_hp_loss":0,"event_name":"Wheel of Change","floor":29,"gold_loss":0},{"damage_healed":0,"gold_gain":0,"player_choice":"Ignored","damage_taken":0,"max_hp_gain":0,"max_hp_loss":0,"event_name":"Ghosts","floor":31,"gold_loss":0},{"damage_healed":0,"gold_gain":0,"player_choice":"Max HP","damage_taken":0,"max_hp_gain":0,"max_hp_loss":4,"event_name":"Winding Halls","floor":36,"gold_loss":0},{"damage_healed":0,"gold_gain":0,"player_choice":"Fight","damage_taken":0,"max_hp_gain":0,"max_hp_loss":0,"event_name":"MindBloom","floor":37,"gold_loss":0},{"damage_healed":0,"gold_gain":0,"player_choice":"Upgraded","damage_taken":0,"max_hp_gain":0,"max_hp_loss":0,"event_name":"Upgrade Shrine","floor":38,"gold_loss":0,"cards_upgraded":["Creative AI"]},{"damage_healed":0,"gold_gain":0,"player_choice":"1 cards matched","damage_taken":0,"max_hp_gain":0,"max_hp_loss":0,"event_name":"Match and Keep!","floor":48,"gold_loss":0,"cards_obtained":["Zap"]}],"is_beta":false,"boss_relics":[{"not_picked":["Astrolabe","SacredBark"],"picked":"Calling Bell"},{"not_picked":["Snecko Eye","Cursed Key","Empty Cage"]}],"items_purged_floors":[21,47],"is_endless":false,"potions_floor_spawned":[1,13,14,28,30,33,39,41,45],"ascension_level":1}}