{"host":"clcuy39u5sybassp","time":1613438179,"event":{"mods":["AchievementEnabler","BaseMod","Challenge The Spire","Lobotomy","LobotomyExtend","Minty Spire (QoL Compilation)","Quick Restart","Replay The Spire","StSLib"],"gold_per_floor":[111,111,131,148,70,70,98,98,98,128,128,128,141,141,141,242,242,260,276,294,305,305,305,305],"floor_reached":23,"language":"ZHS","playtime":711,"items_purged":[],"score":231,"play_id":"8a255003-662a-481b-9acb-5712b901cdde","local_time":"20210216091619","is_ascension_mode":true,"campfire_choices":[{"floor":6.0,"key":"RECALL"},{"floor":8.0,"key":"REST"},{"floor":12.0,"key":"REST"},{"floor":15.0,"key":"REST"}],"circlet_count":0,"master_deck":["Strike_R+1","Strike_R+1","Strike_R+1","Strike_R+1","Strike_R+1","Defend_R","Bash","CrumblingArmor","PunishingBird","Pommel Strike","Scorched","Rampage+1","OldLady","Perfected Strike","Immolate","CurseOfTheBell","UniverseFragment","Perfected Strike","GreedKing","Dark Embrace","True Grit"],"relics":["Burning Blood","CogitoBucket","LetterFromLob","Replay:Wax Seal","Divine Protection","The Courier","Red Skull","BackwardClock","Calling Bell","ReplayTheSpireMod:Spearhead","Replay:Bottled Eggs","Counterbalance","SkinProphecy"],"acts_visited":["Exordium","TheCity"],"potions_floor_usage":[],"damage_taken":[{"damage":6.0,"enemies":"2 Louse","floor":1.0,"turns":4.0},{"damage":10.0,"enemies":"Small Slimes","floor":3.0,"turns":3.0},{"damage":8.0,"enemies":"Cultist","floor":4.0,"turns":3.0},{"damage":39.0,"enemies":"Lagavulin","floor":7.0,"turns":5.0},{"damage":27.0,"enemies":"3 Sentries","floor":10.0,"turns":5.0},{"damage":13.0,"enemies":"Blue Slaver","floor":13.0,"turns":4.0},{"damage":70.0,"enemies":"Fading Forest","floor":16.0,"turns":11.0},{"damage":15.0,"enemies":"2 Thieves","floor":18.0,"turns":2.0},{"damage":22.0,"enemies":"Shell Parasite","floor":19.0,"turns":3.0},{"damage":37.0,"enemies":"Snake Plant","floor":20.0,"turns":3.0},{"damage":23.0,"enemies":"Sentry and Sphere","floor":21.0,"turns":5.0},{"damage":29,"enemies":"Book of Stabbing","floor":23,"turns":3}],"seed_played":"5227655548241128295","potions_obtained":[{"floor":4.0,"key":"FairyPotion"},{"floor":10.0,"key":"CultistPotion"},{"floor":19.0,"key":"Milkshake"}],"is_trial":false,"path_per_floor":["M","?","M","M","$","R","E","R","T","E","?","R","M","?","R","B",null,"M","M","M","M","?","E"],"character_chosen":"IRONCLAD","items_purchased":["Replay:Wax Seal"],"campfire_rested":3,"item_purchase_floors":[5],"current_hp_per_floor":[80,73,69,67,67,67,34,58,58,37,37,61,54,54,78,36,80,71,55,24,7,7,2,2],"gold":305,"neow_bonus":"","is_daily":false,"chose_seed":false,"campfire_upgraded":0,"win_rate":0.0,"timestamp":1613438179,"path_taken":["M","?","M","M","$","R","E","R","T","E","?","R","M","?","R","BOSS","M","M","M","M","?","E"],"items_purchased_type":["Relic"],"build_version":"2020-12-22","purchased_purges":0,"victory":false,"max_hp_per_floor":[80,80,80,80,80,80,80,80,80,80,80,80,80,80,80,80,80,80,80,80,80,80,82,82],"card_choices":[{"not_picked":["Bloodbath","SpiderBud"],"picked":"CrumblingArmor","floor":1.0},{"not_picked":["ReplayTheSpireMod:Stacked","Inflame","Thunderclap"],"picked":"SKIP","floor":1.0},{"not_picked":["BeautyBeast","WhiteNight","Alriune"],"picked":"Singing Bowl","floor":3.0},{"not_picked":["Bloodbath","MeatLantern"],"picked":"PunishingBird","floor":3.0},{"not_picked":["Feel No Pain","Spot Weakness"],"picked":"Pommel Strike","floor":3.0},{"not_picked":["QueenBee","Bloodbath","Murderer"],"picked":"Singing Bowl","floor":4.0},{"not_picked":["SpiderBud","FairyFestival"],"picked":"Scorched","floor":4.0},{"not_picked":["Intimidate","Sword Boomerang","Armaments"],"picked":"SKIP","floor":4.0},{"not_picked":["BigBird","HeroicMonk","MeatLantern"],"picked":"Singing Bowl","floor":7.0},{"not_picked":["Headbutt","Havoc"],"picked":"Rampage","floor":7.0},{"not_picked":["HappyTeddy","UniverseFragment","ShyLook"],"picked":"Singing Bowl","floor":10.0},{"not_picked":["MHz","Wellcheers"],"picked":"OldLady","floor":10.0},{"not_picked":["Ghostly Armor","Intimidate","ReplayTheSpireMod:Stacked"],"picked":"SKIP","floor":10.0},{"not_picked":["ShyLook","WhitesApple","OSAHOGD"],"picked":"Singing Bowl","floor":13.0},{"not_picked":["Wild Strike","Searing Blow"],"picked":"Perfected Strike","floor":13.0},{"not_picked":["WhitesApple","SpiderBud","NakedNest"],"picked":"Singing Bowl","floor":16.0},{"not_picked":["Demon Form","Brutality"],"picked":"Immolate","floor":16.0},{"not_picked":["Funeral","WallGazer","MHz"],"picked":"Singing Bowl","floor":18.0},{"not_picked":["Porccubus","FairyFestival"],"picked":"UniverseFragment","floor":18.0},{"not_picked":["Iron Wave","Abandon"],"picked":"Perfected Strike","floor":18.0},{"not_picked":["Alriune","Funeral","Laetitia"],"picked":"Singing Bowl","floor":19.0},{"not_picked":["Second Wind","ReplayTheSpireMod:Stacked","Dropkick+1"],"picked":"SKIP","floor":19.0},{"not_picked":["Wellcheers","BlackSwan"],"picked":"GreedKing","floor":20.0},{"not_picked":["Thunderclap","Havoc","Entrench"],"picked":"SKIP","floor":20.0},{"not_picked":["Variant","BigBird","MHz"],"picked":"Singing Bowl","floor":21.0},{"not_picked":["Warcry","Clash","Havoc"],"picked":"SKIP","floor":21.0}],"player_experience":191578,"relics_obtained":[{"floor":1.0,"key":"LetterFromLob"},{"floor":7.0,"key":"Divine Protection"},{"floor":9.0,"key":"The Courier"},{"floor":10.0,"key":"Red Skull"},{"floor":17.0,"key":"ReplayTheSpireMod:Spearhead"},{"floor":17.0,"key":"Replay:Bottled Eggs"},{"floor":17.0,"key":"Counterbalance"}],"event_choices":[{"cards_removed":["Defend_R"],"damage_healed":0.0,"max_hp_gain":0.0,"max_hp_loss":0.0,"gold_gain":0.0,"event_name":"Golden Wing","player_choice":"Card Removal","floor":2.0,"gold_loss":0.0,"damage_taken":7.0},{"damage_healed":0.0,"max_hp_gain":0.0,"max_hp_loss":0.0,"gold_gain":0.0,"event_name":"Accursed Blacksmith","player_choice":"Forge","floor":11.0,"gold_loss":0.0,"damage_taken":0.0,"cards_upgraded":["Rampage"]},{"damage_healed":0.0,"max_hp_gain":0.0,"max_hp_loss":0.0,"gold_gain":0.0,"cards_transformed":["Entrench","Defend_R"],"event_name":"Drug Dealer","player_choice":"Became Test Subject","floor":22.0,"gold_loss":0.0,"damage_taken":0.0,"cards_obtained":["Dark Embrace","True Grit"]}],"is_beta":false,"boss_relics":[{"not_picked":["Snecko Eye","Runic Pyramid"],"picked":"Calling Bell"}],"items_purged_floors":[],"is_endless":false,"potions_floor_spawned":[4,10,19,20],"killed_by":"Book of Stabbing","ascension_level":3}}