{"host":"2ty4h143nj8vwezc","time":1613449761,"event":{"mods":["BaseMod","Colored Map","Googly Eyes","Highlight Path","Minty Spire (QoL Compilation)","Quick Restart","StSLib"],"gold_per_floor":[113,128,54,65,65,90,104,104,104,129,129,140,16,32,32,129,129,143,159,159,159,52,78,78,78,78],"floor_reached":25,"language":"ENG","playtime":1073,"items_purged":["Regret"],"score":358,"play_id":"c8dcfa6d-713c-4bb2-96bb-24e86f989ea4","local_time":"20210215232921","is_ascension_mode":true,"campfire_choices":[{"floor":8.0,"key":"REST"},{"floor":11.0,"key":"REST"},{"data":"Sunder","floor":15.0,"key":"SMITH"},{"floor":24,"key":"REST"}],"circlet_count":0,"master_deck":["AscendersBane","Strike_B","Strike_B","Strike_B","Strike_B","Defend_B","Defend_B","Defend_B","Defend_B","Zap","Dualcast","BootSequence","Skim","Glacier","Sunder+1","Rebound","Beam Cell","Chill","Go for the Eyes","Streamline","Turbo","Electrodynamics","Beam Cell","Steam Power","Decay","Self Repair","FTL","Glacier"],"relics":["Cracked Core","NeowsBlessing","PreservedInsect","TungstenRod","Bottled Flame","Ice Cream","Black Star","Art of War","Gambling Chip"],"acts_visited":["Exordium","TheCity"],"potions_floor_usage":[23],"damage_taken":[{"damage":0.0,"enemies":"Cultist","floor":1.0,"turns":1.0},{"damage":0.0,"enemies":"Jaw Worm","floor":2.0,"turns":1.0},{"damage":0.0,"enemies":"2 Louse","floor":4.0,"turns":1.0},{"damage":28.0,"enemies":"3 Sentries","floor":6.0,"turns":6.0},{"damage":14.0,"enemies":"Exordium Thugs","floor":7.0,"turns":8.0},{"damage":29.0,"enemies":"Lagavulin","floor":10.0,"turns":6.0},{"damage":1.0,"enemies":"Large Slime","floor":12.0,"turns":5.0},{"damage":0.0,"enemies":"Lots of Slimes","floor":14.0,"turns":4.0},{"damage":34.0,"enemies":"The Guardian","floor":16.0,"turns":13.0},{"damage":11.0,"enemies":"2 Thieves","floor":18.0,"turns":3.0},{"damage":1.0,"enemies":"Chosen","floor":19.0,"turns":3.0},{"damage":34,"enemies":"Gremlin Leader","floor":23,"turns":8},{"damage":54,"enemies":"Book of Stabbing","floor":25,"turns":6}],"seed_played":"-7052233936252308033","potions_obtained":[{"floor":4.0,"key":"SteroidPotion"},{"floor":10.0,"key":"SpeedPotion"},{"floor":16.0,"key":"Dexterity Potion"}],"is_trial":false,"path_per_floor":["M","M","$","M","?","E","M","R","T","E","R","M","$","M","R","B",null,"M","M","?","?","$","E","R","E"],"character_chosen":"DEFECT","items_purchased":["Glacier","Streamline","Self Repair","FTL"],"campfire_rested":3,"item_purchase_floors":[3,13,22,22],"current_hp_per_floor":[68,68,68,68,68,40,26,48,48,19,41,40,40,40,40,6,58,47,46,46,46,46,19,41,0,0],"gold":78,"neow_bonus":"THREE_ENEMY_KILL","is_daily":false,"chose_seed":false,"campfire_upgraded":1,"win_rate":0.0,"timestamp":1613449761,"path_taken":["M","M","$","M","?","E","M","R","T","E","R","M","$","M","R","BOSS","M","M","?","?","$","E","R","E"],"items_purchased_type":["Card","Card","Card","Card"],"build_version":"2020-12-22","purchased_purges":1,"victory":false,"max_hp_per_floor":[75,75,75,75,75,75,75,75,75,75,75,75,75,75,75,75,75,75,75,75,75,75,75,75,75,75],"card_choices":[{"not_picked":["Ball Lightning","Barrage"],"picked":"BootSequence","floor":1.0},{"not_picked":["Barrage","Redo"],"picked":"Skim","floor":2.0},{"not_picked":["Force Field","Sweeping Beam"],"picked":"Sunder","floor":4.0},{"not_picked":["Steam","Consume"],"picked":"Rebound","floor":6.0},{"not_picked":["Recycle","Darkness"],"picked":"Beam Cell","floor":7.0},{"not_picked":["Leap","Ball Lightning"],"picked":"Chill","floor":10.0},{"not_picked":["Stack","Lockon"],"picked":"Go for the Eyes","floor":12.0},{"not_picked":["Redo","Rebound"],"picked":"Turbo","floor":14.0},{"not_picked":["Thunder Strike","Seek"],"picked":"Electrodynamics","floor":16.0},{"not_picked":["Fusion","Chaos"],"picked":"Beam Cell","floor":18.0},{"not_picked":["Steam","Sweeping Beam"],"picked":"Steam Power","floor":19.0},{"not_picked":["Static Discharge","Turbo"],"picked":"Glacier","floor":23}],"player_experience":428961,"relics_obtained":[{"floor":6.0,"key":"TungstenRod"},{"floor":9.0,"key":"Bottled Flame"},{"floor":10.0,"key":"Ice Cream"},{"floor":23,"key":"Art of War"},{"floor":23,"key":"Gambling Chip"}],"event_choices":[{"damage_healed":0.0,"max_hp_gain":0.0,"max_hp_loss":0.0,"gold_gain":0.0,"event_name":"Big Fish","player_choice":"Box","floor":5.0,"gold_loss":0.0,"damage_taken":0.0,"relics_obtained":["PreservedInsect"],"cards_obtained":["Regret"]},{"damage_healed":0.0,"max_hp_gain":0.0,"max_hp_loss":0.0,"gold_gain":0.0,"event_name":"Cursed Tome","player_choice":"Ignored","floor":20.0,"gold_loss":0.0,"damage_taken":0.0},{"damage_healed":0.0,"max_hp_gain":0.0,"max_hp_loss":0.0,"gold_gain":0.0,"event_name":"Forgotten Altar","player_choice":"Smashed Altar","floor":21.0,"gold_loss":0.0,"damage_taken":0.0,"cards_obtained":["Decay"]}],"is_beta":false,"boss_relics":[{"not_picked":["Calling Bell","Sozu"],"picked":"Black Star"}],"items_purged_floors":[13],"is_endless":false,"potions_floor_spawned":[4,10,12,14,16],"killed_by":"Book of Stabbing","ascension_level":11}}