{"host":"1agqffaqtx5s6ju2","time":1613488800,"event":{"mods":["Aspiration","BaseMod","Better Third Choice","Block Reminder","Colored Map","Colored Powertips","Downfall","Highlight Path","Infinite Spire","Minty Spire (QoL Compilation)","Permanent Neow","Rare Cards Sparkle","Relic Sorter","Relic Stats","StSLib","SuperFastMode"],"gold_per_floor":[118,43,59,59,71,105,122,153,178,194,194,214,19,47,47,142,142,142,142,142,142,142,142,142,142,142],"floor_reached":25,"language":"ENG","playtime":1570,"items_purged":["Strike_G","Defend_G"],"score":253,"play_id":"6eced407-c475-4600-a319-dd644a483e62","local_time":"20210216172000","is_ascension_mode":true,"campfire_choices":[{"data":"Prepared","floor":11,"key":"SMITH"},{"data":"Neutralize","floor":15,"key":"SMITH"},{"data":"Prepared","floor":24,"key":"SMITH"}],"circlet_count":0,"master_deck":["Strike_G+1","Strike_G+1","Strike_G","Defend_G","Defend_G","Defend_G","Defend_G","Survivor","Neutralize+1","Flying Knee","Backstab","Prepared+1","Calculated Gamble","Dagger Spray","Blade Dance","Eviscerate","Bullet Time","Dash","Dagger Throw","Prepared+1"],"relics":["Ring of the Snake","Incense Burner","Omamori","Nunchaku","Torii","aspiration:RitualStick","Juzu Bracelet","Strawberry","Whetstone","Darkstone Periapt","Peace Pipe","Ectoplasm"],"acts_visited":["Exordium","TheCity"],"potions_floor_usage":[6,8,14,16,16,21,23],"damage_taken":[{"damage":0.0,"enemies":"2 Louse","floor":1.0,"turns":4.0},{"damage":0.0,"enemies":"Cultist","floor":3.0,"turns":3.0},{"damage":2.0,"enemies":"Small Slimes","floor":5.0,"turns":4.0},{"damage":15,"enemies":"Gremlin Nob","floor":6,"turns":4},{"damage":10,"enemies":"Exordium Thugs","floor":7,"turns":5},{"damage":3,"enemies":"Lagavulin","floor":8,"turns":8},{"damage":0,"enemies":"Blue Slaver","floor":10,"turns":3},{"damage":1,"enemies":"Red Slaver","floor":12,"turns":2},{"damage":5,"enemies":"Gremlin Nob","floor":14,"turns":4},{"damage":30,"enemies":"Slime Boss","floor":16,"turns":12},{"damage":2,"enemies":"Chosen","floor":18,"turns":4},{"damage":17,"enemies":"Spheric Guardian","floor":21,"turns":4},{"damage":2,"enemies":"Book of Stabbing","floor":23,"turns":4},{"damage":49,"enemies":"Gremlin Leader","floor":25,"turns":6}],"seed_played":"3218449093603463308","potions_obtained":[{"floor":1.0,"key":"EssenceOfSteel"},{"floor":5.0,"key":"SteroidPotion"},{"floor":8,"key":"SpeedPotion"},{"floor":12,"key":"Block Potion"},{"floor":14,"key":"SkillPotion"},{"floor":16,"key":"hexamod:SoulburnPotion"},{"floor":21,"key":"Guardian:BlockOnCardUsePotion"}],"is_trial":false,"path_per_floor":["M","$","M","?","M","E","M","E","T","M","R","M","$","E","R","B",null,"M","?","?","M","AVR","E","R","E"],"character_chosen":"THE_SILENT","items_purchased":["Omamori","Blade Dance"],"campfire_rested":0,"item_purchase_floors":[13,13],"current_hp_per_floor":[70,70,70,70,68,53,43,40,40,40,40,39,39,34,34,4,70,68,75,60,43,43,41,41,0,0],"gold":142,"neow_bonus":"RANDOM_COMMON_RELIC","is_daily":false,"chose_seed":false,"campfire_upgraded":3,"win_rate":0.0,"timestamp":1613488800,"path_taken":["M","$","M","?","?","E","M","E","T","M","R","M","$","E","R","BOSS","M","?","?","M","AVR","E","R","E"],"items_purchased_type":["Relic","Card"],"build_version":"2020-12-13","purchased_purges":2,"victory":false,"max_hp_per_floor":[70,70,70,70,70,70,70,70,70,70,70,70,70,70,70,70,70,70,77,77,77,77,77,77,77,77],"relic_stats":{"Darkstone Periapt":0,"Peace Pipe":0,"Nunchaku":[13],"Torii":0,"counters":[14,67],"Ectoplasm":65,"Juzu Bracelet":0,"Whetstone":["Strike_G","Strike_G"],"obtain_stats":[{"Darkstone Periapt":6,"Peace Pipe":14,"Nunchaku":9,"Torii":23,"Strawberry":19,"Ectoplasm":17,"Juzu Bracelet":8,"Omamori":13,"Incense Burner":22,"Whetstone":0,"aspiration:RitualStick":20,"Ring of the Snake":0},{"Darkstone Periapt":4,"Peace Pipe":9,"Nunchaku":6,"Torii":13,"Strawberry":11,"Ectoplasm":10,"Juzu Bracelet":6,"Omamori":8,"Incense Burner":12,"Whetstone":0,"aspiration:RitualStick":11,"Ring of the Snake":0},{"Darkstone Periapt":15,"Peace Pipe":37,"Nunchaku":28,"Torii":61,"Strawberry":53,"Ectoplasm":49,"Juzu Bracelet":28,"Omamori":33,"Incense Burner":57,"Whetstone":0,"aspiration:RitualStick":53,"Ring of the Snake":0}],"aspiration:RitualStick":[0],"Ring of the Snake":[28]},"card_choices":[{"not_picked":["Bane","Outmaneuver"],"picked":"Flying Knee","floor":1.0},{"not_picked":["Deadly Poison","Slice"],"picked":"Backstab","floor":3.0},{"not_picked":["After Image","Outmaneuver"],"picked":"Prepared","floor":5.0},{"not_picked":["Sucker Punch","Deflect","Flechettes"],"picked":"SKIP","floor":6},{"not_picked":["PiercingWail","Bane","Deflect"],"picked":"SKIP","floor":7},{"not_picked":["Predator","Acrobatics","Outmaneuver"],"picked":"SKIP","floor":8},{"not_picked":["Outmaneuver","Dodge and Roll"],"picked":"Calculated Gamble","floor":10},{"not_picked":["PiercingWail","Well Laid Plans"],"picked":"Dagger Spray","floor":12},{"not_picked":["Underhanded Strike","All Out Attack"],"picked":"Eviscerate","floor":14},{"not_picked":["Malaise","Wraith Form v2"],"picked":"Bullet Time","floor":16},{"not_picked":["Distraction","Deadly Poison"],"picked":"Dash","floor":18},{"not_picked":["Sucker Punch","A Thousand Cuts"],"picked":"Dagger Throw","floor":21},{"not_picked":["Crippling Poison","Catalyst+1"],"picked":"Prepared","floor":23}],"player_experience":26055,"relics_obtained":[{"floor":6,"key":"Darkstone Periapt"},{"floor":8,"key":"Juzu Bracelet"},{"floor":9,"key":"Nunchaku"},{"floor":14,"key":"Peace Pipe"},{"floor":23,"key":"Torii"}],"event_choices":[{"cards_removed":["Strike_G"],"damage_healed":0.0,"max_hp_gain":0.0,"max_hp_loss":0.0,"gold_gain":0.0,"event_name":"Purifier","player_choice":"Purged","floor":4.0,"gold_loss":0.0,"damage_taken":0.0},{"damage_healed":0,"gold_gain":0,"player_choice":"Opened","damage_taken":0,"relics_obtained":["Strawberry"],"max_hp_gain":0,"max_hp_loss":0,"event_name":"The Mausoleum","floor":19,"gold_loss":0}],"is_beta":false,"boss_relics":[{"not_picked":["SacredBark","Tiny House"],"picked":"Ectoplasm"}],"items_purged_floors":[2,22],"is_endless":false,"potions_floor_spawned":[1,5,8,12,14,16,21],"killed_by":"Gremlin Leader","ascension_level":1}}