{"host":"2c84cb4cp1emursg","time":1613469090,"event":{"mods":["Act Like it!","BaseMod","Better Third Choice","Bossed Relics","Hermit","Mimic Mod","Minty Spire (QoL Compilation)","Permanent Neow","StSLib","The Bug Knight"],"gold_per_floor":[111,127,16,16,26,60,60],"floor_reached":6,"language":"ENG","playtime":522,"items_purged":["HollowMod:QuickDashStart"],"score":51,"play_id":"b351146b-2bb0-461a-926f-5bc74ee5bb9f","local_time":"20210216025130","is_ascension_mode":true,"campfire_choices":[],"circlet_count":0,"master_deck":["HollowMod:NailStrikeStart","HollowMod:NailStrikeStart","HollowMod:NailStrikeStart","HollowMod:NailStrikeStart","HollowMod:QuickDashStart","HollowMod:QuickDashStart","HollowMod:QuickDashStart","HollowMod:FocusHealStart","HollowMod:PogoStrike","HollowMod:NewGlowingWomb","HollowMod:NewJinnsSoul","HollowMod:FallenFury","HollowMod:FallenFury","HollowMod:CycloneSlash"],"relics":["HollowMod:VesselMask","Torii","Ancient Tea Set"],"acts_visited":["Exordium"],"potions_floor_usage":[6],"damage_taken":[{"damage":14,"enemies":"Jaw Worm","floor":1,"turns":3},{"damage":6,"enemies":"Cultist","floor":2,"turns":3},{"damage":1,"enemies":"2 Louse","floor":5,"turns":3},{"damage":72,"enemies":"Lagavulin","floor":6,"turns":8}],"seed_played":"3619027821911149462","potions_obtained":[{"floor":1,"key":"ColorlessPotion"},{"floor":5,"key":"DuplicationPotion"}],"is_trial":false,"path_per_floor":["M","M","$","?","M","E"],"character_chosen":"THE_BUGKNIGHT","items_purchased":["HollowMod:FallenFury"],"campfire_rested":0,"item_purchase_floors":[3],"current_hp_per_floor":[60,64,64,64,68,2,2],"gold":60,"neow_bonus":"ONE_RARE_RELIC","is_daily":false,"chose_seed":false,"campfire_upgraded":0,"win_rate":0.0,"timestamp":1613469090,"path_taken":["M","M","$","?","?","E"],"items_purchased_type":["Card"],"build_version":"2020-12-22","purchased_purges":1,"victory":false,"max_hp_per_floor":[68,68,68,68,68,68,68],"card_choices":[{"not_picked":["HollowMod:CloakDash","HollowMod:ShapeofUnn"],"picked":"HollowMod:NewGlowingWomb","floor":1},{"not_picked":["HollowMod:DescendingDark","HollowMod:DashSlash"],"picked":"HollowMod:NewJinnsSoul","floor":2},{"not_picked":["HollowMod:GoodIntentions","HollowMod:VengefulVoid"],"picked":"HollowMod:CycloneSlash","floor":5}],"player_experience":518892,"relics_obtained":[{"floor":6,"key":"Ancient Tea Set"}],"event_choices":[{"damage_healed":0,"gold_gain":0,"player_choice":"1 cards matched","damage_taken":0,"max_hp_gain":0,"max_hp_loss":0,"event_name":"Match and Keep!","floor":4,"gold_loss":0,"cards_obtained":["HollowMod:FallenFury"]}],"is_beta":false,"boss_relics":[],"items_purged_floors":[3],"is_endless":false,"potions_floor_spawned":[1,5],"killed_by":"Lagavulin","ascension_level":2}}