{"host":"tr0r177cvmpvg89h","time":1613499491,"event":{"mods":["BaseMod","Colored Map","DeckTracker","Minty Spire (QoL Compilation)","StSLib","SuperFastMode"],"gold_per_floor":[114,114,130,16,28,53,64,64,64,96,116,291,291,20,20,122,122,140,46,46,46,46,46,46,46,46,46,46],"floor_reached":27,"language":"KOR","playtime":1442,"items_purged":["Pain","Doubt"],"score":242,"play_id":"fe5104c1-9e4b-4366-ab01-46cc7a1b6d69","local_time":"20210217031811","is_ascension_mode":false,"campfire_choices":[{"data":"Searing Blow","floor":8,"key":"SMITH"},{"floor":15,"key":"REST"},{"data":"Heavy Blade","floor":23,"key":"SMITH"},{"data":"Searing Blow+1","floor":25,"key":"SMITH"}],"circlet_count":0,"master_deck":["Defend_R","Defend_R","Defend_R","Bash","Demon Form","Sentinel","Sword Boomerang","Carnage","Searing Blow+2","Warcry","Exhume","Flex","Twin Strike","Ghostly Armor","Double Tap","Infernal Blade","Offering","Flex","Deep Breath","Shame","Bite","Bite","Bite","Bite","Bite","Heavy Blade+1","RitualDagger"],"relics":["Burning Blood","Matryoshka","Bottled Tornado","Shuriken","Darkstone Periapt","Bottled Flame","Empty Cage","Singing Bowl","Orichalcum","Gremlin Horn"],"acts_visited":["Exordium","TheCity"],"potions_floor_usage":[27,27],"damage_taken":[{"damage":13,"enemies":"Cultist","floor":1,"turns":5},{"damage":12,"enemies":"2 Louse","floor":3,"turns":3},{"damage":11,"enemies":"Jaw Worm","floor":5,"turns":3},{"damage":34,"enemies":"Gremlin Nob","floor":6,"turns":5},{"damage":8,"enemies":"2 Fungi Beasts","floor":7,"turns":3},{"damage":21,"enemies":"Lagavulin","floor":10,"turns":5},{"damage":14,"enemies":"Blue Slaver","floor":11,"turns":3},{"damage":25,"enemies":"Slime Boss","floor":16,"turns":8},{"damage":37,"enemies":"3 Byrds","floor":18,"turns":7},{"damage":63,"enemies":"Gremlin Leader","floor":27,"turns":3}],"seed_played":"-8458904684315868583","potions_obtained":[{"floor":1,"key":"SmokeBomb"},{"floor":10,"key":"SteroidPotion"},{"floor":16,"key":"Block Potion"}],"is_trial":false,"path_per_floor":["M","T","M","$","M","E","M","R","T","E","M","?","?","$","R","B",null,"M","$","?","?","?","R","?","R","T","E"],"character_chosen":"IRONCLAD","items_purchased":["Searing Blow","Double Tap","Infernal Blade","Deep Breath"],"campfire_rested":1,"item_purchase_floors":[4,14,14,19],"current_hp_per_floor":[73,73,67,67,62,34,32,32,32,17,9,15,15,15,40,21,86,55,55,61,61,61,61,55,55,55,0,0],"gold":46,"neow_bonus":"TRANSFORM_TWO_CARDS","is_daily":false,"chose_seed":false,"campfire_upgraded":3,"win_rate":0.0,"timestamp":1613499491,"path_taken":["M","?","M","$","M","E","M","R","T","E","M","?","?","$","R","BOSS","M","$","?","?","?","R","?","R","T","E"],"items_purchased_type":["Card","Card","Card","Card"],"build_version":"2020-12-22","purchased_purges":2,"victory":false,"max_hp_per_floor":[80,80,80,80,80,80,80,80,80,80,80,86,86,86,86,86,86,86,86,92,64,64,64,64,64,64,64,64],"card_choices":[{"not_picked":["Warcry","True Grit"],"picked":"Sword Boomerang","floor":1},{"not_picked":["Sword Boomerang","Metallicize"],"picked":"Carnage","floor":3},{"not_picked":["Fire Breathing","Dual Wield"],"picked":"Warcry","floor":5},{"not_picked":["Combust","Warcry"],"picked":"Exhume","floor":6},{"not_picked":["Sword Boomerang","Pommel Strike"],"picked":"Flex","floor":7},{"not_picked":["Combust","Dual Wield"],"picked":"Twin Strike","floor":10},{"not_picked":["Wild Strike","Clothesline"],"picked":"Ghostly Armor","floor":11},{"not_picked":["Brutality","Bludgeon"],"picked":"Offering","floor":16},{"not_picked":["Dropkick","Disarm"],"picked":"Flex","floor":18}],"player_experience":65518,"relics_obtained":[{"floor":2,"key":"Matryoshka"},{"floor":6,"key":"Bottled Tornado"},{"floor":9,"key":"Shuriken"},{"floor":9,"key":"Darkstone Periapt"},{"floor":10,"key":"Bottled Flame"},{"floor":26,"key":"Orichalcum"},{"floor":26,"key":"Gremlin Horn"}],"event_choices":[{"damage_healed":0,"gold_gain":175,"player_choice":"AGREE","damage_taken":0,"max_hp_gain":0,"max_hp_loss":0,"event_name":"Liars Game","floor":12,"gold_loss":0,"cards_obtained":["Doubt"]},{"damage_healed":0,"gold_gain":0,"player_choice":"Ignored","damage_taken":0,"max_hp_gain":0,"max_hp_loss":0,"event_name":"Shining Light","floor":13,"gold_loss":0},{"damage_healed":0,"gold_gain":0,"player_choice":"Stole Relic","damage_taken":0,"relics_obtained":["Singing Bowl"],"max_hp_gain":0,"max_hp_loss":0,"event_name":"Addict","floor":20,"gold_loss":0,"cards_obtained":["Shame"]},{"damage_healed":0,"gold_gain":0,"player_choice":"Became a vampire","damage_taken":0,"max_hp_gain":0,"max_hp_loss":28,"event_name":"Vampires","floor":21,"gold_loss":0,"cards_obtained":["Bite","Bite","Bite","Bite","Bite"]},{"damage_healed":0,"gold_gain":0,"player_choice":"Read","damage_taken":0,"max_hp_gain":0,"max_hp_loss":0,"event_name":"The Library","floor":22,"gold_loss":0,"cards_obtained":["Heavy Blade"]},{"damage_healed":0,"gold_gain":0,"player_choice":"Joined the Cult","damage_taken":6,"max_hp_gain":0,"max_hp_loss":0,"event_name":"Nest","floor":24,"gold_loss":0,"cards_obtained":["RitualDagger"]}],"is_beta":false,"boss_relics":[{"not_picked":["Cursed Key","SacredBark"],"picked":"Empty Cage"}],"items_purged_floors":[4,14],"is_endless":false,"potions_floor_spawned":[1,10,16],"killed_by":"Gremlin Leader","ascension_level":0}}