{"host":"gh97pv908ci4ql26","time":1613449691,"event":{"mods":["AchievementEnabler","BaseMod","Better Altar","Better Match","Better Note","Better Sensory Stone","Better Skull","Better Third Choice","Block Reminder","Colored Powertips","Curses Come First","Displayed Cursed Tome","Emptier Cage","Minty Spire (QoL Compilation)","Rare Cards Sparkle","Smile Girya","StSLib","Together in Spire"],"gold_per_floor":[18,35,110,26,39,39,51,80,132,162,179,179,179,192,192,289,289,303,303,303,303,303,303,336,336,416,430,119,419,437,468,468,568,568,584,584,83,83,83,83,113,130,130,130,144,172,182,182,182,182],"floor_reached":51,"language":"ENG","playtime":7067,"items_purged":["Strike_R","Defend_R"],"score":701,"play_id":"7f93cad9-7550-4801-823c-f291b0bf0e2d","local_time":"20210215202811","is_ascension_mode":false,"campfire_choices":[{"data":"Finesse","floor":6.0,"key":"SMITH"},{"data":"Disarm","floor":15.0,"key":"SMITH"},{"data":"Berserk","floor":23.0,"key":"SMITH"},{"data":"Intimidate","floor":25,"key":"SMITH"},{"data":"Dual Wield","floor":32,"key":"SMITH"},{"data":"Chrysalis","floor":40,"key":"SMITH"},{"data":"Demon Form","floor":44,"key":"SMITH"},{"data":"Armaments","floor":49,"key":"SMITH"}],"circlet_count":0,"master_deck":["Strike_R+1","Strike_R+1","Strike_R","Defend_R","Defend_R","Defend_R","Clash","Cleave","Finesse+1","Thunderclap","Body Slam","Disarm+1","Intimidate+1","Feed+1","Rage","Berserk+1","Rage","Seek+1","Clash+1","Infernal Blade+1","Seeing Red","Dual Wield+1","Intimidate+1","Demon Form+1","Rage+1","Flash of Steel+1","Chrysalis+1","Madness","Madness","Secret Technique","Secret Weapon","Inflame","Pommel Strike+1","Immolate+1","Rage+1","Armaments+1","Battle Trance"],"relics":["Burning Blood","Du-Vu Doll","Molten Egg 2","Boot","Whetstone","Anchor","Runic Cube","Dream Catcher","Nilry\u0027s Codex","Prayer Wheel","Darkstone Periapt","Nunchaku","Old Coin","Juzu Bracelet","Coffee Dripper","Red Skull","Magic Flower","Mercury Hourglass","Gremlin Horn"],"acts_visited":["TheBeyond"],"potions_floor_usage":[24,27,46],"damage_taken":[{"damage":0.0,"enemies":"Cultist","floor":1.0,"turns":2.0},{"damage":0.0,"enemies":"Small Slimes","floor":2.0,"turns":2.0},{"damage":3.0,"enemies":"Jaw Worm","floor":5.0,"turns":2.0},{"damage":2.0,"enemies":"3 Louse","floor":7.0,"turns":2.0},{"damage":18.0,"enemies":"3 Sentries","floor":8.0,"turns":7.0},{"damage":10.0,"enemies":"Gremlin Nob","floor":10.0,"turns":3.0},{"damage":0.0,"enemies":"Large Slime","floor":11.0,"turns":2.0},{"damage":0.0,"enemies":"Exordium Thugs","floor":14.0,"turns":2.0},{"damage":10.0,"enemies":"Hexaghost","floor":16.0,"turns":6.0},{"damage":19.0,"enemies":"Spheric Guardian","floor":18.0,"turns":4.0},{"damage":0,"enemies":"Gremlin Leader","floor":24,"turns":5},{"damage":0,"enemies":"Chosen","floor":27,"turns":2},{"damage":9,"enemies":"Shelled Parasite and Fungi","floor":30,"turns":4},{"damage":2,"enemies":"Slavers","floor":31,"turns":3},{"damage":36,"enemies":"Collector","floor":33,"turns":6},{"damage":0,"enemies":"3 Darklings","floor":35,"turns":3},{"damage":23,"enemies":"Giant Head","floor":41,"turns":6},{"damage":0,"enemies":"Orb Walker","floor":42,"turns":1},{"damage":0,"enemies":"Maw","floor":45,"turns":2},{"damage":0,"enemies":"Nemesis","floor":46,"turns":1},{"damage":0,"enemies":"Spire Growth","floor":47,"turns":2},{"damage":18,"enemies":"Time Eater","floor":50,"turns":4}],"seed_played":"4928561567739065362","potions_obtained":[{"floor":5.0,"key":"Ancient Potion"},{"floor":8.0,"key":"Energy Potion"},{"floor":11.0,"key":"LiquidMemories"},{"floor":30,"key":"Ancient Potion"},{"floor":33,"key":"Energy Potion"},{"floor":41,"key":"Weak Potion"},{"floor":46,"key":"DistilledChaos"},{"floor":47,"key":"DistilledChaos"}],"is_trial":false,"path_per_floor":["M","M","?","$","M","R","M","E","T","E","M","?","?","M","R","B",null,"M","?","?","?","?","R","E","R","T","M","$","?","M","E","R","B",null,"M","?","$","?","?","R","E","M","T","R","M","E","M","?","R","B",null],"character_chosen":"IRONCLAD","items_purchased":["Finesse","Seeing Red","Nunchaku","Flash of Steel+1","Chrysalis","Red Skull"],"campfire_rested":0,"item_purchase_floors":[4,28,28,37,37,37],"current_hp_per_floor":[80,80,69,69,72,72,76,64,64,60,66,59,47,57,57,57,88,79,79,79,79,63,63,69,69,69,79,79,79,80,84,84,54,100,100,100,100,87,87,87,70,79,79,79,88,103,104,104,104,101],"gold":182,"neow_bonus":"ONE_RARE_RELIC","is_daily":false,"chose_seed":false,"campfire_upgraded":8,"win_rate":0.0,"timestamp":1613449691,"path_taken":["M","?","?","$","M","R","M","E","T","E","M","?","?","M","R","BOSS","M","?","?","?","?","R","E","R","T","M","$","?","?","E","R","BOSS","M","?","$","?","?","R","E","M","T","R","M","E","M","?","R","BOSS"],"items_purchased_type":["Card","Card","Relic","Card","Card","Relic"],"build_version":"2020-12-22","purchased_purges":2,"victory":true,"max_hp_per_floor":[80,80,80,80,80,80,80,80,80,80,80,80,80,84,84,88,88,92,92,92,92,92,92,92,92,92,96,96,96,100,100,100,100,100,100,100,100,100,100,100,100,100,100,100,100,104,104,104,104,108],"card_choices":[{"not_picked":["True Grit","Flex"],"picked":"Clash","floor":1.0},{"not_picked":["Shrug It Off","Twin Strike"],"picked":"Cleave","floor":2.0},{"not_picked":["Evolve","Twin Strike"],"picked":"Thunderclap","floor":5.0},{"not_picked":["Twin Strike","Perfected Strike"],"picked":"Body Slam","floor":7.0},{"not_picked":["Cleave+1","Dual Wield"],"picked":"Disarm","floor":8.0},{"not_picked":["Searing Blow+1","Sever Soul+1"],"picked":"Intimidate","floor":10.0},{"not_picked":["Burning Pact","Flex"],"picked":"Feed+1","floor":11.0},{"not_picked":["Flame Barrier","Body Slam+1"],"picked":"Rage","floor":14.0},{"not_picked":["Impervious","Brutality"],"picked":"Berserk","floor":16.0},{"not_picked":["Perfected Strike+1","Flame Barrier"],"picked":"Rage","floor":18.0},{"not_picked":["True Grit","Rampage+1"],"picked":"Clash+1","floor":24},{"not_picked":["Twin Strike+1","Wild Strike+1"],"picked":"Infernal Blade+1","floor":27},{"not_picked":["Shrug It Off","Cleave+1","Twin Strike+1"],"picked":"SKIP","floor":27},{"not_picked":["Shrug It Off","Cleave+1","Twin Strike+1"],"picked":"SKIP","floor":27},{"not_picked":["Cleave+1","Disarm+1"],"picked":"Dual Wield","floor":30},{"not_picked":["Twin Strike+1","Body Slam+1","Perfected Strike+1"],"picked":"SKIP","floor":30},{"not_picked":["Searing Blow+1","Sever Soul+1"],"picked":"Intimidate+1","floor":31},{"not_picked":["Feed+1","Corruption"],"picked":"Demon Form","floor":33},{"not_picked":["Perfected Strike+1","Flame Barrier"],"picked":"Rage+1","floor":35},{"not_picked":["Blood for Blood+1","Wild Strike+1","Flex"],"picked":"SKIP","floor":35},{"not_picked":["Discovery","Finesse"],"picked":"Secret Technique","floor":39},{"not_picked":["Discovery","PanicButton"],"picked":"Secret Weapon","floor":39},{"not_picked":["Combust+1","Carnage+1"],"picked":"Inflame","floor":41},{"not_picked":["Iron Wave+1","Bloodletting"],"picked":"Pommel Strike+1","floor":42},{"not_picked":["Rampage+1","Fire Breathing","Body Slam+1"],"picked":"SKIP","floor":42},{"not_picked":["Burning Pact+1","Body Slam+1"],"picked":"Immolate+1","floor":45},{"not_picked":["Headbutt+1","Intimidate+1"],"picked":"Rage+1","floor":45},{"not_picked":["Reckless Charge+1","Perfected Strike+1"],"picked":"Armaments","floor":46},{"not_picked":["Perfected Strike+1","Fire Breathing"],"picked":"Battle Trance","floor":47},{"not_picked":["True Grit","Sword Boomerang+1","Fire Breathing+1"],"picked":"SKIP","floor":47}],"player_experience":139899,"relics_obtained":[{"floor":8.0,"key":"Molten Egg 2"},{"floor":9.0,"key":"Boot"},{"floor":10.0,"key":"Whetstone"},{"floor":24,"key":"Prayer Wheel"},{"floor":26,"key":"Darkstone Periapt"},{"floor":31,"key":"Juzu Bracelet"},{"floor":41,"key":"Magic Flower"},{"floor":43,"key":"Mercury Hourglass"},{"floor":46,"key":"Gremlin Horn"}],"event_choices":[{"damage_healed":0.0,"max_hp_gain":0.0,"max_hp_loss":0.0,"gold_gain":75.0,"event_name":"betterThird:BetterGoop","player_choice":"Gold","floor":3.0,"gold_loss":0.0,"damage_taken":11.0},{"cards_removed":["Strike_R"],"damage_healed":0.0,"max_hp_gain":0.0,"max_hp_loss":0.0,"gold_gain":0.0,"event_name":"Golden Wing","player_choice":"Card Removal","floor":12.0,"gold_loss":0.0,"damage_taken":7.0},{"damage_healed":0.0,"max_hp_gain":0.0,"max_hp_loss":0.0,"gold_gain":0.0,"event_name":"betterThird:BetterScrap","player_choice":"Relic ","floor":13.0,"gold_loss":0.0,"damage_taken":12.0,"cards_obtained":["Hello World"]},{"cards_removed":["Feed"],"damage_healed":0.0,"max_hp_gain":0.0,"max_hp_loss":0.0,"gold_gain":0.0,"event_name":"betterNote:BetterNote","player_choice":"Take \u0026 Give","floor":19.0,"gold_loss":0.0,"damage_taken":0.0,"cards_obtained":["Seek"]},{"damage_healed":0.0,"max_hp_gain":0.0,"max_hp_loss":0.0,"gold_gain":0.0,"event_name":"The Mausoleum","player_choice":"Opened","floor":20.0,"gold_loss":0.0,"damage_taken":0.0,"relics_obtained":["Dream Catcher"]},{"damage_healed":0.0,"max_hp_gain":0.0,"max_hp_loss":0.0,"gold_gain":0.0,"event_name":"Ghosts","player_choice":"Ignored","floor":21.0,"gold_loss":0.0,"damage_taken":0.0},{"damage_healed":0.0,"max_hp_gain":0.0,"max_hp_loss":0.0,"gold_gain":0.0,"event_name":"Cursed Tome","player_choice":"Obtained Book","floor":22.0,"gold_loss":0.0,"damage_taken":16.0},{"damage_healed":0,"gold_gain":0,"player_choice":"Gave Potion","damage_taken":0,"relics_obtained":["Old Coin"],"max_hp_gain":0,"max_hp_loss":0,"event_name":"WeMeetAgain","floor":29,"gold_loss":0},{"damage_healed":0,"gold_gain":0,"player_choice":"Ignored","damage_taken":0,"max_hp_gain":0,"max_hp_loss":0,"event_name":"betterThird:BetterPortal","floor":36,"gold_loss":0},{"damage_healed":0,"gold_gain":0,"player_choice":"Embrace Madness","damage_taken":13,"max_hp_gain":0,"max_hp_loss":0,"event_name":"Winding Halls","floor":38,"gold_loss":0,"cards_obtained":["Madness","Madness"]},{"damage_healed":0,"gold_gain":3,"player_choice":"1","damage_taken":0,"max_hp_gain":0,"max_hp_loss":0,"event_name":"betterStone:BetterStone","floor":39,"gold_loss":0},{"cards_removed":["Bash"],"damage_healed":0,"gold_gain":0,"player_choice":"Removed Attack","damage_taken":0,"max_hp_gain":0,"max_hp_loss":0,"event_name":"Falling","floor":48,"gold_loss":0}],"is_beta":false,"boss_relics":[{"not_picked":["Busted Crown","Ectoplasm"],"picked":"Runic Cube"},{"not_picked":["Mark of Pain","Tiny House"],"picked":"Coffee Dripper"}],"items_purged_floors":[28,37],"is_endless":false,"potions_floor_spawned":[5,8,11,14,16,30,33,41,46,47],"ascension_level":0}}