{"host":"kg61lsvem4dxoat8","time":1613485812,"event":{"mods":["AchievementEnabler","BaseMod","Better Altar","Better Match","Better Sensory Stone","Better Skull","Block Reminder","Highlight Path","Minty Spire (QoL Compilation)","Quick Restart","Rare Cards Sparkle","Relic Sorter","Relic Stats","StSLib","Synergy Search","slay the spire mod where everything is the same but ironclad has a cowboy hat"],"gold_per_floor":[365,440,219,229,0,28,45,45,45,45,71,98,109,133,133,228,228,243,263,263,263],"floor_reached":20,"language":"ENG","playtime":596,"items_purged":["Strike_R","Strike_R"],"score":273,"play_id":"c9e97854-efe9-4dc3-9ed0-ba13c8a854f4","local_time":"20210216223012","is_ascension_mode":true,"campfire_choices":[{"data":"Rampage","floor":8,"key":"SMITH"},{"data":"Spot Weakness","floor":10,"key":"SMITH"},{"floor":15,"key":"REST"}],"circlet_count":0,"master_deck":["AscendersBane","Strike_R","Strike_R","Strike_R","Defend_R","Defend_R","Defend_R","Defend_R","Bash","Cleave","Rampage+1","Finesse","Armaments","Spot Weakness+1","Feed","Demon Form","Uppercut"],"relics":["Burning Blood","Bag of Marbles","White Beast Statue","Question Card","Tiny Chest","Odd Mushroom","Nunchaku","Snecko Eye"],"acts_visited":["Exordium","TheCity"],"potions_floor_usage":[6,11,16,16,16,19,20,20],"damage_taken":[{"damage":14,"enemies":"Jaw Worm","floor":1,"turns":4},{"damage":0,"enemies":"Small Slimes","floor":4,"turns":3},{"damage":26,"enemies":"Lagavulin","floor":6,"turns":5},{"damage":1,"enemies":"2 Louse","floor":7,"turns":3},{"damage":49,"enemies":"Gremlin Nob","floor":11,"turns":5},{"damage":7,"enemies":"The Mushroom Lair","floor":12,"turns":3},{"damage":4,"enemies":"Blue Slaver","floor":13,"turns":4},{"damage":36,"enemies":"The Guardian","floor":16,"turns":12},{"damage":14,"enemies":"Chosen","floor":18,"turns":5},{"damage":27,"enemies":"Spheric Guardian","floor":19,"turns":4},{"damage":39,"enemies":"Masked Bandits","floor":20,"turns":5}],"seed_played":"575054037112598428","potions_obtained":[{"floor":1,"key":"Dexterity Potion"},{"floor":6,"key":"BloodPotion"},{"floor":7,"key":"SkillPotion"},{"floor":11,"key":"Dexterity Potion"},{"floor":12,"key":"Swift Potion"},{"floor":16,"key":"DuplicationPotion"},{"floor":18,"key":"SteroidPotion"},{"floor":19,"key":"Block Potion"}],"is_trial":false,"path_per_floor":["M","?","$","M","$","E","M","R","T","R","E","?","M","T","R","B",null,"M","M","?"],"character_chosen":"IRONCLAD","items_purchased":["Bag of Marbles","Rampage","Finesse"],"campfire_rested":1,"item_purchase_floors":[3,5,5],"current_hp_per_floor":[64,53,53,59,59,53,58,58,58,58,15,14,16,16,37,7,56,48,27,0,0],"gold":263,"neow_bonus":"TWO_FIFTY_GOLD","is_daily":false,"chose_seed":false,"campfire_upgraded":2,"win_rate":0.0,"timestamp":1613485812,"path_taken":["M","?","$","M","$","E","M","R","T","R","E","?","M","?","R","BOSS","M","M","?"],"items_purchased_type":["Relic","Card","Card"],"build_version":"2020-12-22","purchased_purges":2,"victory":false,"max_hp_per_floor":[72,72,72,72,72,72,72,72,72,72,72,72,72,72,72,72,72,72,72,72,72],"relic_stats":{"Nunchaku":[4],"counters":[11,53],"Snecko Eye":[27,19,27,22],"Tiny Chest":0,"Question Card":6,"obtain_stats":[{"Nunchaku":14,"Snecko Eye":17,"Tiny Chest":11,"Bag of Marbles":3,"Odd Mushroom":12,"Question Card":9,"Burning Blood":0,"White Beast Statue":6},{"Nunchaku":7,"Snecko Eye":8,"Tiny Chest":5,"Bag of Marbles":1,"Odd Mushroom":6,"Question Card":4,"Burning Blood":0,"White Beast Statue":3},{"Nunchaku":27,"Snecko Eye":39,"Tiny Chest":20,"Bag of Marbles":4,"Odd Mushroom":23,"Question Card":15,"Burning Blood":0,"White Beast Statue":12}],"Burning Blood":60},"card_choices":[{"not_picked":["True Grit","Dual Wield"],"picked":"Cleave","floor":1},{"not_picked":["Wild Strike","Anger","Perfected Strike"],"picked":"SKIP","floor":4},{"not_picked":["Impervious","Clothesline"],"picked":"Armaments","floor":6},{"not_picked":["Hemokinesis","Havoc"],"picked":"Spot Weakness","floor":7},{"not_picked":["Body Slam","Sentinel","Entrench","Rage"],"picked":"SKIP","floor":11},{"not_picked":["Sentinel","Perfected Strike","Intimidate"],"picked":"Feed","floor":13},{"not_picked":["Exhume","Fiend Fire","Brutality"],"picked":"Demon Form","floor":16},{"not_picked":["Body Slam","Headbutt","Twin Strike"],"picked":"Uppercut","floor":18},{"not_picked":["Anger","Warcry+1","Reckless Charge","Ghostly Armor"],"picked":"SKIP","floor":19}],"player_experience":1547442,"relics_obtained":[{"floor":6,"key":"White Beast Statue"},{"floor":9,"key":"Question Card"},{"floor":11,"key":"Tiny Chest"},{"floor":12,"key":"Odd Mushroom"},{"floor":14,"key":"Nunchaku"}],"event_choices":[{"damage_healed":0,"gold_gain":75,"player_choice":"Gather Gold","damage_taken":11,"max_hp_gain":0,"max_hp_loss":0,"event_name":"World of Goop","floor":2,"gold_loss":0},{"damage_healed":0,"gold_gain":0,"player_choice":"Fought Mushrooms","damage_taken":0,"max_hp_gain":0,"max_hp_loss":0,"event_name":"Mushrooms","floor":12,"gold_loss":0},{"damage_healed":0,"gold_gain":0,"player_choice":"Fought Bandits","damage_taken":0,"max_hp_gain":0,"max_hp_loss":0,"event_name":"Masked Bandits","floor":20,"gold_loss":0}],"is_beta":false,"boss_relics":[{"not_picked":["Runic Cube","SlaversCollar"],"picked":"Snecko Eye"}],"items_purged_floors":[3,5],"is_endless":false,"potions_floor_spawned":[1,6,7,11,12,13,16,18,19],"killed_by":"Masked Bandits","ascension_level":10}}