{"host":"5z7rhcocprldured","time":1613434242,"event":{"mods":["2.2 Compatiblity","AchievementEnabler","AlwaysNeverKeys","BaseMod","Best Route Mod","Better Altar","Better Match","Better Note","Better Sensory Stone","Better Skull","Better Third Choice","BetterRewards","Block Reminder","Colored Map","Colored Powertips","Displayed Cursed Tome","Downfall","Emptier Cage","Energized Spire","Minty Spire (QoL Compilation)","Permanent Neow","Rare Cards Sparkle","SacredBarkPlus","Spicy Shops","StSLib","Synergy Search","Unceasing Turn Reminder"],"gold_per_floor":[109,109,120,140,155,180,180,193,193,193,211,223,242,254,254,254,254],"floor_reached":16,"language":"ENG","playtime":647,"items_purged":[],"score":108,"play_id":"bfacdfae-ce90-49d6-884f-158ededc6206","local_time":"20210216001042","is_ascension_mode":false,"campfire_choices":[{"data":"Combust","floor":7,"key":"SMITH"},{"data":"Double Tap","floor":10,"key":"SMITH"},{"floor":15,"key":"REST"}],"circlet_count":0,"master_deck":["Strike_R","Strike_R","Strike_R","Strike_R","Strike_R","Defend_R","Defend_R","Defend_R","Defend_R","Bash","Combust","Seeing Red","Combust+1","Pommel Strike","Perfected Strike","Double Tap+1","Shrug It Off","Pummel","Armaments"],"relics":["Burning Blood","Blood Vial","Blue Candle","Bird Faced Urn"],"acts_visited":["Exordium"],"potions_floor_usage":[14,16],"damage_taken":[{"damage":10,"enemies":"Small Slimes","floor":1,"turns":6},{"damage":4,"enemies":"Cultist","floor":3,"turns":4},{"damage":4,"enemies":"2 Louse","floor":4,"turns":3},{"damage":12,"enemies":"Large Slime","floor":5,"turns":4},{"damage":43,"enemies":"Gremlin Nob","floor":6,"turns":5},{"damage":11,"enemies":"Gremlin Gang","floor":8,"turns":4},{"damage":10,"enemies":"Looter","floor":11,"turns":2},{"damage":7,"enemies":"Blue Slaver","floor":12,"turns":3},{"damage":10,"enemies":"3 Louse","floor":13,"turns":3},{"damage":9,"enemies":"Exordium Thugs","floor":14,"turns":4},{"damage":68,"enemies":"The Guardian","floor":16,"turns":9}],"seed_played":"6761665235275827913","potions_obtained":[{"floor":2,"key":"ElixirPotion"},{"floor":2,"key":"LiquidMemories"},{"floor":2,"key":"GamblersBrew"},{"floor":3,"key":"champ:CounterPotion"},{"floor":6,"key":"SteroidPotion"},{"floor":8,"key":"DistilledChaos"}],"is_trial":false,"path_per_floor":["M","?","M","M","M","E","R","M","T","R","M","M","M","M","R","B"],"character_chosen":"IRONCLAD","items_purchased":[],"campfire_rested":1,"item_purchase_floors":[],"current_hp_per_floor":[76,76,80,80,74,39,39,36,36,36,34,35,35,38,62,0,0],"gold":254,"neow_bonus":"RANDOM_COMMON_RELIC","is_daily":false,"chose_seed":false,"campfire_upgraded":2,"win_rate":0.0,"timestamp":1613434242,"path_taken":["M","?","M","M","M","E","R","M","T","R","M","?","M","M","R","BOSS"],"items_purchased_type":[],"build_version":"2020-12-22","purchased_purges":0,"victory":false,"max_hp_per_floor":[80,80,80,80,80,80,80,80,80,80,80,80,80,80,80,80,80],"card_choices":[{"not_picked":["Warcry","Carnage"],"picked":"Combust","floor":1},{"not_picked":["Havoc","Clothesline"],"picked":"Seeing Red","floor":3},{"not_picked":["Havoc","Heavy Blade"],"picked":"Combust","floor":4},{"not_picked":["Wild Strike","Clothesline"],"picked":"Pommel Strike","floor":5},{"not_picked":["Warcry","Headbutt"],"picked":"Perfected Strike","floor":6},{"not_picked":["Cleave","Perfected Strike"],"picked":"Double Tap","floor":8},{"not_picked":["Headbutt","Corruption"],"picked":"Shrug It Off","floor":11},{"not_picked":["Havoc","Flex"],"picked":"Pummel","floor":12},{"not_picked":["Havoc","Infernal Blade"],"picked":"Armaments","floor":13},{"not_picked":["Body Slam","Disarm","Clash"],"picked":"SKIP","floor":14}],"player_experience":185778,"relics_obtained":[{"floor":6,"key":"Blue Candle"},{"floor":9,"key":"Bird Faced Urn"}],"event_choices":[{"damage_healed":0,"gold_gain":0,"player_choice":"Got Potions","damage_taken":0,"max_hp_gain":0,"max_hp_loss":0,"event_name":"Lab","floor":2,"gold_loss":0}],"is_beta":false,"boss_relics":[],"items_purged_floors":[],"is_endless":false,"potions_floor_spawned":[3,6,8,13],"killed_by":"The Guardian","ascension_level":0}}