{"host":"y4fuci1jk2rsxnep","time":1613465583,"event":{"mods":["AchievementEnabler","BaseMod","Colored Powertips","Custom Start","Defuse TimeMaze Blight","Dio Mod","Downfall","Hermit","Hero for Fun","Hubris","Hunter ??","Infinite Spire","Minty Spire (QoL Compilation)","Quick Restart","Reliquary","Remove Card Discount Mod","Replay The Spire","StSLib","The Blackbeard","The Bug Knight","The Mystic","The Runesmith"],"gold_per_floor":[14,14,31,45,57,57,73,83,129,129,157,157,174,161,161,266,266,278,298,313,328,328,328,328],"floor_reached":23,"language":"ENG","playtime":2439,"items_purged":["Overencumbered","Runesmith:Strike_RS","Runesmith:Strike_RS","Runesmith:Strike_RS","Runesmith:Strike_RS"],"score":197,"play_id":"5ab7990a-b4e9-440e-a445-3f61b051dd2f","local_time":"20210216095303","is_ascension_mode":false,"campfire_choices":[{"data":"Runesmith:Firestorm","floor":6,"key":"SMITH"},{"floor":12,"key":"REST"},{"floor":15,"key":"DIG"}],"circlet_count":0,"master_deck":["Runesmith:Defend_RS","Runesmith:Defend_RS","Runesmith:Defend_RS","Runesmith:Defend_RS","Runesmith:CraftFirestone+1","Runesmith:Fortify","Runesmith:Supernova","Runesmith:ChiselStab","Runesmith:CraftMagma","Runesmith:PerfectChisel","Runesmith:Firestorm+1","Runesmith:LithiumIon","Runesmith:Augment","Runesmith:CraftProtectio","Runesmith:CraftIndustria","CurseOfTheBell","Runesmith:CraftProtectio+1","Runesmith:CraftIncendium"],"relics":["Runesmith:BrokenRuby","Centennial Puzzle","reliquary:Firecrackers","ReplayTheSpireMod:CursedCoin","Oddly Smooth Stone","Lantern","Calling Bell","PreservedInsect","infinitespire:BottledMercury"],"acts_visited":["Exordium","TheCity"],"potions_floor_usage":[11,16,23],"damage_taken":[{"damage":3,"enemies":"2 Louse","floor":1,"turns":3},{"damage":0,"enemies":"Small Slimes","floor":3,"turns":3},{"damage":3,"enemies":"Cultist","floor":4,"turns":4},{"damage":5,"enemies":"Red Slaver","floor":5,"turns":4},{"damage":11,"enemies":"Large Slime","floor":7,"turns":4},{"damage":7,"enemies":"Exordium Wildlife","floor":8,"turns":4},{"damage":18,"enemies":"Gremlin Nob","floor":11,"turns":5},{"damage":12,"enemies":"3 Louse","floor":13,"turns":3},{"damage":20,"enemies":"Slime Boss","floor":16,"turns":9},{"damage":12,"enemies":"Shell Parasite","floor":18,"turns":8},{"damage":17,"enemies":"Cultist and Chosen","floor":19,"turns":9},{"damage":1,"enemies":"Centurion and Healer","floor":20,"turns":11},{"damage":13,"enemies":"Shelled Parasite and Fungi","floor":21,"turns":9},{"damage":15,"enemies":"Gremlin Leader","floor":23,"turns":4}],"seed_played":"4915121989193624505","potions_obtained":[{"floor":1,"key":"Block Potion"},{"floor":7,"key":"Elixir"},{"floor":13,"key":"Regen Potion"},{"floor":16,"key":"Weak Potion"},{"floor":19,"key":"Energy Potion"}],"is_trial":false,"path_per_floor":["M","?","M","M","M","R","M","M","T","?","E","R","M","$","R","B",null,"M","M","M","M","?","E"],"character_chosen":"RUNESMITH_CLASS","items_purchased":["ReplayTheSpireMod:CursedCoin","Oddly Smooth Stone"],"campfire_rested":1,"item_purchase_floors":[14,14],"current_hp_per_floor":[67,67,67,64,59,59,48,41,41,41,23,44,32,32,32,27,70,58,41,40,27,14,0,0],"gold":328,"neow_bonus":"THREE_RARE_CARDS","is_daily":false,"chose_seed":false,"campfire_upgraded":1,"win_rate":0.0,"timestamp":1613465583,"path_taken":["M","?","M","M","M","R","M","M","T","?","E","R","?","?","R","BOSS","M","M","M","M","?","E"],"items_purchased_type":["Relic","Relic"],"build_version":"2020-12-22","purchased_purges":5,"victory":false,"max_hp_per_floor":[70,70,70,70,70,70,70,70,70,70,70,70,70,70,70,70,70,70,70,70,70,75,75,75],"card_choices":[{"not_picked":["Runesmith:DuctTape","Runesmith:GenerateForcefield"],"picked":"Runesmith:Supernova","floor":0},{"not_picked":["Runesmith:MakeshiftArmor","Runesmith:HammerThrow"],"picked":"Runesmith:ChiselStab","floor":1},{"not_picked":["Runesmith:NegativeSpace","Runesmith:Refine"],"picked":"Runesmith:CraftMagma","floor":3},{"not_picked":["Runesmith:BackupBattery","Runesmith:ShiftingStrike"],"picked":"Runesmith:PerfectChisel","floor":4},{"not_picked":["Runesmith:UnstableHammer","Runesmith:Reinforce"],"picked":"Runesmith:Firestorm","floor":5},{"not_picked":["Runesmith:RuneHurl","Runesmith:Repurpose"],"picked":"Runesmith:LithiumIon","floor":7},{"not_picked":["Runesmith:Reinforce","Runesmith:Duplicate"],"picked":"Runesmith:Augment","floor":8},{"not_picked":["Runesmith:GoWithTheFlow","Runesmith:FieryHammer"],"picked":"Runesmith:CraftProtectio","floor":11},{"not_picked":["Runesmith:Malloc","Runesmith:CraftProtectio","Runesmith:CraftMagma"],"picked":"SKIP","floor":13},{"not_picked":["Runesmith:CreatorForm","Runesmith:Supernova"],"picked":"Runesmith:CraftIndustria","floor":16},{"not_picked":["Runesmith:MakeshiftArmor+1","Runesmith:Overpower"],"picked":"Runesmith:CraftProtectio+1","floor":18},{"not_picked":["Runesmith:RuneHurl+1","Runesmith:HammerThrow+1","Runesmith:ChargedHammer"],"picked":"SKIP","floor":19},{"not_picked":["Runesmith:Repurpose","Runesmith:MakeshiftArmor"],"picked":"Runesmith:CraftIncendium","floor":20},{"not_picked":["Runesmith:HeatExchange+1","Runesmith:Reinforce","Runesmith:Prism+1"],"picked":"SKIP","floor":21}],"player_experience":610181,"relics_obtained":[{"floor":9,"key":"Centennial Puzzle"},{"floor":11,"key":"reliquary:Firecrackers"},{"floor":15,"key":"Lantern"},{"floor":17,"key":"PreservedInsect"},{"floor":17,"key":"infinitespire:BottledMercury"}],"event_choices":[{"damage_healed":0,"gold_gain":0,"player_choice":"Grow","damage_taken":0,"max_hp_gain":0,"max_hp_loss":0,"event_name":"Living Wall","floor":2,"gold_loss":0,"cards_upgraded":["Runesmith:CraftFirestone"]},{"damage_healed":0,"gold_gain":0,"player_choice":"Bought 0 Potions","damage_taken":0,"max_hp_gain":0,"max_hp_loss":0,"event_name":"The Woman in Blue","floor":10,"gold_loss":0},{"damage_healed":0,"gold_gain":0,"player_choice":"Shed Blood","damage_taken":18,"max_hp_gain":5,"max_hp_loss":0,"event_name":"Forgotten Altar","floor":22,"gold_loss":0}],"is_beta":false,"boss_relics":[{"not_picked":["Coffee Dripper","reliquary:RedCape"],"picked":"Calling Bell"}],"items_purged_floors":[14,14,14,14,14],"is_endless":false,"potions_floor_spawned":[1,7,13,16,19,20],"killed_by":"Gremlin Leader","ascension_level":0}}