{"host":"2l3i55whvwk76mom","time":1613459486,"event":{"mods":["BaseMod","Googly Eyes","Hubris","Minty Spire (QoL Compilation)","Replay The Spire","StSLib"],"gold_per_floor":[118,130,141,160,160,160,160,188,188,204,232,41,41,70,70,70,70],"floor_reached":16,"language":"ENG","playtime":776,"items_purged":["Replay:ManipulateFuture"],"score":138,"play_id":"31b2d347-cb5d-41ab-abc6-fa89f9a84766","local_time":"20210215231126","is_ascension_mode":true,"campfire_choices":[{"data":"Eruption","floor":6,"key":"SMITH"},{"floor":13,"key":"REST"},{"floor":15,"key":"REST"}],"circlet_count":0,"master_deck":["Strike_P","Strike_P","Strike_P","Defend_P","Defend_P","Defend_P","Defend_P","Eruption+1","Vigilance","WindmillStrike","Prostrate","ThirdEye","Halt","DevaForm","Protect","Worship","Replay:LoomingThreat","LikeWater","Prostrate"],"relics":["PureWater","Replay:Wax Seal","Nunchaku","Peace Pipe","Bottled Lightning"],"acts_visited":["Exordium"],"potions_floor_usage":[10,10,14,14,16],"damage_taken":[{"damage":7,"enemies":"Cultist","floor":1,"turns":3},{"damage":13,"enemies":"Small Slimes","floor":2,"turns":4},{"damage":1,"enemies":"2 Louse","floor":3,"turns":2},{"damage":0,"enemies":"Red Slaver","floor":4,"turns":4},{"damage":1,"enemies":"Replay:BlueRogue","floor":8,"turns":10},{"damage":18,"enemies":"Exordium Thugs","floor":10,"turns":3},{"damage":7,"enemies":"Lagavulin","floor":11,"turns":7},{"damage":17,"enemies":"Gremlin Nob","floor":14,"turns":4},{"damage":50,"enemies":"The Guardian","floor":16,"turns":8}],"seed_played":"-837798770315042185","potions_obtained":[{"floor":1,"key":"Strength Potion"},{"floor":3,"key":"FearPotion"},{"floor":8,"key":"FearPotion"},{"floor":11,"key":"DistilledChaos"},{"floor":14,"key":"ColorlessPotion"}],"is_trial":false,"path_per_floor":["M","M","M","M","?","R","?","E","T","M","E","$","R","E","R","B"],"character_chosen":"WATCHER","items_purchased":["Replay:ManipulateFuture","LikeWater"],"campfire_rested":2,"item_purchase_floors":[12,12],"current_hp_per_floor":[65,52,51,51,51,51,51,50,50,32,25,25,46,29,50,0,0],"gold":70,"neow_bonus":"THREE_CARDS","is_daily":false,"chose_seed":false,"campfire_upgraded":1,"win_rate":0.0,"timestamp":1613459486,"path_taken":["M","?","M","M","?","R","?","E","T","?","E","?","R","E","R","BOSS"],"items_purchased_type":["Card","Card"],"build_version":"2020-12-22","purchased_purges":1,"victory":false,"max_hp_per_floor":[72,72,72,72,72,72,72,72,72,72,72,72,72,72,72,72,72],"card_choices":[{"not_picked":["Crescendo","Replay:DivineShield"],"picked":"WindmillStrike","floor":0},{"not_picked":["EmptyMind","Wireheading"],"picked":"Prostrate","floor":1},{"not_picked":["Replay:DivineShield","Halt"],"picked":"ThirdEye","floor":2},{"not_picked":["Fasting2","Replay:Cycle"],"picked":"Halt","floor":3},{"not_picked":["Halt","Replay:AtTheReady"],"picked":"DevaForm","floor":4},{"not_picked":["PathToVictory","SandsOfTime"],"picked":"Protect","floor":8},{"not_picked":["CutThroughFate","SashWhip"],"picked":"Worship","floor":10},{"not_picked":["Replay:Battleflow","CutThroughFate"],"picked":"Replay:LoomingThreat","floor":11},{"not_picked":["JustLucky","Replay:ManipulateFuture"],"picked":"Prostrate","floor":14}],"player_experience":377594,"relics_obtained":[{"floor":8,"key":"Replay:Wax Seal"},{"floor":9,"key":"Nunchaku"},{"floor":11,"key":"Peace Pipe"},{"floor":14,"key":"Bottled Lightning"}],"event_choices":[{"damage_healed":0,"gold_gain":0,"player_choice":"Ignored","damage_taken":0,"max_hp_gain":0,"max_hp_loss":0,"event_name":"Golden Wing","floor":5,"gold_loss":0},{"cards_removed":["Strike_P"],"damage_healed":0,"gold_gain":0,"player_choice":"Card Removal","damage_taken":0,"max_hp_gain":0,"max_hp_loss":0,"event_name":"Wheel of Change","floor":7,"gold_loss":0}],"is_beta":false,"boss_relics":[],"items_purged_floors":[12],"is_endless":false,"potions_floor_spawned":[1,3,8,11,14],"killed_by":"The Guardian","ascension_level":3}}