{"host":"8rqsnaeml9gxb0kp","time":1613452171,"event":{"mods":["AchievementEnabler","BaseMod","Colored Powertips","Dark Map","Minty Spire (QoL Compilation)","Rare Cards Sparkle","Relic Stats","StSLib","slay the spire mod where everything is the same but ironclad has a cowboy hat"],"gold_per_floor":[369,389,406,140,152,152,170,170,194,229,240,255,255,266,266,370,370,387,20,20,31,31,57,0,0,27,47,47,57,67,67,67],"floor_reached":31,"language":"ENG","playtime":1598,"items_purged":["Normality"],"score":435,"play_id":"15d84911-f621-4a1b-9241-6cb8dda8cccc","local_time":"20210215210931","is_ascension_mode":true,"campfire_choices":[{"data":"Apotheosis","floor":6.0,"key":"SMITH"},{"data":"Dagger Spray","floor":8.0,"key":"SMITH"},{"data":"Concentrate","floor":15.0,"key":"SMITH"},{"floor":25,"key":"REST"}],"circlet_count":0,"master_deck":["Strike_G+1","Strike_G","Strike_G","Strike_G","Strike_G","Defend_G","Defend_G","Defend_G","Defend_G","Defend_G","Survivor","Neutralize+1","Poisoned Stab+1","Deadly Poison","Bane","Apotheosis+1","Dagger Spray+1","Flying Knee","Crippling Poison","Bane","Backflip","Concentrate+1","Die Die Die","Deflect+1","Deflect+1","Reflex+1","PiercingWail+1","Outmaneuver+1","RitualDagger","Terror+1","Escape Plan+1","Tactician+1"],"relics":["Ring of the Snake","Toy Ornithopter","Whetstone","Velvet Choker","Toxic Egg 2","Art of War","Happy Flower","Regal Pillow"],"acts_visited":["Exordium","TheCity"],"potions_floor_usage":[23,30,31],"damage_taken":[{"damage":4.0,"enemies":"Cultist","floor":1.0,"turns":5.0},{"damage":0.0,"enemies":"2 Louse","floor":2.0,"turns":3.0},{"damage":2.0,"enemies":"Small Slimes","floor":3.0,"turns":5.0},{"damage":3.0,"enemies":"Looter","floor":5.0,"turns":4.0},{"damage":11.0,"enemies":"3 Louse","floor":7.0,"turns":3.0},{"damage":22.0,"enemies":"3 Sentries","floor":10.0,"turns":5.0},{"damage":5.0,"enemies":"Exordium Wildlife","floor":11.0,"turns":3.0},{"damage":14.0,"enemies":"2 Fungi Beasts","floor":12.0,"turns":3.0},{"damage":0.0,"enemies":"3 Louse","floor":14.0,"turns":2.0},{"damage":0.0,"enemies":"Hexaghost","floor":16.0,"turns":7.0},{"damage":0.0,"enemies":"2 Thieves","floor":18.0,"turns":4.0},{"damage":0.0,"enemies":"Chosen","floor":21.0,"turns":4.0},{"damage":33,"enemies":"Gremlin Leader","floor":23,"turns":10},{"damage":28,"enemies":"Snake Plant","floor":27,"turns":5},{"damage":11,"enemies":"Snecko","floor":29,"turns":7},{"damage":12,"enemies":"Cultist and Chosen","floor":30,"turns":5},{"damage":10,"enemies":"Book of Stabbing","floor":31,"turns":3}],"seed_played":"2604602083120123549","potions_obtained":[{"floor":1.0,"key":"DuplicationPotion"},{"floor":3.0,"key":"Weak Potion"},{"floor":5.0,"key":"Weak Potion"},{"floor":14.0,"key":"Weak Potion"},{"floor":16.0,"key":"FearPotion"},{"floor":29,"key":"DuplicationPotion"},{"floor":30,"key":"BlessingOfTheForge"}],"is_trial":false,"path_per_floor":["M","M","M","$","M","R","M","R","T","E","M","M","?","M","R","B",null,"M","$","?","M","?","E","?","R","T","M","T","M","M","E"],"character_chosen":"THE_SILENT","items_purchased":["Apotheosis","Toxic Egg 2","Deflect+1","Reflex+1"],"campfire_rested":1,"item_purchase_floors":[4,19,19,19],"current_hp_per_floor":[59,59,57,57,54,54,43,43,43,26,21,7,7,7,7,7,54,64,64,64,64,58,30,30,51,51,23,23,12,5,0,0],"gold":67,"neow_bonus":"TWO_FIFTY_GOLD","is_daily":false,"chose_seed":false,"campfire_upgraded":3,"win_rate":0.0,"timestamp":1613452171,"path_taken":["M","M","M","$","M","R","M","R","T","E","M","M","?","?","R","BOSS","M","$","?","M","?","E","?","R","T","M","?","M","M","E"],"items_purchased_type":["Card","Relic","Card","Card"],"build_version":"2020-12-22","purchased_purges":1,"victory":false,"max_hp_per_floor":[70,70,70,70,70,70,70,70,70,70,70,70,70,70,70,70,70,70,70,70,70,70,70,70,70,70,70,70,70,70,70,70],"relic_stats":{"Regal Pillow":0,"Happy Flower":[6],"counters":[17,78],"Art of War":[2],"Whetstone":["Neutralize","Strike_G"],"obtain_stats":[{"Regal Pillow":28,"Happy Flower":26,"Velvet Choker":17,"Art of War":23,"Whetstone":10,"Toxic Egg 2":19,"Toy Ornithopter":9,"Ring of the Snake":0},{"Regal Pillow":14,"Happy Flower":13,"Velvet Choker":10,"Art of War":13,"Whetstone":6,"Toxic Egg 2":11,"Toy Ornithopter":5,"Ring of the Snake":0},{"Regal Pillow":63,"Happy Flower":58,"Velvet Choker":40,"Art of War":58,"Whetstone":25,"Toxic Egg 2":44,"Toy Ornithopter":20,"Ring of the Snake":0}],"Toy Ornithopter":30,"Ring of the Snake":[34]},"card_choices":[{"not_picked":["Bane","Setup"],"picked":"Poisoned Stab","floor":1.0},{"not_picked":["Underhanded Strike","Leg Sweep"],"picked":"Deadly Poison","floor":2.0},{"not_picked":["Distraction","Expertise"],"picked":"Bane","floor":3.0},{"not_picked":["Grand Finale","Riddle With Holes"],"picked":"Dagger Spray","floor":5.0},{"not_picked":["Noxious Fumes","Dodge and Roll"],"picked":"Flying Knee","floor":7.0},{"not_picked":["Sucker Punch","Escape Plan"],"picked":"Crippling Poison","floor":10.0},{"not_picked":["Dagger Spray","Quick Slash"],"picked":"Bane","floor":11.0},{"not_picked":["Masterful Stab","Prepared"],"picked":"Backflip","floor":12.0},{"not_picked":["Deflect","Prepared"],"picked":"Concentrate","floor":14.0},{"not_picked":["Grand Finale","A Thousand Cuts"],"picked":"Die Die Die","floor":16.0},{"not_picked":["Flying Knee","Dagger Spray"],"picked":"Deflect+1","floor":18.0},{"not_picked":["Underhanded Strike","Dagger Throw"],"picked":"Outmaneuver+1","floor":21.0},{"not_picked":["Bane","Envenom"],"picked":"Terror+1","floor":23},{"not_picked":["Slice+1","Blade Dance+1"],"picked":"Escape Plan+1","floor":27},{"not_picked":["Flechettes","Noxious Fumes","Quick Slash+1"],"picked":"SKIP","floor":29},{"not_picked":["Dagger Throw","Underhanded Strike"],"picked":"Tactician+1","floor":30}],"player_experience":257037,"relics_obtained":[{"floor":9.0,"key":"Toy Ornithopter"},{"floor":10.0,"key":"Whetstone"},{"floor":23,"key":"Art of War"},{"floor":26,"key":"Happy Flower"},{"floor":28,"key":"Regal Pillow"}],"event_choices":[{"damage_healed":0.0,"max_hp_gain":0.0,"max_hp_loss":0.0,"gold_gain":0.0,"event_name":"Accursed Blacksmith","player_choice":"Forge","floor":13.0,"gold_loss":0.0,"damage_taken":0.0,"cards_upgraded":["Poisoned Stab"]},{"damage_healed":0.0,"max_hp_gain":0.0,"max_hp_loss":0.0,"gold_gain":0.0,"event_name":"The Library","player_choice":"Read","floor":20.0,"gold_loss":0.0,"damage_taken":0.0,"cards_obtained":["PiercingWail"]},{"damage_healed":0.0,"max_hp_gain":0.0,"max_hp_loss":0.0,"gold_gain":0.0,"event_name":"Nest","player_choice":"Joined the Cult","floor":22.0,"gold_loss":0.0,"damage_taken":6.0,"cards_obtained":["RitualDagger"]},{"damage_healed":0,"gold_gain":0,"player_choice":"Paid Fearfully","damage_taken":0,"max_hp_gain":0,"max_hp_loss":0,"event_name":"Masked Bandits","floor":24,"gold_loss":57}],"is_beta":false,"boss_relics":[{"not_picked":["Busted Crown","Ring of the Serpent"],"picked":"Velvet Choker"}],"items_purged_floors":[4],"is_endless":false,"potions_floor_spawned":[1,3,5,14,16,29,30],"killed_by":"Book of Stabbing","ascension_level":8}}