{"host":"6a9c3xws62y7efyw","time":1613452538,"event":{"mods":["BaseMod","Colored Map","Minty Spire (QoL Compilation)","Relic Stats","StSLib"],"gold_per_floor":[109,109,124,68,87,114,114,146,146,161,178,208,208,236,236,314,314,326,41,61,79,98,98,129,129,129,141,141,166,201,201,201,280,280,300,575,593,612,115,115,140,158,158,171,71,105,105,105,105,105,105,105,105,5,35,35],"floor_reached":57,"language":"ENG","playtime":3647,"items_purged":["Clumsy","Strike_G"],"score":2785,"play_id":"abbf5179-bfa3-4546-bde8-07a68aec6404","local_time":"20210215211538","is_ascension_mode":true,"campfire_choices":[{"data":"All Out Attack","floor":7.0,"key":"SMITH"},{"data":"Blade Dance","floor":13.0,"key":"SMITH"},{"data":"Blade Dance","floor":15.0,"key":"SMITH"},{"data":"A Thousand Cuts","floor":23.0,"key":"SMITH"},{"data":"Adrenaline","floor":25.0,"key":"SMITH"},{"data":"Footwork","floor":28.0,"key":"SMITH"},{"data":"Noxious Fumes","floor":32.0,"key":"SMITH"},{"data":"Crippling Poison","floor":40,"key":"SMITH"},{"floor":47,"key":"RECALL"},{"data":"Wraith Form v2","floor":49,"key":"SMITH"},{"data":"Leg Sweep","floor":53,"key":"SMITH"}],"circlet_count":0,"master_deck":["AscendersBane","Strike_G","Strike_G","Strike_G","Defend_G","Defend_G","Defend_G","Defend_G","Survivor","Neutralize","Venomology","After Image","Sucker Punch+1","Underhanded Strike","All Out Attack+1","Footwork+1","Blade Dance+1","Blade Dance+1","Calculated Gamble","Adrenaline+1","Noxious Fumes+1","A Thousand Cuts+1","Bane+1","All Out Attack","Cloak And Dagger+1","Leg Sweep+1","Bouncing Flask+1","Tools of the Trade","Corpse Explosion","Outmaneuver+1","Crippling Poison+1","Backflip","After Image","Wraith Form v2+1","Backflip+1","Acrobatics","Backflip","Catalyst"],"relics":["Ring of the Serpent","Ninja Scroll","Ancient Tea Set","Eternal Feather","TungstenRod","Boot","Cursed Key","Singing Bowl","Pear","Red Mask","Omamori","Necronomicon","Toy Ornithopter","Frozen Eye","Lantern","Sundial","Tingsha"],"acts_visited":["Exordium","TheCity","TheBeyond","TheEnding"],"potions_floor_usage":[38,44,46,50,51,55,56,56,56,56,56],"damage_taken":[{"damage":6.0,"enemies":"Cultist","floor":1.0,"turns":5.0},{"damage":2.0,"enemies":"Small Slimes","floor":3.0,"turns":5.0},{"damage":0.0,"enemies":"Jaw Worm","floor":5.0,"turns":5.0},{"damage":23.0,"enemies":"Lagavulin","floor":6.0,"turns":8.0},{"damage":10.0,"enemies":"3 Sentries","floor":8.0,"turns":9.0},{"damage":0.0,"enemies":"3 Louse","floor":10.0,"turns":1.0},{"damage":0.0,"enemies":"2 Fungi Beasts","floor":11.0,"turns":1.0},{"damage":3.0,"enemies":"Gremlin Nob","floor":12.0,"turns":3.0},{"damage":5.0,"enemies":"3 Sentries","floor":14.0,"turns":4.0},{"damage":5.0,"enemies":"Slime Boss","floor":16.0,"turns":6.0},{"damage":0.0,"enemies":"3 Byrds","floor":18.0,"turns":3.0},{"damage":0.0,"enemies":"Spheric Guardian","floor":20.0,"turns":3.0},{"damage":26.0,"enemies":"Cultist and Chosen","floor":21.0,"turns":5.0},{"damage":0.0,"enemies":"Chosen and Byrds","floor":22.0,"turns":3.0},{"damage":10.0,"enemies":"Book of Stabbing","floor":24.0,"turns":5.0},{"damage":0.0,"enemies":"Centurion and Healer","floor":27.0,"turns":5.0},{"damage":8.0,"enemies":"Masked Bandits","floor":29.0,"turns":3.0},{"damage":0.0,"enemies":"Slavers","floor":30.0,"turns":4.0},{"damage":28.0,"enemies":"Automaton","floor":33.0,"turns":8.0},{"damage":0.0,"enemies":"3 Shapes","floor":35.0,"turns":7.0},{"damage":10.0,"enemies":"3 Darklings","floor":37.0,"turns":2.0},{"damage":0,"enemies":"Jaw Worm Horde","floor":38,"turns":1},{"damage":15,"enemies":"Nemesis","floor":41,"turns":6},{"damage":4,"enemies":"Writhing Mass","floor":42,"turns":5},{"damage":11,"enemies":"3 Darklings","floor":44,"turns":3},{"damage":7,"enemies":"Giant Head","floor":46,"turns":7},{"damage":75,"enemies":"Awakened One","floor":50,"turns":18},{"damage":21,"enemies":"Donu and Deca","floor":51,"turns":8},{"damage":7,"enemies":"Shield and Spear","floor":55,"turns":5},{"damage":61,"enemies":"The Heart","floor":56,"turns":11}],"seed_played":"3490803095850664406","potions_obtained":[{"floor":3.0,"key":"LiquidBronze"},{"floor":8.0,"key":"Energy Potion"},{"floor":10.0,"key":"CultistPotion"},{"floor":11.0,"key":"GhostInAJar"},{"floor":20.0,"key":"Block Potion"},{"floor":22.0,"key":"DuplicationPotion"},{"floor":24.0,"key":"PowerPotion"},{"floor":35.0,"key":"DuplicationPotion"},{"floor":55,"key":"CunningPotion"}],"is_trial":false,"path_per_floor":["M","?","M","$","M","E","R","E","T","M","M","E","R","E","R","B",null,"M","$","M","M","M","R","E","R","T","M","R","?","E","?","R","B",null,"M","?","M","M","$","R","E","M","T","M","$","E","R","?","R","B","B",null,"R","$","E","B",null],"character_chosen":"THE_SILENT","items_purchased":["Fire Potion","Singing Bowl","After Image","Toy Ornithopter","Frozen Eye","Acrobatics"],"campfire_rested":0,"item_purchase_floors":[4,19,39,39,39,45],"current_hp_per_floor":[53,53,51,51,51,28,28,18,18,18,18,15,27,22,34,29,52,52,52,52,26,28,43,43,58,58,58,72,66,66,49,64,36,65,65,65,55,55,55,73,58,56,56,50,50,48,69,66,82,27,11,64,82,82,80,32],"gold":35,"neow_bonus":"TRANSFORM_TWO_CARDS","is_daily":false,"chose_seed":false,"campfire_upgraded":10,"win_rate":0.0,"timestamp":1613452538,"path_taken":["M","?","M","?","M","E","R","E","T","M","M","E","R","E","R","BOSS","M","$","M","M","M","R","E","R","T","?","R","?","E","?","R","BOSS","M","?","?","M","$","R","E","M","T","M","$","E","R","?","R","BOSS","BOSS","R","$","E","BOSS"],"items_purchased_type":["Potion","Relic","Card","Relic","Relic","Card"],"build_version":"2020-12-22","purchased_purges":2,"victory":true,"max_hp_per_floor":[60,60,60,60,60,60,60,60,60,60,60,60,60,60,60,60,60,60,60,60,60,62,62,72,72,72,72,72,74,74,74,74,74,74,74,74,74,74,74,74,74,76,76,76,76,76,76,82,82,82,82,82,82,82,82,82],"relic_stats":{"Singing Bowl":12,"counters":[30,159],"Sundial":[4],"Eternal Feather":156,"Tingsha":[42],"Necronomicon":[19],"Boot":[382],"Cursed Key":1,"obtain_stats":[{"Lantern":41,"Pear":24,"Singing Bowl":19,"Eternal Feather":9,"Tingsha":55,"Omamori":30,"Ancient Tea Set":8,"Boot":14,"Cursed Key":17,"Frozen Eye":39,"Ninja Scroll":6,"Sundial":46,"Red Mask":29,"Necronomicon":31,"TungstenRod":12,"Ring of the Serpent":34,"Toy Ornithopter":39,"Ring of the Snake":0},{"Lantern":23,"Pear":15,"Singing Bowl":11,"Eternal Feather":5,"Tingsha":29,"Omamori":18,"Ancient Tea Set":5,"Boot":9,"Cursed Key":10,"Frozen Eye":22,"Ninja Scroll":4,"Sundial":26,"Red Mask":17,"Necronomicon":18,"TungstenRod":8,"Ring of the Serpent":19,"Toy Ornithopter":22,"Ring of the Snake":0},{"Lantern":102,"Pear":66,"Singing Bowl":50,"Eternal Feather":32,"Tingsha":148,"Omamori":78,"Ancient Tea Set":32,"Boot":41,"Cursed Key":47,"Frozen Eye":96,"Ninja Scroll":23,"Sundial":117,"Red Mask":74,"Necronomicon":78,"TungstenRod":37,"Ring of the Serpent":86,"Toy Ornithopter":96,"Ring of the Snake":0}],"TungstenRod":90,"Toy Ornithopter":38},"card_choices":[{"not_picked":["Acrobatics","Catalyst"],"picked":"Sucker Punch","floor":1.0},{"not_picked":["Prepared","PiercingWail"],"picked":"Underhanded Strike","floor":3.0},{"not_picked":["Flechettes","Dagger Throw"],"picked":"All Out Attack","floor":5.0},{"not_picked":["Poisoned Stab","Escape Plan"],"picked":"Footwork","floor":6.0},{"not_picked":["Setup","Bane"],"picked":"Blade Dance","floor":8.0},{"not_picked":["Dagger Throw","Deadly Poison"],"picked":"Blade Dance","floor":10.0},{"not_picked":["Underhanded Strike","Riddle With Holes"],"picked":"Calculated Gamble","floor":11.0},{"not_picked":["Acrobatics","Footwork"],"picked":"Adrenaline","floor":12.0},{"not_picked":["Predator","Heel Hook"],"picked":"Noxious Fumes","floor":14.0},{"not_picked":["Grand Finale","Doppelganger"],"picked":"A Thousand Cuts","floor":16.0},{"not_picked":["Caltrops","Sucker Punch"],"picked":"Bane+1","floor":18.0},{"not_picked":["Bane","Outmaneuver"],"picked":"All Out Attack","floor":20.0},{"not_picked":["Dagger Throw","Calculated Gamble"],"picked":"Cloak And Dagger+1","floor":21.0},{"not_picked":["Cloak And Dagger","Deflect","Masterful Stab"],"picked":"Singing Bowl","floor":22.0},{"not_picked":["Underhanded Strike","Heel Hook"],"picked":"Leg Sweep","floor":24.0},{"not_picked":["Outmaneuver","Skewer"],"picked":"Bouncing Flask+1","floor":27.0},{"not_picked":["Dagger Spray+1","Dagger Throw","Deadly Poison+1"],"picked":"Singing Bowl","floor":29.0},{"not_picked":["Acrobatics","Blade Dance"],"picked":"Tools of the Trade","floor":30.0},{"not_picked":["Bullet Time","A Thousand Cuts"],"picked":"Corpse Explosion","floor":33.0},{"not_picked":["Deflect","Underhanded Strike"],"picked":"Outmaneuver+1","floor":35.0},{"not_picked":["Deadly Poison","Underhanded Strike+1"],"picked":"Crippling Poison","floor":37.0},{"not_picked":["Slice","Eviscerate"],"picked":"Backflip","floor":38},{"not_picked":["Backstab","Predator+1"],"picked":"Wraith Form v2","floor":41},{"not_picked":["Deflect","Sucker Punch","Prepared"],"picked":"Singing Bowl","floor":42},{"not_picked":["Quick Slash","Prepared"],"picked":"Backflip+1","floor":44},{"not_picked":["Die Die Die","Dagger Spray"],"picked":"Backflip","floor":46},{"not_picked":["Trip","Panacea","Bandage Up"],"picked":"Singing Bowl","floor":48},{"not_picked":["Deep Breath","Metamorphosis","Flash of Steel"],"picked":"Singing Bowl","floor":48},{"not_picked":["Secret Technique","Finesse","Purity"],"picked":"Singing Bowl","floor":48},{"not_picked":["Cloak And Dagger","Dagger Throw"],"picked":"Catalyst","floor":55}],"player_experience":1534476,"relics_obtained":[{"floor":6.0,"key":"Ninja Scroll"},{"floor":8.0,"key":"Ancient Tea Set"},{"floor":9.0,"key":"Eternal Feather"},{"floor":12.0,"key":"TungstenRod"},{"floor":14.0,"key":"Boot"},{"floor":24.0,"key":"Pear"},{"floor":29.0,"key":"Red Mask"},{"floor":30.0,"key":"Omamori"},{"floor":31.0,"key":"Necronomicon"},{"floor":41,"key":"Lantern"},{"floor":46,"key":"Sundial"},{"floor":55,"key":"Tingsha"}],"event_choices":[{"damage_healed":0.0,"max_hp_gain":0.0,"max_hp_loss":0.0,"gold_gain":0.0,"event_name":"Upgrade Shrine","player_choice":"Upgraded","floor":2.0,"gold_loss":0.0,"damage_taken":0.0,"cards_upgraded":["Sucker Punch"]},{"damage_healed":0.0,"max_hp_gain":0.0,"max_hp_loss":0.0,"gold_gain":0.0,"event_name":"Masked Bandits","player_choice":"Fought Bandits","floor":29.0,"gold_loss":0.0,"damage_taken":0.0},{"damage_healed":0.0,"max_hp_gain":0.0,"max_hp_loss":0.0,"gold_gain":0.0,"event_name":"Cursed Tome","player_choice":"Obtained Book","floor":31.0,"gold_loss":0.0,"damage_taken":21.0},{"damage_healed":0.0,"max_hp_gain":0.0,"max_hp_loss":0.0,"gold_gain":275.0,"event_name":"Golden Shrine","player_choice":"Desecrate","floor":36.0,"gold_loss":0.0,"damage_taken":0.0,"cards_obtained":["Regret"]},{"damage_healed":0,"gold_gain":0,"player_choice":"Memory 3","damage_taken":10,"max_hp_gain":0,"max_hp_loss":0,"event_name":"SensoryStone","floor":48,"gold_loss":0}],"is_beta":false,"boss_relics":[{"not_picked":["Pandora\u0027s Box","WristBlade"],"picked":"Cursed Key"},{"not_picked":["Runic Dome","Empty Cage"],"picked":"Ring of the Serpent"}],"items_purged_floors":[45,54],"is_endless":false,"potions_floor_spawned":[3,8,10,11,14,18,20,22,24,35,55],"ascension_level":20}}