{"host":"tr0r177cvmpvg89h","time":1613497226,"event":{"mods":["BaseMod","Colored Map","DeckTracker","Minty Spire (QoL Compilation)","StSLib","SuperFastMode"],"gold_per_floor":[112,128,139,39,53,53,64,64,117,147,171,183,208,170,182,291,353,378,188,188,203,203,228,228,242,269,269,281,281,281],"floor_reached":29,"language":"KOR","playtime":2186,"items_purged":["Strike_R","Defend_R"],"score":239,"play_id":"0399a95b-68a0-4421-98b9-47e2c473587a","local_time":"20210217024026","is_ascension_mode":false,"campfire_choices":[{"data":"True Grit","floor":6,"key":"SMITH"},{"data":"Heavy Blade","floor":8,"key":"SMITH"},{"data":"Clash","floor":12,"key":"SMITH"},{"data":"Rampage","floor":15,"key":"SMITH"},{"data":"Inflame","floor":24,"key":"SMITH"},{"floor":27,"key":"REST"}],"circlet_count":0,"master_deck":["Strike_R","Strike_R","Defend_R","Defend_R","Defend_R","Bash","Dropkick","Heavy Blade+1","Clash+1","True Grit+1","Intimidate","Disarm+1","Second Wind","Rampage+1","Double Tap","Thunderclap","Power Through","Inflame+1","Dropkick","Seeing Red","Clash","Limit Break"],"relics":["Burning Blood","MawBank","Tiny House","Pantograph","Juzu Bracelet"],"acts_visited":["Exordium","TheCity"],"potions_floor_usage":[16,16,20,25,29,29,29],"damage_taken":[{"damage":14,"enemies":"Small Slimes","floor":1,"turns":4},{"damage":7,"enemies":"2 Louse","floor":2,"turns":2},{"damage":5,"enemies":"Jaw Worm","floor":3,"turns":4},{"damage":5,"enemies":"Large Slime","floor":5,"turns":5},{"damage":9,"enemies":"2 Fungi Beasts","floor":7,"turns":3},{"damage":4,"enemies":"3 Louse","floor":10,"turns":5},{"damage":17,"enemies":"Lots of Slimes","floor":11,"turns":5},{"damage":20,"enemies":"Exordium Thugs","floor":13,"turns":6},{"damage":44,"enemies":"The Guardian","floor":16,"turns":10},{"damage":17,"enemies":"2 Thieves","floor":18,"turns":5},{"damage":25,"enemies":"Masked Bandits","floor":20,"turns":3},{"damage":20,"enemies":"Chosen","floor":21,"turns":5},{"damage":41,"enemies":"Book of Stabbing","floor":23,"turns":7},{"damage":12,"enemies":"Snake Plant","floor":25,"turns":3},{"damage":28,"enemies":"Centurion and Healer","floor":28,"turns":7},{"damage":31,"enemies":"Chosen and Byrds","floor":29,"turns":6}],"seed_played":"3688509421571583413","potions_obtained":[{"floor":1,"key":"Dexterity Potion"},{"floor":2,"key":"PowerPotion"},{"floor":3,"key":"ColorlessPotion"},{"floor":10,"key":"DuplicationPotion"},{"floor":17,"key":"SmokeBomb"},{"floor":28,"key":"EntropicBrew"}],"is_trial":false,"path_per_floor":["M","M","M","$","M","R","M","R","T","M","M","R","M","?","R","B",null,"M","$","?","M","?","E","R","M","T","R","M","M"],"character_chosen":"IRONCLAD","items_purchased":["True Grit","Inflame","Dropkick"],"campfire_rested":1,"item_purchase_floors":[4,19,19],"current_hp_per_floor":[80,79,80,80,81,81,78,78,78,80,69,69,55,55,55,17,93,82,82,63,49,49,14,14,8,8,35,13,9,9],"gold":281,"neow_bonus":"TEN_PERCENT_HP_BONUS","is_daily":false,"chose_seed":false,"campfire_upgraded":5,"win_rate":0.0,"timestamp":1613497226,"path_taken":["M","M","M","$","M","R","M","R","T","M","M","R","M","?","R","BOSS","M","$","?","M","?","E","R","M","T","R","M","M"],"items_purchased_type":["Card","Card","Card"],"build_version":"2020-12-22","purchased_purges":2,"victory":false,"max_hp_per_floor":[88,88,88,88,88,88,88,88,88,88,88,88,88,88,88,88,93,93,93,93,93,93,93,93,93,93,93,93,93,93],"card_choices":[{"not_picked":["Dual Wield","Searing Blow"],"picked":"Dropkick","floor":1},{"not_picked":["Second Wind","Flame Barrier"],"picked":"Heavy Blade","floor":2},{"not_picked":["Feel No Pain","Pommel Strike"],"picked":"Clash","floor":3},{"not_picked":["Clothesline","Fire Breathing"],"picked":"Intimidate","floor":5},{"not_picked":["Heavy Blade","Dark Embrace"],"picked":"Disarm","floor":7},{"not_picked":["Dropkick","Thunderclap"],"picked":"Second Wind","floor":10},{"not_picked":["Sword Boomerang","Metallicize","Shrug It Off"],"picked":"SKIP","floor":11},{"not_picked":["Pummel","Disarm"],"picked":"Rampage","floor":13},{"not_picked":["Limit Break","Corruption"],"picked":"Double Tap","floor":16},{"not_picked":["True Grit","Dropkick"],"picked":"Thunderclap","floor":17},{"not_picked":["Thunderclap","Twin Strike"],"picked":"Power Through","floor":18},{"not_picked":["Dark Embrace","Evolve"],"picked":"Seeing Red","floor":21},{"not_picked":["Sword Boomerang","True Grit+1","Clothesline"],"picked":"SKIP","floor":23},{"not_picked":["Carnage","Evolve+1"],"picked":"Clash","floor":25},{"not_picked":["Ghostly Armor","Carnage"],"picked":"Limit Break","floor":28}],"player_experience":62530,"relics_obtained":[{"floor":9,"key":"MawBank"},{"floor":23,"key":"Pantograph"},{"floor":26,"key":"Juzu Bracelet"}],"event_choices":[{"cards_removed":["Strike_R"],"damage_healed":0,"gold_gain":0,"player_choice":"Card Removal","damage_taken":0,"max_hp_gain":0,"max_hp_loss":0,"event_name":"The Cleric","floor":14,"gold_loss":50},{"damage_healed":0,"gold_gain":0,"player_choice":"Fought Bandits","damage_taken":0,"max_hp_gain":0,"max_hp_loss":0,"event_name":"Masked Bandits","floor":20,"gold_loss":0},{"cards_removed":["Strike_R"],"damage_healed":0,"gold_gain":0,"player_choice":"Elegance","damage_taken":0,"max_hp_gain":0,"max_hp_loss":0,"event_name":"Back to Basics","floor":22,"gold_loss":0}],"is_beta":false,"boss_relics":[{"not_picked":["Velvet Choker","Busted Crown"],"picked":"Tiny House"}],"items_purged_floors":[4,19],"is_endless":false,"potions_floor_spawned":[1,2,3,10,11,20,28],"killed_by":"Chosen and Byrds","ascension_level":0}}