{"host":"oeeu8njhzvf3llor","time":1613518808,"event":{"mods":["BaseMod","Better Match","Better Note","Better Skull","Better Third Choice","Hubris","Minty Spire (QoL Compilation)","Rare Cards Sparkle","Replay The Spire","Shop Mod","Spicy Shops","StSLib","Swap Starting Deck Mod"],"gold_per_floor":[119,119,119,119,136,165,165,178,178,178,4,16,44,55,55,158,158,174,190,37,53,53,53,53,53],"floor_reached":24,"language":"ENG","playtime":824,"items_purged":[],"score":216,"play_id":"3933ae3a-9bc1-406e-bf77-b23f172ef208","local_time":"20210216184008","is_ascension_mode":true,"campfire_choices":[{"data":"Eclipse","floor":7,"key":"SMITH"},{"data":"Inflame","floor":10,"key":"SMITH"},{"data":"Mayhem","floor":15,"key":"SMITH"},{"data":"Demon Form","floor":23,"key":"SMITH"}],"circlet_count":0,"master_deck":["Strike_R","Strike_R","Strike_R","Strike_R","Defend_R","Defend_R","Defend_R","Defend_R","Bash+1","ReplayTheSpireMod:Private Reserves","Twin Strike","Eclipse+1","Sentinel","Inflame+1","Spot Weakness","Mayhem+1","Twin Strike","Double Tap","Twin Strike","Demon Form+1","ReplayTheSpireMod:Strike From Hell","Uppercut"],"relics":["Burning Blood","Smiling Mask","hubris:Reverence","Paper Frog","Juzu Bracelet","Mark of Pain","Nunchaku"],"acts_visited":["Exordium","TheCity"],"potions_floor_usage":[13,24],"damage_taken":[{"damage":7,"enemies":"2 Louse","floor":1,"turns":2},{"damage":3,"enemies":"Jaw Worm","floor":5,"turns":3},{"damage":11,"enemies":"Replay:BlueRogue","floor":6,"turns":4},{"damage":1,"enemies":"Small Slimes","floor":8,"turns":3},{"damage":37,"enemies":"Gremlin Gang","floor":12,"turns":6},{"damage":3,"enemies":"Lagavulin","floor":13,"turns":5},{"damage":10,"enemies":"Looter","floor":14,"turns":3},{"damage":23,"enemies":"Slime Boss","floor":16,"turns":10},{"damage":35,"enemies":"2 Thieves","floor":18,"turns":4},{"damage":0,"enemies":"Chosen","floor":19,"turns":3},{"damage":36,"enemies":"Shelled Parasite and Fungi","floor":21,"turns":3},{"damage":29,"enemies":"Book of Stabbing","floor":24,"turns":4}],"seed_played":"7819574509402410634","potions_obtained":[{"floor":12,"key":"DistilledChaos"},{"floor":13,"key":"Elixir"},{"floor":16,"key":"SpeedPotion"},{"floor":19,"key":"Venom Potion"}],"is_trial":false,"path_per_floor":["M","?","?","?","M","E","R","M","T","R","$","M","E","M","R","B",null,"M","M","$","M","?","R","E"],"character_chosen":"IRONCLAD","items_purchased":["Mayhem","Nunchaku"],"campfire_rested":0,"item_purchase_floors":[11,20],"current_hp_per_floor":[79,67,67,67,70,65,65,70,70,70,70,39,42,38,38,26,80,51,57,57,27,27,27,0,0],"gold":53,"neow_bonus":"RANDOM_COLORLESS","is_daily":false,"chose_seed":false,"campfire_upgraded":4,"win_rate":0.0,"timestamp":1613518808,"path_taken":["M","?","?","?","M","E","R","M","T","R","$","?","E","M","R","BOSS","M","M","$","M","?","R","E"],"items_purchased_type":["Card","Relic"],"build_version":"2020-12-22","purchased_purges":0,"victory":false,"max_hp_per_floor":[80,80,80,80,80,80,80,80,80,80,80,80,80,80,80,80,80,80,80,80,80,80,80,80,80],"card_choices":[{"not_picked":["Panacea","Replay:Parry"],"picked":"ReplayTheSpireMod:Private Reserves","floor":0},{"not_picked":["Perfected Strike","Iron Wave"],"picked":"Twin Strike","floor":1},{"not_picked":["Havoc","hubris:SharpeningStone"],"picked":"Sentinel","floor":5},{"not_picked":["Shrug It Off","Body Slam"],"picked":"Inflame","floor":6},{"not_picked":["Cleave","Flame Barrier"],"picked":"Spot Weakness","floor":8},{"not_picked":["Dark Embrace","Bloodletting"],"picked":"Twin Strike","floor":12},{"not_picked":["Warcry","Clash"],"picked":"Double Tap","floor":13},{"not_picked":["hubris:ReadiedAction","Burning Pact"],"picked":"Twin Strike","floor":14},{"not_picked":["Offering","Demonic Infusion"],"picked":"Demon Form","floor":16},{"not_picked":["Rage+1","Warcry","Armaments+1"],"picked":"SKIP","floor":18},{"not_picked":["Replay:Undeath\u0027s Touch+1","Warcry"],"picked":"ReplayTheSpireMod:Strike From Hell","floor":19},{"not_picked":["Pommel Strike+1","Entrench"],"picked":"Uppercut","floor":21}],"player_experience":518743,"relics_obtained":[{"floor":6,"key":"hubris:Reverence"},{"floor":9,"key":"Paper Frog"},{"floor":13,"key":"Juzu Bracelet"}],"event_choices":[{"damage_healed":0,"gold_gain":0,"player_choice":"Relic ","damage_taken":12,"max_hp_gain":0,"max_hp_loss":0,"event_name":"betterThird:BetterScrap","floor":2,"gold_loss":0,"cards_obtained":["Reinforced Body"]},{"damage_healed":0,"gold_gain":0,"cards_transformed":["Strike_R"],"player_choice":"Transformed","damage_taken":0,"max_hp_gain":0,"max_hp_loss":0,"event_name":"Transmorgrifier","floor":4,"gold_loss":0,"cards_obtained":["Eclipse"]},{"cards_removed":["Strike_R"],"damage_healed":0,"gold_gain":0,"player_choice":"Give","damage_taken":0,"max_hp_gain":0,"max_hp_loss":0,"event_name":"betterNote:BetterNote","floor":22,"gold_loss":0,"cards_obtained":["Strike_G"]}],"is_beta":false,"boss_relics":[{"not_picked":["SacredBark","Abe\u0027s Treasure"],"picked":"Mark of Pain"}],"items_purged_floors":[],"is_endless":false,"potions_floor_spawned":[12,13,16,19,21],"killed_by":"Book of Stabbing","ascension_level":1}}