{"host":"raaimkojny05jekw","time":1613460361,"event":{"mods":["AchievementEnabler","BaseMod","Colored Map","Colored Powertips","DeckTracker","Minty Spire (QoL Compilation)","Quick Restart","Rare Cards Sparkle","everything is the same but u backflip on backflip"],"gold_per_floor":[118,43,55,55,74,74,84,119,119,148,166,166,21,21,21,124,124,134,148,162,176,191,191,210,210,210,239,49,49,49,49,49],"floor_reached":31,"language":"KOR","playtime":896,"items_purged":["Strike_R"],"score":374,"play_id":"49626a96-ffc1-4d23-924f-d774e01c9695","local_time":"20210216162601","is_ascension_mode":true,"campfire_choices":[{"data":"Bash","floor":6,"key":"SMITH"},{"floor":12,"key":"REST"},{"data":"Armaments","floor":15,"key":"SMITH"},{"floor":23,"key":"REST"}],"circlet_count":0,"master_deck":["Strike_R","Strike_R+1","Strike_R","Strike_R","Defend_R","Defend_R","Defend_R","Defend_R+1","Bash+1","Twin Strike","Shockwave","Battle Trance","Twin Strike","Armaments+1","Reckless Charge","Rage","Demon Form","Heavy Blade","Chrysalis"],"relics":["Burning Blood","Bottled Flame","InkBottle","Letter Opener","Chemical X","Busted Crown","Smiling Mask","Question Card"],"acts_visited":["Exordium","TheCity"],"potions_floor_usage":[10,18,18,18,22,24,27,27],"damage_taken":[{"damage":3,"enemies":"2 Louse","floor":1,"turns":3},{"damage":4,"enemies":"Small Slimes","floor":3,"turns":4},{"damage":4,"enemies":"Jaw Worm","floor":5,"turns":3},{"damage":5,"enemies":"Blue Slaver","floor":7,"turns":3},{"damage":29,"enemies":"Gremlin Nob","floor":8,"turns":4},{"damage":30,"enemies":"Lagavulin","floor":10,"turns":4},{"damage":5,"enemies":"3 Louse","floor":11,"turns":3},{"damage":30,"enemies":"The Guardian","floor":16,"turns":12},{"damage":14,"enemies":"Chosen","floor":18,"turns":5},{"damage":19,"enemies":"Spheric Guardian","floor":19,"turns":4},{"damage":10,"enemies":"Centurion and Healer","floor":20,"turns":5},{"damage":17,"enemies":"Snecko","floor":21,"turns":6},{"damage":22,"enemies":"Sentry and Sphere","floor":22,"turns":4},{"damage":30,"enemies":"Snake Plant","floor":24,"turns":4},{"damage":44,"enemies":"Slavers","floor":27,"turns":7},{"damage":33,"enemies":"Colosseum Slavers","floor":30,"turns":6},{"damage":22,"enemies":"Shelled Parasite and Fungi","floor":31,"turns":2}],"seed_played":"-4282811948796423958","potions_obtained":[{"floor":1,"key":"Ancient Potion"},{"floor":8,"key":"Strength Potion"},{"floor":16,"key":"EntropicBrew"},{"floor":20,"key":"Explosive Potion"},{"floor":22,"key":"FearPotion"},{"floor":24,"key":"FairyPotion"},{"floor":27,"key":"Fruit Juice"}],"is_trial":false,"path_per_floor":["M","$","M","?","M","R","M","E","T","E","M","R","$","?","R","B",null,"M","M","M","M","M","R","M","?","T","E","$","?","?","M"],"character_chosen":"IRONCLAD","items_purchased":["Chemical X","Chrysalis"],"campfire_rested":2,"item_purchase_floors":[13,28],"current_hp_per_floor":[75,75,77,61,63,63,64,41,41,17,18,42,42,42,42,18,65,57,44,40,29,13,37,13,39,39,35,35,35,8,0,0],"gold":49,"neow_bonus":"THREE_CARDS","is_daily":false,"chose_seed":false,"campfire_upgraded":2,"win_rate":0.0,"timestamp":1613460361,"path_taken":["M","$","M","?","M","R","M","E","T","E","M","R","$","?","R","BOSS","M","M","M","M","M","R","M","?","T","E","$","?","?","M"],"items_purchased_type":["Relic","Card"],"build_version":"2020-12-22","purchased_purges":1,"victory":false,"max_hp_per_floor":[80,80,80,80,80,80,80,80,80,80,80,80,80,80,80,80,80,80,80,80,80,80,80,80,80,80,85,85,85,85,85,85],"card_choices":[{"not_picked":["Sever Soul","Havoc"],"picked":"Twin Strike","floor":0},{"not_picked":["Twin Strike","Ghostly Armor"],"picked":"Shockwave","floor":1},{"not_picked":["Cleave","Metallicize"],"picked":"Battle Trance","floor":3},{"not_picked":["Warcry","Heavy Blade"],"picked":"Twin Strike","floor":5},{"not_picked":["Hemokinesis","Clothesline","Sword Boomerang"],"picked":"SKIP","floor":7},{"not_picked":["Iron Wave","Rupture"],"picked":"Armaments","floor":8},{"not_picked":["Entrench","Thunderclap"],"picked":"Reckless Charge","floor":10},{"not_picked":["Wild Strike","Intimidate"],"picked":"Rage","floor":11},{"not_picked":["Limit Break","Reaper"],"picked":"Demon Form","floor":16},{"not_picked":["Anger"],"picked":"SKIP","floor":18},{"not_picked":["Pommel Strike"],"picked":"SKIP","floor":19},{"not_picked":["Twin Strike"],"picked":"SKIP","floor":20},{"not_picked":["Twin Strike"],"picked":"SKIP","floor":21},{"not_picked":["Sword Boomerang"],"picked":"SKIP","floor":22},{"not_picked":[],"picked":"Heavy Blade","floor":24},{"not_picked":["Clothesline"],"picked":"SKIP","floor":27}],"player_experience":755681,"relics_obtained":[{"floor":8,"key":"Bottled Flame"},{"floor":9,"key":"InkBottle"},{"floor":10,"key":"Letter Opener"},{"floor":26,"key":"Smiling Mask"},{"floor":27,"key":"Question Card"}],"event_choices":[{"damage_healed":0,"gold_gain":0,"player_choice":"Entered Light","damage_taken":16,"max_hp_gain":0,"max_hp_loss":0,"event_name":"Shining Light","floor":4,"gold_loss":0,"cards_upgraded":["Defend_R","Strike_R"]},{"damage_healed":0,"gold_gain":0,"player_choice":"Ignored","damage_taken":0,"max_hp_gain":0,"max_hp_loss":0,"event_name":"Liars Game","floor":14,"gold_loss":0},{"damage_healed":26,"gold_gain":0,"player_choice":"Heal","damage_taken":0,"max_hp_gain":0,"max_hp_loss":0,"event_name":"The Library","floor":25,"gold_loss":0},{"damage_healed":0,"gold_gain":0,"player_choice":"Fight","damage_taken":0,"max_hp_gain":0,"max_hp_loss":0,"event_name":"Colosseum","floor":30,"gold_loss":0},{"damage_healed":0,"gold_gain":0,"player_choice":"Fled From Nobs","damage_taken":0,"max_hp_gain":0,"max_hp_loss":0,"event_name":"Colosseum","floor":30,"gold_loss":0}],"is_beta":false,"boss_relics":[{"not_picked":["Astrolabe","Velvet Choker"],"picked":"Busted Crown"}],"items_purged_floors":[2],"is_endless":false,"potions_floor_spawned":[1,8,16,20,22,24,27],"killed_by":"Shelled Parasite and Fungi","ascension_level":8}}