{"host":"appz8zkad29u9482","time":1613434609,"event":{"mods":["100% Spire Juice","2.2 Compatiblity","Act Like it!","Aspiration","Bard","BaseMod","Beaked The Cultist","Better Altar","Better Match","Better Note","Better Sensory Stone","Better Skull","Better Third Choice","BetterRewards","CapriCore","Conspire","Disable Question Mark Monsters","Energized Spire","GifTheSpireLib","Gold Saver","Halation","Hermit","Hubris","Jedi Mod","Marisa????????","Minty Spire (QoL Compilation)","Permanent Neow","Replay The Spire","Spicy Shops","Spire Arcade","StSLib","Strawberry Spire","Stuff the Spire","The Cursed","The Immortal","yUi"],"gold_per_floor":[118,47,61,79,79,107,107,119,119,99,114,125,3,3,3,103,103,115,115,115,34,34,69,69,85,110,123,134,144,144,144],"floor_reached":30,"language":"ENG","playtime":1448,"items_purged":[],"score":302,"play_id":"7b2e2b5f-8df3-448e-8afa-313a07825bb1","local_time":"20210215141649","is_ascension_mode":false,"campfire_choices":[{"data":"TheCursedMod:CircleOfCorruption","floor":7,"key":"SMITH"},{"floor":15,"key":"REST"},{"data":"Moonworks:MeltingMemories","floor":24,"key":"SMITH"}],"circlet_count":0,"master_deck":["TheCursedMod:Strike_TheCursed","TheCursedMod:Strike_TheCursed","TheCursedMod:Strike_TheCursed","TheCursedMod:Strike_TheCursed","TheCursedMod:Defend_TheCursed","TheCursedMod:Defend_TheCursed+1","TheCursedMod:Defend_TheCursed","TheCursedMod:Defend_TheCursed","TheCursedMod:CursedWand+1","TheCursedMod:CleanUpWorkshop","TheCursedMod:Dregs","TheCursedMod:CircleOfCorruption+1","TheCursedMod:ReleasedKnowledge","TheCursedMod:SmokeScreen","TheCursedMod:CursedSpellbook","TheCursedMod:CircleOfBlood","TheCursedMod:ReleasedStrength+1","TheCursedMod:CursedShiv","TheCursedMod:VoidForm","TheCursedMod:HellfireBreathing","Moonworks:MeltingMemories+1","ReplayTheSpireMod:Private Reserves","Finesse","TheCursedMod:Hemoplague","TheCursedMod:ReleasedKnowledge+1","TheCursedMod:Wield","TheCursedMod:TacticalStrike+1","TheCursedMod:CursedMace"],"relics":["TheCursedMod:BlackMagic101","Sundial","hubris:BottledRain","Shovel","War Paint","Replay:Bronze Core","halation:LostSnail","halation:PinkSoulGem","Lantern","StuffTheSpire:GrapeVine"],"acts_visited":["Exordium","TheCity"],"potions_floor_usage":[12,12,23,23,23],"damage_taken":[{"damage":0,"enemies":"Small Slimes","floor":1,"turns":3},{"damage":2,"enemies":"Jaw Worm","floor":3,"turns":3},{"damage":0,"enemies":"conspire:RoseBush","floor":4,"turns":2},{"damage":34,"enemies":"3 Sentries","floor":6,"turns":12},{"damage":3,"enemies":"Red Slaver","floor":8,"turns":4},{"damage":6,"enemies":"Large Slime","floor":11,"turns":6},{"damage":0,"enemies":"Gremlin Gang","floor":12,"turns":4},{"damage":0,"enemies":"Slime Boss","floor":16,"turns":6},{"damage":3,"enemies":"conspire:FuzzyDice","floor":18,"turns":4},{"damage":41,"enemies":"Gremlin Leader","floor":23,"turns":5},{"damage":0,"enemies":"Spheric Guardian","floor":25,"turns":3},{"damage":11,"enemies":"Snake Plant","floor":27,"turns":3},{"damage":3,"enemies":"conspire:HollyBat","floor":28,"turns":7},{"damage":40,"enemies":"3 Cultists","floor":29,"turns":5},{"damage":10,"enemies":"Chosen and Byrds","floor":30,"turns":1}],"seed_played":"1995956501780158271","potions_obtained":[{"floor":3,"key":"Swift Potion"},{"floor":8,"key":"Milkshake"},{"floor":10,"key":"DistilledChaos"},{"floor":11,"key":"BlessingOfTheForge"},{"floor":12,"key":"SkillPotion"},{"floor":18,"key":"Explosive Potion"}],"is_trial":false,"path_per_floor":["M","?","M","M","?","E","R","M","T","?","M","M","$","$","R","B",null,"M","?","?","$","?","E","R","M","T","M","M","M","M"],"character_chosen":"THE_CURSED","items_purchased":["War Paint","TheCursedMod:CursedShiv","halation:LostSnail"],"campfire_rested":1,"item_purchase_floors":[13,13,21],"current_hp_per_floor":[75,75,73,73,75,41,41,38,38,38,32,36,36,36,58,64,75,72,72,72,72,72,33,33,37,37,49,46,8,0,0],"gold":144,"neow_bonus":"UPGRADE_CARD","is_daily":false,"chose_seed":false,"campfire_upgraded":2,"win_rate":0.0,"timestamp":1613434609,"path_taken":["M","?","M","?","?","E","R","?","T","?","?","M","?","$","R","BOSS","M","?","?","?","?","E","R","M","T","?","M","?","M"],"items_purchased_type":["Relic","Card","Relic"],"build_version":"2020-12-22","purchased_purges":0,"victory":false,"max_hp_per_floor":[75,75,75,75,75,75,75,75,75,75,75,75,75,75,75,75,75,75,75,75,75,75,75,75,75,75,75,75,75,75,75],"card_choices":[{"not_picked":["TheCursedMod:Stretching","TheCursedMod:SmokeScreen"],"picked":"TheCursedMod:CircleOfCorruption","floor":1},{"not_picked":["TheCursedMod:VitalStrike","TheCursedMod:CursedArmor"],"picked":"TheCursedMod:ReleasedKnowledge","floor":3},{"not_picked":["TheCursedMod:AbyssShockwave","TheCursedMod:CursedMace"],"picked":"TheCursedMod:TroublousMinions","floor":4},{"not_picked":["TheCursedMod:VitalStrike","TheCursedMod:FuryStrike"],"picked":"TheCursedMod:SmokeScreen","floor":6},{"not_picked":["TheCursedMod:CursedBoomerang","TheCursedMod:TacticalStrike"],"picked":"TheCursedMod:CursedSpellbook","floor":8},{"not_picked":["TheCursedMod:PrepareRite","TheCursedMod:CursedAmulet"],"picked":"TheCursedMod:CircleOfBlood","floor":11},{"not_picked":["TheCursedMod:Torture","TheCursedMod:CursedSpellbook"],"picked":"TheCursedMod:ReleasedStrength","floor":12},{"not_picked":["TheCursedMod:ShockAndAwe","TheCursedMod:UltimatePain"],"picked":"TheCursedMod:VoidForm","floor":16},{"not_picked":["TheCursedMod:Obscuration","TheCursedMod:AshesToAshes+1"],"picked":"TheCursedMod:HellfireBreathing","floor":18},{"not_picked":["jedi:forcepush","Replay:Sssssssssstrike"],"picked":"ReplayTheSpireMod:Private Reserves","floor":20},{"not_picked":["Forethought","Survey Options"],"picked":"Finesse","floor":20},{"not_picked":["TheCursedMod:RapidMovement","TheCursedMod:PrepareRite"],"picked":"TheCursedMod:Hemoplague","floor":23},{"not_picked":["TheCursedMod:CircleOfWindfury+1","TheCursedMod:VitalStrike+1"],"picked":"TheCursedMod:ReleasedKnowledge+1","floor":25},{"not_picked":["TheCursedMod:RapidMovement+1","TheCursedMod:Grudge+1"],"picked":"TheCursedMod:Wield","floor":27},{"not_picked":["TheCursedMod:FleshFromBone","TheCursedMod:SpitefulStrike"],"picked":"TheCursedMod:TacticalStrike+1","floor":28},{"not_picked":["TheCursedMod:VitalStrike+1","TheCursedMod:CircleOfCorruption"],"picked":"TheCursedMod:CursedMace","floor":29}],"player_experience":554394,"relics_obtained":[{"floor":6,"key":"hubris:BottledRain"},{"floor":9,"key":"Shovel"},{"floor":23,"key":"Lantern"},{"floor":26,"key":"StuffTheSpire:GrapeVine"}],"event_choices":[{"damage_healed":0,"gold_gain":0,"player_choice":"Paid Gold","damage_taken":0,"relics_obtained":["Sundial"],"max_hp_gain":0,"max_hp_loss":0,"event_name":"WeMeetAgain","floor":2,"gold_loss":71},{"cards_removed":["TheCursedMod:TroublousMinions"],"damage_healed":2,"gold_gain":0,"player_choice":"Offered Uncommon","damage_taken":0,"max_hp_gain":0,"max_hp_loss":0,"event_name":"Bonfire Elementals","floor":5,"gold_loss":0},{"damage_healed":0,"gold_gain":0,"player_choice":"Bought 1 Potion","damage_taken":0,"max_hp_gain":0,"max_hp_loss":0,"event_name":"The Woman in Blue","floor":10,"gold_loss":0},{"cards_removed":["TheCursedMod:VoidForm"],"damage_healed":0,"gold_gain":0,"player_choice":"Take \u0026 Give","damage_taken":0,"max_hp_gain":0,"max_hp_loss":0,"event_name":"betterNote:BetterNote","floor":19,"gold_loss":0,"cards_obtained":["Moonworks:MeltingMemories"]},{"damage_healed":0,"gold_gain":2,"player_choice":"1","damage_taken":0,"max_hp_gain":0,"max_hp_loss":0,"event_name":"betterStone:BetterStone","floor":20,"gold_loss":0}],"is_beta":false,"boss_relics":[{"not_picked":["hubris:VirtuousBlindfold","jedi:battlestandard"],"picked":"Replay:Bronze Core"}],"items_purged_floors":[],"is_endless":false,"potions_floor_spawned":[3,8,11,12,18],"killed_by":"Chosen and Byrds","ascension_level":0}}