{"host":"z439itq93uucuvou","time":1613450379,"event":{"mods":["BaseMod","Colored Powertips","Jorbs\u0027s Wanderer Trilogy","Minty Spire (QoL Compilation)","StSLib"],"gold_per_floor":[114,39,39,50,50,77,77,77,100,100,127,127,127,137,137,214,214,227,246,29,304,321,321,321],"floor_reached":23,"language":"ENG","playtime":617,"items_purged":[],"score":444,"play_id":"6e352f2b-139a-46a2-8db8-7f7728c7d0a1","local_time":"20210215203939","is_ascension_mode":true,"campfire_choices":[{"data":"Terror","floor":8,"key":"SMITH"},{"data":"Neutralize","floor":10,"key":"SMITH"},{"data":"Blade Dance","floor":13,"key":"SMITH"},{"data":"Dodge and Roll","floor":15,"key":"SMITH"}],"circlet_count":0,"master_deck":["AscendersBane","Defend_G","Defend_G","Defend_G","Defend_G","Defend_G","Survivor+1","Neutralize+1","Catalyst+1","Blade Dance+1","Flying Knee","Terror+1","Poisoned Stab","Dodge and Roll+1","Wraith Form v2","Die Die Die+1","Underhanded Strike+1","Endless Agony+1","Poisoned Stab","Sadistic Nature","Regret"],"relics":["Ring of the Snake","NeowsBlessing","Bronze Scales","Art of War","Boot","Astrolabe"],"acts_visited":["Exordium","TheCity"],"potions_floor_usage":[11,23],"damage_taken":[{"damage":0,"enemies":"2 Louse","floor":1,"turns":1},{"damage":0,"enemies":"Small Slimes","floor":4,"turns":1},{"damage":0,"enemies":"3 Sentries","floor":6,"turns":1},{"damage":13,"enemies":"Lagavulin","floor":11,"turns":7},{"damage":0,"enemies":"Cultist","floor":14,"turns":2},{"damage":19,"enemies":"The Guardian","floor":16,"turns":11},{"damage":20,"enemies":"Spheric Guardian","floor":18,"turns":5},{"damage":7,"enemies":"Shell Parasite","floor":19,"turns":4},{"damage":16,"enemies":"Snake Plant","floor":22,"turns":3},{"damage":18,"enemies":"Slavers","floor":23,"turns":1}],"seed_played":"904586858650164097","potions_obtained":[{"floor":1,"key":"SkillPotion"},{"floor":22,"key":"Explosive Potion"}],"is_trial":false,"path_per_floor":["M","?","$","M","?","E","?","R","T","R","E","?","R","M","R","B",null,"M","M","$","?","M","E"],"character_chosen":"THE_SILENT","items_purchased":["Sadistic Nature"],"campfire_rested":0,"item_purchase_floors":[20],"current_hp_per_floor":[59,59,59,59,59,59,39,39,39,39,26,26,26,26,26,7,51,31,24,24,24,8,0,0],"gold":321,"neow_bonus":"THREE_ENEMY_KILL","is_daily":false,"chose_seed":false,"campfire_upgraded":4,"win_rate":0.0,"timestamp":1613450379,"path_taken":["M","?","$","M","?","E","?","R","T","R","E","?","R","M","R","BOSS","M","M","$","?","M","E"],"items_purchased_type":["Card"],"build_version":"2020-12-22","purchased_purges":0,"victory":false,"max_hp_per_floor":[66,66,66,66,66,66,66,66,66,66,66,66,66,66,66,66,66,66,66,66,66,66,66,66],"card_choices":[{"not_picked":["Distraction","PiercingWail"],"picked":"Catalyst","floor":1},{"not_picked":["Quick Slash","Deflect"],"picked":"Blade Dance","floor":4},{"not_picked":["Dagger Spray","Backflip"],"picked":"Terror","floor":6},{"not_picked":["Endless Agony","Deflect"],"picked":"Poisoned Stab","floor":11},{"not_picked":["Poisoned Stab","Deflect"],"picked":"Dodge and Roll","floor":14},{"not_picked":["Malaise","Storm of Steel"],"picked":"Wraith Form v2","floor":16},{"not_picked":["Flying Knee","Outmaneuver","Heel Hook"],"picked":"SKIP","floor":18},{"not_picked":["Poisoned Stab","Expertise","Dagger Throw"],"picked":"SKIP","floor":19},{"not_picked":["Expertise","Dagger Throw"],"picked":"Poisoned Stab","floor":19},{"not_picked":["Choke","Bane","Prepared"],"picked":"SKIP","floor":22}],"player_experience":1494491,"relics_obtained":[{"floor":6,"key":"Bronze Scales"},{"floor":9,"key":"Art of War"},{"floor":11,"key":"Boot"}],"event_choices":[{"cards_removed":["Strike_G"],"damage_healed":0,"gold_gain":0,"player_choice":"Card Removal","damage_taken":0,"max_hp_gain":0,"max_hp_loss":0,"event_name":"The Cleric","floor":2,"gold_loss":75},{"damage_healed":0,"gold_gain":0,"cards_transformed":["Strike_G"],"player_choice":"Change","damage_taken":0,"max_hp_gain":0,"max_hp_loss":0,"event_name":"Living Wall","floor":5,"gold_loss":0,"cards_obtained":["Flying Knee"]},{"damage_healed":0,"gold_gain":0,"player_choice":"Entered Light","damage_taken":20,"max_hp_gain":0,"max_hp_loss":0,"event_name":"Shining Light","floor":7,"gold_loss":0,"cards_upgraded":["Catalyst","Survivor"]},{"damage_healed":0,"gold_gain":0,"player_choice":"Ignored","damage_taken":0,"max_hp_gain":0,"max_hp_loss":0,"event_name":"Liars Game","floor":12,"gold_loss":0},{"damage_healed":0,"gold_gain":275,"player_choice":"Desecrate","damage_taken":0,"max_hp_gain":0,"max_hp_loss":0,"event_name":"Golden Shrine","floor":21,"gold_loss":0,"cards_obtained":["Regret"]}],"is_beta":false,"boss_relics":[{"not_picked":["Empty Cage","Fusion Hammer"],"picked":"Astrolabe"}],"items_purged_floors":[],"is_endless":false,"potions_floor_spawned":[1,22],"killed_by":"Slavers","ascension_level":20}}