{"host":"rguvlafm46vqn9ib","time":1613457186,"event":{"mods":["2.2 Compatiblity","AchievementEnabler","Act Like it!","Arknights","Aspiration","BaseMod","Beaked The Cultist","Better Match","Better Note","Better Third Choice","BetterRewards","Colored Map","Downfall","Elementarium","GifTheSpireLib","Hermit","Highlight Path","Hubris","JesterMod","Mad Scientist","Minty Spire (QoL Compilation)","RRrroohrrRGHHhhh!!","Reliquary","Reorder Act Four","Replay The Spire","Retaliation","SCP261 Mod","Small Relic Pack","Spikes Relics","StSLib","Stuff the Spire","The Blackbeard","The Bug Knight","The Construct","The Death Knight","The Disciple","The Forsaken","The Judge","The Marked","The Mystic","The Necromancer","The Problem Sleuth","The Runesmith","TheSwordswoman"],"gold_per_floor":[113,39,39,56,56,56,84,84,84,119,139,157,157,167,167,263,263,281,300,300,300,319,319,354,79,79,91,103,123,136,150,150,253,253,267,284,30,43,43,43],"floor_reached":39,"language":"ENG","playtime":3799,"items_purged":[],"score":676,"play_id":"4d7528e0-4dc7-4cd7-8b98-c51b10656ba4","local_time":"20210216063306","is_ascension_mode":true,"campfire_choices":[{"floor":6,"key":"REST"},{"data":"DeathKnight:Contagion","floor":13,"key":"SMITH"},{"floor":23,"key":"REST"},{"floor":32,"key":"REST"}],"circlet_count":0,"master_deck":["DeathKnight:Strike_DeathKnight","DeathKnight:Strike_DeathKnight","DeathKnight:Strike_DeathKnight","DeathKnight:Strike_DeathKnight","DeathKnight:Defend_DeathKnight","DeathKnight:Defend_DeathKnight","DeathKnight:Defend_DeathKnight","DeathKnight:Defend_DeathKnight","DeathKnight:RuneTap","DeathKnight:PillarOfFrost","DeathKnight:Hysteria","Venomology","DeathKnight:DancingRuneblade","DeathKnight:BloodStrike","DeathKnight:BludPresence","Flame Barrier+1","DeathKnight:BladedArmor","Toxin Wave","Strike_G","Eviscerate","DeathKnight:DancingRuneblade","DeathKnight:HornOfWinter","DeathKnight:Contagion+1","DeathKnight:Hysteria","DeathKnight:IceboundArmor","DeathKnight:Defile","CurseOfTheBell","DeathKnight:RuneStrike","DeathKnight:DeathCoil+1","ats:Part Time Job","DeathKnight:GargoyleSkin+1","DeathKnight:DeathGrip","DeathKnight:HowlingBlast","DeathKnight:BladedArmor","DeathKnight:WraithWalk","DeathKnight:DeathStrike+1","DeathKnight:MindFreeze+1","DeathKnight:GargoyleSkin+1","DeathKnight:MarkOfBlood","DeathKnight:FrostStrike","DeathKnight:AntiMagicShell+1","DeathKnight:Hemostasis+1","DeathKnight:ScourgeStrike"],"relics":["DeathKnight:BrokenRuneblade","aspiration:ArtOfWarUpgrade","hubris:EmptyBottle","reliquary:TatteredRug","Toy Ornithopter","GiantMaggot","reliquary:Knoch","Calling Bell","StuffTheSpire:Mouthbags","theForsaken:ScaryMask","Calipers","hubris:Icosahedron","ats:Originium","reliquary:NewFriend","reliquary:Stiletto","reliquary:RosewoodLute","Black Star","theForsaken:Lifeblossom"],"acts_visited":["Exordium","TheCity","TheBeyond"],"potions_floor_usage":[1,7,7,10,10,10,14,14,16,19,19,22,22,24,24,24,28,28,29,29,29,30,30,30,33,33,33,33,38,38,38,38,38,38,39],"damage_taken":[{"damage":9,"enemies":"ats:Genji","floor":1,"turns":4},{"damage":4,"enemies":"Small Slimes","floor":4,"turns":4},{"damage":19,"enemies":"HollowMod:MossKnight","floor":7,"turns":6},{"damage":0,"enemies":"Replay:BlueRogue","floor":10,"turns":8},{"damage":3,"enemies":"Cultist","floor":11,"turns":4},{"damage":1,"enemies":"Looter","floor":12,"turns":3},{"damage":10,"enemies":"Gremlin Gang","floor":14,"turns":4},{"damage":35,"enemies":"Slime Boss","floor":16,"turns":6},{"damage":13,"enemies":"Chosen","floor":18,"turns":4},{"damage":19,"enemies":"3 Byrds","floor":19,"turns":3},{"damage":25,"enemies":"Centurion and Healer","floor":22,"turns":8},{"damage":42,"enemies":"Book of Stabbing","floor":24,"turns":5},{"damage":10,"enemies":"Snecko","floor":27,"turns":4},{"damage":18,"enemies":"Shelled Parasite and Fungi","floor":28,"turns":4},{"damage":0,"enemies":"Sentry and Sphere","floor":29,"turns":3},{"damage":5,"enemies":"Snake Plant","floor":30,"turns":3},{"damage":26,"enemies":"Centurion and Healer","floor":31,"turns":3},{"damage":38,"enemies":"Collector","floor":33,"turns":9},{"damage":0,"enemies":"Orb Walker","floor":35,"turns":5},{"damage":59,"enemies":"3 Darklings","floor":36,"turns":5},{"damage":42,"enemies":"Maw","floor":38,"turns":8},{"damage":41,"enemies":"Spire Growth","floor":39,"turns":5}],"seed_played":"-3870956618295586062","potions_obtained":[{"floor":4,"key":"DistilledChaos"},{"floor":7,"key":"ColorlessPotion"},{"floor":14,"key":"SpeedPotion"},{"floor":18,"key":"Weak Potion"},{"floor":24,"key":"SCP261:EnergyGasPotion"},{"floor":28,"key":"ColorlessPotion"}],"is_trial":false,"path_per_floor":["M","$","?","M","?","R","E","R","T","E","M","M","R","M","R","B",null,"M","M","?","?","M","R","E","$","T","M","M","M","M","M","R","B",null,"M","M","$","M","M"],"character_chosen":"DEATH_KNIGHT","items_purchased":["Art of War","hubris:EmptyBottle","DeathKnight:PillarOfFrost","DeathKnight:Hysteria","Venomology","reliquary:TatteredRug","AttackPotion","Explosive Potion","DeathKnight:ScourgeStrike","DeathKnight:BloodStrike","DeathKnight:BludPresence","reliquary:Stiletto","DeathKnight:DeathGrip","DeathKnight:HowlingBlast","theForsaken:Lifeblossom","DeathKnight:Hemostasis+1","PowerPotion"],"campfire_rested":3,"item_purchase_floors":[0,0,0,0,0,0,0,0,0,2,2,25,25,25,37,37,37],"current_hp_per_floor":[66,66,49,45,45,67,58,58,58,73,70,69,69,69,69,39,75,62,53,53,53,44,66,42,42,42,32,29,49,59,33,55,43,75,75,27,27,27,0,0],"gold":43,"neow_bonus":"","is_daily":false,"chose_seed":false,"campfire_upgraded":1,"win_rate":0.0,"timestamp":1613457186,"path_taken":["M","$","?","M","?","R","E","R","T","E","M","M","R","M","R","BOSS","M","?","?","?","?","R","E","$","T","M","M","M","M","M","R","BOSS","M","M","$","M","M"],"items_purchased_type":["Relic","Relic","Card","Card","Card","Relic","Potion","Potion","Card","Card","Card","Relic","Card","Card","Relic","Card","Potion"],"build_version":"2020-12-22","purchased_purges":0,"victory":false,"max_hp_per_floor":[75,75,75,75,75,75,75,75,75,75,75,75,75,75,75,75,75,75,75,75,75,75,75,75,75,75,75,75,75,75,75,75,75,75,75,75,75,75,75,75],"card_choices":[{"not_picked":["DeathKnight:MindFreeze","DeathKnight:BludPresence"],"picked":"DeathKnight:DancingRuneblade","floor":1},{"not_picked":["DeathKnight:DreadStrike","DeathKnight:FrostStrike"],"picked":"DeathKnight:BladedArmor","floor":4},{"not_picked":["DeathKnight:Marrowrend","DeathKnight:DreadStrike"],"picked":"DeathKnight:DancingRuneblade","floor":7},{"not_picked":["DeathKnight:BoneSpear","DeathKnight:UnholyFrenzy"],"picked":"DeathKnight:HornOfWinter","floor":10},{"not_picked":["DeathKnight:Obliterate","DeathKnight:DeathStrike"],"picked":"DeathKnight:Contagion","floor":11},{"not_picked":["DeathKnight:BloodPact","DeathKnight:ThirstingStrike"],"picked":"DeathKnight:Hysteria","floor":12},{"not_picked":["DeathKnight:PathOfFrost","DeathKnight:BloodTap"],"picked":"DeathKnight:IceboundArmor","floor":14},{"not_picked":["DeathKnight:ArmyOfTheDead","DeathKnight:BoneStorm"],"picked":"DeathKnight:Defile","floor":16},{"not_picked":["DeathKnight:UnholyPresence","DeathKnight:HornOfWinter","DeathKnight:BludPresence"],"picked":"SKIP","floor":18},{"not_picked":["DeathKnight:RunicCorruption","DeathKnight:Ossuary"],"picked":"DeathKnight:DeathCoil+1","floor":19},{"not_picked":["DeathKnight:ThirstingStrike","DeathKnight:DeathsAdvance","DeathKnight:FrosPresence"],"picked":"SKIP","floor":22},{"not_picked":["DeathKnight:FrosPresence","DeathKnight:HowlingBlast"],"picked":"DeathKnight:GargoyleSkin+1","floor":24},{"not_picked":["DeathKnight:FrostStrike","DeathKnight:UnholyExperiment"],"picked":"DeathKnight:BladedArmor","floor":27},{"not_picked":["DeathKnight:RunicCorruption","DeathKnight:DeathRune"],"picked":"DeathKnight:WraithWalk","floor":28},{"not_picked":["DeathKnight:RunicCorruption+1","DeathKnight:FrostStrike"],"picked":"DeathKnight:DeathStrike+1","floor":29},{"not_picked":["DeathKnight:DeathGrip+1","DeathKnight:DeathRune"],"picked":"DeathKnight:MindFreeze+1","floor":30},{"not_picked":["DeathKnight:FesteringStrike+1","DeathKnight:PillarOfFrost"],"picked":"DeathKnight:GargoyleSkin+1","floor":31},{"not_picked":["DeathKnight:Razorice","DeathKnight:RunicDetonation"],"picked":"DeathKnight:MarkOfBlood","floor":33},{"not_picked":["DeathKnight:Hysteria+1","DeathKnight:Ossuary+1"],"picked":"DeathKnight:FrostStrike","floor":35},{"not_picked":["DeathKnight:Hysteria+1","DeathKnight:ScourgeStrike+1"],"picked":"DeathKnight:AntiMagicShell+1","floor":36},{"not_picked":["DeathKnight:MutagenicPlague","DeathKnight:BladedArmor"],"picked":"DeathKnight:ScourgeStrike","floor":38}],"player_experience":999893,"relics_obtained":[{"floor":7,"key":"GiantMaggot"},{"floor":10,"key":"reliquary:Knoch"},{"floor":17,"key":"StuffTheSpire:Mouthbags"},{"floor":17,"key":"theForsaken:ScaryMask"},{"floor":17,"key":"Calipers"},{"floor":24,"key":"ats:Originium"},{"floor":24,"key":"reliquary:NewFriend"},{"floor":26,"key":"reliquary:RosewoodLute"}],"event_choices":[{"cards_removed":["DeathKnight:Defile"],"damage_healed":0,"gold_gain":0,"player_choice":"Take \u0026 Give","damage_taken":0,"max_hp_gain":0,"max_hp_loss":0,"event_name":"betterNote:BetterNote","floor":20,"gold_loss":0,"cards_obtained":["ats:Part Time Job"]}],"is_beta":false,"boss_relics":[{"not_picked":["beaked:MawFillet","Replay:Bronze Core"],"picked":"Calling Bell"},{"not_picked":["reliquary:KinkedSpring","relicPack:ShieldShield"],"picked":"Black Star"}],"items_purged_floors":[],"is_endless":false,"potions_floor_spawned":[4,7,14,18,24,28],"killed_by":"Spire Growth","ascension_level":2}}