{"host":"0z6l31g9ps0v9zzp","time":1613469510,"event":{"mods":["Act Like it!","BaseMod","CapriCore","Minty Spire (QoL Compilation)","MostiFishMod","StSLib","The Animator"],"gold_per_floor":[114,134,234,257,276,303,303,336,336,377,402,466,466,116,116,218,243,262,262,532,543,557,641,83,139,164,221,221,286,18,32,32,134,159,175,175,175,24,24,81,81,139,191,191,243,263,322,340,340,340,340,340,751,801,856,881,353,353,428,508,508,253,373,398,248,10,10,10],"floor_reached":67,"language":"ZHS","playtime":4924,"items_purged":["animator:Strike","animator:Strike","animator:Strike"],"score":1160,"play_id":"33618a56-4662-450f-97bd-5e8b589b2325","local_time":"20210216175830","is_ascension_mode":false,"campfire_choices":[{"data":"animator:Demiurge","floor":7.0,"key":"SMITH"},{"floor":13.0,"key":"REST"},{"data":"animator:NarberalGamma","floor":15.0,"key":"SMITH"},{"data":"animator:Shalltear","floor":28.0,"key":"SMITH"},{"data":"animator:Envy","floor":32.0,"key":"SMITH"},{"data":"animator:Cocytus","floor":41.0,"key":"SMITH"},{"data":"animator:Sebas","floor":44.0,"key":"SMITH"},{"floor":49.0,"key":"RECALL"},{"data":"animator:PandorasActor","floor":52.0,"key":"SMITH"},{"data":"animator:Entoma+1","floor":58.0,"key":"SMITH"}],"circlet_count":0,"master_deck":["animator:Strike_Overlord+1","animator:Defend_Overlord+1","animator:Defend+1","animator:Defend+1","animator:Defend+1","animator:Cocytus+1","animator:Demiurge+1","animator:PandorasActor+1","animator:Shalltear+1","animator:Envy+1","animator:Gilgamesh+19","animator:NarberalGamma+1","animator:Albedo+1","animator:Cocytus+1","animator:Sebas+1","animator:Ainz+1","animator:Greed+1","animator:SwordMaiden+1","animator:Entoma+10","animator:HigakiRinne+1","animator:Saber+1","animator:Ainz+1"],"relics":["animator:TheEgnaroPiece","animator:AncientMedallion"],"acts_visited":["Exordium","TheCity","TheBeyond","TheEnding","EYB:TheUnnamedReign"],"potions_floor_usage":[63,67],"damage_taken":[{"damage":2.0,"enemies":"Cultist","floor":1.0,"turns":5.0},{"damage":1.0,"enemies":"Jaw Worm","floor":2.0,"turns":5.0},{"damage":7.0,"enemies":"2 Louse","floor":4.0,"turns":4.0},{"damage":11.0,"enemies":"2 Fungi Beasts","floor":5.0,"turns":4.0},{"damage":35.0,"enemies":"Lagavulin","floor":6.0,"turns":9.0},{"damage":27.0,"enemies":"3 Sentries","floor":8.0,"turns":9.0},{"damage":13.0,"enemies":"Gremlin Nob","floor":10.0,"turns":5.0},{"damage":6.0,"enemies":"Lagavulin","floor":12.0,"turns":8.0},{"damage":34.0,"enemies":"Hexaghost","floor":16.0,"turns":8.0},{"damage":0.0,"enemies":"3 Byrds","floor":18.0,"turns":4.0},{"damage":8.0,"enemies":"2 Thieves","floor":21.0,"turns":4.0},{"damage":19.0,"enemies":"Snecko","floor":22.0,"turns":5.0},{"damage":17.0,"enemies":"Book of Stabbing","floor":23.0,"turns":6.0},{"damage":0.0,"enemies":"Slavers","floor":25.0,"turns":3.0},{"damage":5.0,"enemies":"animator:HornedBat","floor":27.0,"turns":6.0},{"damage":13.0,"enemies":"Gremlin Leader","floor":29.0,"turns":7.0},{"damage":3.0,"enemies":"Snake Plant","floor":31.0,"turns":4.0},{"damage":25.0,"enemies":"Automaton","floor":33.0,"turns":10.0},{"damage":13.0,"enemies":"3 Shapes","floor":35.0,"turns":4.0},{"damage":56.0,"enemies":"Reptomancer","floor":40.0,"turns":7.0},{"damage":34.0,"enemies":"Nemesis","floor":42.0,"turns":7.0},{"damage":0.0,"enemies":"Reptomancer","floor":45.0,"turns":7.0},{"damage":0.0,"enemies":"3 Darklings","floor":46.0,"turns":5.0},{"damage":0.0,"enemies":"Giant Head","floor":47.0,"turns":7.0},{"damage":9.0,"enemies":"Jaw Worm Horde","floor":48.0,"turns":4.0},{"damage":22.0,"enemies":"Donu and Deca","floor":50.0,"turns":7.0},{"damage":0.0,"enemies":"animator:UNNAMED_CULTIST_1","floor":54.0,"turns":13.0},{"damage":36.0,"enemies":"animator:TRIPLE_SHAPES_WEAK","floor":55.0,"turns":9.0},{"damage":0.0,"enemies":"animator:UNNAMED_CULTIST_2","floor":59.0,"turns":16.0},{"damage":8.0,"enemies":"animator:TRIPLE_LAGAVULIN","floor":60.0,"turns":8.0},{"damage":65,"enemies":"animator:ULTIMATE_CRYSTAL","floor":63,"turns":19},{"damage":72,"enemies":"animator:ULTIMATE_WISP","floor":67,"turns":11}],"seed_played":"8982359090546652051","potions_obtained":[{"floor":4.0,"key":"BlessingOfTheForge"},{"floor":8.0,"key":"animator:GrowthPotion"},{"floor":16.0,"key":"SteroidPotion"},{"floor":21.0,"key":"Swift Potion"},{"floor":25.0,"key":"BlessingOfTheForge"},{"floor":27.0,"key":"FearPotion"},{"floor":31.0,"key":"animator:FalseLifePotion"},{"floor":33.0,"key":"Ancient Potion"},{"floor":40.0,"key":"SpeedPotion"},{"floor":54.0,"key":"animator:FalseLifePotion"},{"floor":55.0,"key":"animator:FalseLifePotion"},{"floor":59.0,"key":"animator:FalseLifePotion"},{"floor":60.0,"key":"animator:FalseLifePotion"},{"floor":63,"key":"animator:FalseLifePotion"}],"is_trial":true,"path_per_floor":["M","M","?","M","M","E","R","E","T","E","?","E","R","$","R","B",null,"M","?","?","M","M","E","$","E","T","E","R","E","$","M","R","B",null,"M","?","?","$","?","E","R","E","T","R","E","M","E","M","R","B",null,"R","??","M","M","T","?","R","M","M","?","$","E","T","?","$","E"],"character_chosen":"THE_ANIMATOR","items_purchased":["BrkXgEgg","AttackPotion","Regen Potion","TungstenRod","Lantern","DataDisk","Vajra","animator:AncientMedallion","animator:AncientMedallion"],"campfire_rested":1,"item_purchase_floors":[14,14,14,24,24,30,38,62,66],"current_hp_per_floor":[64,63,63,59,59,36,36,22,22,26,8,6,26,26,26,37,68,68,68,41,35,33,33,33,37,37,38,47,56,56,59,68,50,72,63,63,54,54,54,22,34,23,23,35,47,57,65,83,91,74,93,93,98,98,62,62,62,62,82,90,98,98,33,33,33,33,0,0],"gold":10,"neow_bonus":"","is_daily":false,"chose_seed":false,"campfire_upgraded":8,"win_rate":0.0,"timestamp":1613469510,"path_taken":["M","M","?","?","M","E","R","E","T","E","?","E","R","$","R","BOSS","M","?","?","M","?","E","?","E","T","E","R","E","?","M","R","BOSS","M","?","?","$","?","E","R","E","T","R","E","M","E","?","R","BOSS","R","??","M","M","T","?","R","M","M","?","$","E","T","?","$","E"],"items_purchased_type":["Relic","Potion","Potion","Relic","Relic","Relic","Relic","Relic","Relic"],"build_version":"2020-12-22","purchased_purges":3,"victory":false,"max_hp_per_floor":[66,66,66,66,67,67,67,67,67,67,67,67,67,67,67,68,68,68,68,68,68,68,68,68,70,70,70,70,70,70,70,70,72,72,76,76,76,76,76,79,79,79,79,79,81,85,87,91,91,93,93,93,98,98,98,98,98,98,98,98,98,98,98,98,98,98,98,98],"card_choices":[{"not_picked":["animator:YunYun","animator:SakuraMatou","animator:LizardPriest"],"picked":"SKIP","floor":1.0},{"not_picked":["animator:Alexander","animator:Pride","animator:Kazuma","animator:Gluttony","animator:Nanami"],"picked":"SKIP","floor":2.0},{"not_picked":["animator:Demiurge","animator:ZankiKiguchi","animator:Aqua","animator:NarberalGamma"],"picked":"animator:PandorasActor","floor":4.0},{"not_picked":["animator:Sebas","animator:PandorasActor","animator:Cocytus","animator:NarberalGamma"],"picked":"animator:Shalltear","floor":5.0},{"not_picked":["animator:Father","animator:Boros","animator:Saber","animator:Eris","animator:Megumin"],"picked":"SKIP","floor":6.0},{"not_picked":["animator:FeridBathory","animator:MaesHughes","animator:SwordMaiden","animator:GoblinSlayer"],"picked":"animator:Envy","floor":8.0},{"not_picked":["animator:Greed","animator:YunYun","animator:Biyorigo","animator:Envy"],"picked":"animator:Gilgamesh","floor":10.0},{"not_picked":["animator:Cocytus","animator:Evileye","animator:PandorasActor","animator:Demiurge"],"picked":"animator:NarberalGamma","floor":12.0},{"not_picked":["animator:Greed+1","animator:SwordMaiden+1","animator:Ainz+1","animator:Boros+1","animator:Gilgamesh+1"],"picked":"animator:Albedo+1","floor":16.0},{"not_picked":["animator:ChaikaBohdan","animator:Megumin","animator:SilverFang+1","animator:Rider","animator:Yuuichirou+1","animator:Priestess+1"],"picked":"SKIP","floor":18.0},{"not_picked":["animator:Konayuki","animator:ElricAlphonse","animator:NarberalGamma","animator:MetalKnight","animator:ChaikaBohdan+1","animator:Lancer+1"],"picked":"SKIP","floor":21.0},{"not_picked":["animator:MetalKnight","animator:NarberalGamma","animator:MaesHughes","animator:Geryuganshoop","animator:Aqua+1"],"picked":"animator:Cocytus","floor":22.0},{"not_picked":["animator:Shalltear","animator:PandorasActor","animator:NarberalGamma","animator:Cocytus","animator:Demiurge"],"picked":"animator:Sebas","floor":23.0},{"not_picked":["animator:Gilgamesh+1","animator:SwordMaiden+1","animator:Greed+1","animator:HigakiRinne+1","animator:Pride"],"picked":"animator:Ainz+1","floor":25.0},{"not_picked":["animator:MumenRider","animator:Boros+1","animator:HigakiRinne+1","animator:Saber+1","animator:Gilgamesh+1"],"picked":"animator:Greed+1","floor":27.0},{"not_picked":["animator:Eris+1","animator:Albedo+1","animator:MaesHughes","animator:Biyorigo+1","animator:Saber+1"],"picked":"animator:SwordMaiden+1","floor":29.0},{"not_picked":["animator:Evileye","animator:PandorasActor","animator:Shalltear","animator:Demiurge","animator:NarberalGamma"],"picked":"animator:Entoma","floor":31.0},{"not_picked":["animator:Hans+1","animator:SwordMaiden+1","animator:Ainz+1","animator:Greed+1","animator:Albedo+1","animator:Eris+1"],"picked":"Singing Bowl","floor":33.0},{"not_picked":["animator:Gillette+1","animator:Melzalgald","animator:PandorasActor","animator:MetalKnight","animator:Azekura","animator:Geryuganshoop"],"picked":"Singing Bowl","floor":35.0},{"not_picked":["animator:Scar","animator:Albedo+1","animator:Biyorigo+1","animator:Ainz+1","animator:Wiz+1"],"picked":"animator:Saber+1","floor":40.0},{"not_picked":["animator:FeridBathory+1","animator:Greed+1","animator:Wiz+1","animator:Saber+1","animator:Biyorigo+1"],"picked":"animator:Entoma","floor":42.0},{"not_picked":["animator:PandorasActor","animator:Shalltear","animator:Cocytus","animator:Demiurge","animator:NarberalGamma"],"picked":"animator:Entoma","floor":45.0},{"not_picked":["animator:Melzalgald","animator:KrulTepes","animator:Sonic+1","animator:ElricAlphonse+1","animator:Mitsuba","animator:Pride"],"picked":"Singing Bowl","floor":46.0},{"not_picked":["animator:HigakiRinne+1","animator:Saber+1","animator:Greed+1","animator:Boros+1","animator:Sebas","animator:FeridBathory+1"],"picked":"Singing Bowl","floor":47.0},{"not_picked":["animator:Genos","animator:Guy+1","animator:Tatsumaki","animator:SilverFang+1","animator:MumenRider+1","animator:Shigure+1"],"picked":"Singing Bowl","floor":48.0},{"not_picked":["animator:Mitsurugi","animator:ElricEdward","animator:PandorasActor"],"picked":"SKIP","floor":54.0},{"not_picked":["animator:MumenRider","animator:KrulTepes+1","animator:Greed"],"picked":"SKIP","floor":55.0},{"not_picked":["animator:MaesHughes","animator:Pride+1","animator:Nanami"],"picked":"SKIP","floor":59.0},{"not_picked":["animator:Shigure","animator:Mitsuba+1","animator:Berserker"],"picked":"SKIP","floor":60.0},{"not_picked":["animator:Mitsuba","animator:Gluttony","animator:TsurugaMeisai+1"],"picked":"SKIP","floor":63},{"not_picked":["animator:Albedo+1","animator:HigakiRinne+1"],"picked":"animator:Ainz+1","floor":65}],"player_experience":346670,"relics_obtained":[{"floor":1.0,"key":"SynthV:TestCard"},{"floor":6.0,"key":"Matryoshka"},{"floor":8.0,"key":"animator:ShionDessert"},{"floor":9.0,"key":"Blood Vial"},{"floor":9.0,"key":"Bird Faced Urn"},{"floor":10.0,"key":"Anchor"},{"floor":12.0,"key":"Question Card"},{"floor":23.0,"key":"Singing Bowl"},{"floor":25.0,"key":"Frozen Egg 2"},{"floor":26.0,"key":"Eternal Feather"},{"floor":27.0,"key":"Potion Belt"},{"floor":29.0,"key":"DaCapo"},{"floor":40.0,"key":"Akabeko"},{"floor":42.0,"key":"Meat on the Bone"},{"floor":43.0,"key":"Whetstone"},{"floor":45.0,"key":"Letter Opener"},{"floor":47.0,"key":"Sundial"},{"floor":53.0,"key":"animator:TheEgnaroPiece"},{"floor":53.0,"key":"animator:AncientMedallion"},{"floor":56.0,"key":"animator:AncientMedallion"},{"floor":57.0,"key":"animator:AncientMedallion"},{"floor":57.0,"key":"animator:AncientMedallion"},{"floor":57.0,"key":"animator:AncientMedallion"},{"floor":63,"key":"animator:AncientMedallion"},{"floor":64,"key":"animator:AncientMedallion"}],"event_choices":[{"damage_healed":0.0,"max_hp_gain":0.0,"max_hp_loss":0.0,"gold_gain":100.0,"event_name":"Golden Shrine","player_choice":"Pray","floor":3.0,"gold_loss":0.0,"damage_taken":0.0},{"damage_healed":0.0,"max_hp_gain":0.0,"max_hp_loss":0.0,"gold_gain":0.0,"event_name":"Scrap Ooze","player_choice":"Success","floor":11.0,"gold_loss":0.0,"damage_taken":18.0,"relics_obtained":["Pantograph"]},{"damage_healed":22.0,"max_hp_gain":0.0,"max_hp_loss":0.0,"gold_gain":0.0,"event_name":"The Library","player_choice":"Heal","floor":19.0,"gold_loss":0.0,"damage_taken":0.0},{"damage_healed":0.0,"max_hp_gain":0.0,"max_hp_loss":0.0,"gold_gain":270.0,"event_name":"Knowing Skull","player_choice":"GOLD GOLD GOLD ","floor":20.0,"potions_obtained":[],"gold_loss":0.0,"damage_taken":27.0,"cards_obtained":[]},{"damage_healed":0.0,"max_hp_gain":0.0,"max_hp_loss":0.0,"gold_gain":0.0,"event_name":"Tomb of Lord Red Mask","player_choice":"Ignored","floor":36.0,"gold_loss":0.0,"damage_taken":0.0},{"damage_healed":0.0,"max_hp_gain":0.0,"max_hp_loss":0.0,"gold_gain":0.0,"event_name":"Winding Halls","player_choice":"Embrace Madness","floor":37.0,"gold_loss":0.0,"damage_taken":10.0,"cards_obtained":["animator:HigakiRinne"]},{"damage_healed":0.0,"max_hp_gain":0.0,"max_hp_loss":0.0,"gold_gain":0.0,"event_name":"Match and Keep!","player_choice":"0 cards matched","floor":39.0,"gold_loss":0.0,"damage_taken":0.0,"cards_obtained":[]}],"is_beta":false,"boss_relics":[{"not_picked":["Ectoplasm","MoonlightInvasionPlan"],"picked":"HereWithMe"},{"not_picked":["animator:CursedBlade","Fusion Hammer"],"picked":"xbg"}],"items_purged_floors":[14,24,30],"is_endless":false,"potions_floor_spawned":[4,8,16,21,25,27,31,33,40,46,47,48,55,60,63],"killed_by":"animator:ULTIMATE_WISP","ascension_level":0}}