{"host":"2or4cw6bq4m5ul7o","time":1613508280,"event":{"mods":["BaseMod","Colored Powertips","DeckTracker","Friendly Minions","Hermit","Highlight Path","Minty Spire (QoL Compilation)","StSLib"],"gold_per_floor":[111,111,125,135,24,58,70,70,70,82,82,257,257,268,268,370,370,370,310,310,310,310,310,310,310,310,310,310,240,240,240,240,240,240,240,240,240,240,240,240,240,240,240,240,240,240,240,30,30,30,30],"floor_reached":50,"language":"ENG","playtime":6160,"items_purged":["hermit:Strike_Hermit"],"score":544,"play_id":"e6f49181-6654-4d7b-aa5a-ac662a903536","local_time":"20210216134440","is_ascension_mode":false,"campfire_choices":[{"data":"hermit:FlashPowder","floor":8.0,"key":"SMITH"},{"data":"hermit:Snipe","floor":13.0,"key":"SMITH"},{"data":"hermit:Combo","floor":15.0,"key":"SMITH"},{"data":"hermit:Adapt","floor":23,"key":"SMITH"},{"floor":25,"key":"REST"},{"floor":32,"key":"REST"},{"floor":41,"key":"REST"},{"floor":45,"key":"RECALL"},{"data":"hermit:Grudge","floor":49,"key":"PURGE"}],"circlet_count":0,"master_deck":["hermit:Strike_Hermit+1","hermit:Strike_Hermit+1","hermit:Strike_Hermit+1","hermit:Defend_Hermit+1","hermit:Defend_Hermit+1","hermit:Defend_Hermit+1","hermit:Defend_Hermit+1","hermit:Snapshot","hermit:Covet","hermit:Spite","hermit:EyeOfTheStorm","hermit:Misfire","hermit:Snipe+1","hermit:FlashPowder+1","hermit:TrackingShot","Doubt","hermit:Combo+1","hermit:Adapt+1","hermit:Dive","hermit:Vantage","hermit:Enervate+1","hermit:Reprieve","hermit:BigShot","hermit:Dive+1","hermit:Determination+1","hermit:RoundhouseKick","Writhe","hermit:Quickdraw+1"],"relics":["hermit:Momento","NeowsBlessing","Bag of Preparation","Peace Pipe","Ectoplasm","Nilry\u0027s Codex","Shovel","Ginger","Philosopher\u0027s Stone","Juzu Bracelet","The Courier","MealTicket","Ornamental Fan"],"acts_visited":["Exordium","TheCity","TheBeyond"],"potions_floor_usage":[33,35,50],"damage_taken":[{"damage":0.0,"enemies":"Jaw Worm","floor":1.0,"turns":1.0},{"damage":0.0,"enemies":"Cultist","floor":3.0,"turns":1.0},{"damage":0.0,"enemies":"Small Slimes","floor":4.0,"turns":1.0},{"damage":7.0,"enemies":"Gremlin Nob","floor":6.0,"turns":4.0},{"damage":2.0,"enemies":"3 Louse","floor":7.0,"turns":2.0},{"damage":0.0,"enemies":"Large Slime","floor":10.0,"turns":4.0},{"damage":0.0,"enemies":"2 Fungi Beasts","floor":14.0,"turns":3.0},{"damage":48.0,"enemies":"Hexaghost","floor":16.0,"turns":11.0},{"damage":7.0,"enemies":"Chosen","floor":18.0,"turns":6.0},{"damage":17.0,"enemies":"2 Thieves","floor":19.0,"turns":4.0},{"damage":2,"enemies":"Centurion and Healer","floor":20,"turns":4},{"damage":0,"enemies":"Snecko","floor":21,"turns":4},{"damage":5,"enemies":"3 Cultists","floor":28,"turns":6},{"damage":20,"enemies":"Book of Stabbing","floor":30,"turns":6},{"damage":3,"enemies":"Cultist and Chosen","floor":31,"turns":7},{"damage":25,"enemies":"Collector","floor":33,"turns":6},{"damage":11,"enemies":"3 Darklings","floor":35,"turns":4},{"damage":12,"enemies":"3 Shapes","floor":36,"turns":5},{"damage":41,"enemies":"3 Darklings","floor":37,"turns":6},{"damage":0,"enemies":"4 Shapes","floor":38,"turns":6},{"damage":0,"enemies":"Giant Head","floor":40,"turns":6},{"damage":38,"enemies":"Sphere and 2 Shapes","floor":44,"turns":4},{"damage":58,"enemies":"Awakened One","floor":50,"turns":9}],"seed_played":"3790296086999308289","potions_obtained":[{"floor":1.0,"key":"PowerPotion"},{"floor":2.0,"key":"hermit:Tonic"},{"floor":2.0,"key":"EssenceOfSteel"},{"floor":7.0,"key":"Energy Potion"},{"floor":10.0,"key":"Weak Potion"},{"floor":16.0,"key":"SneckoOil"},{"floor":20,"key":"EssenceOfSteel"},{"floor":28,"key":"Explosive Potion"},{"floor":31,"key":"hermit:Tonic"},{"floor":33,"key":"hermit:BlackBile"},{"floor":35,"key":"LiquidBronze"}],"is_trial":false,"path_per_floor":["M","?","M","M","$","E","M","R","T","M","?","?","R","M","R","B",null,"M","M","M","M","?","R","?","R","T","?","M","$","E","M","R","B",null,"M","M","M","M","?","E","R","?","T","M","R","?","?","$","R","B"],"character_chosen":"HERMIT","items_purchased":["hermit:Grudge","hermit:BigShot","Ornamental Fan"],"campfire_rested":3,"item_purchase_floors":[5,29,48],"current_hp_per_floor":[75,75,75,75,75,68,66,66,66,66,66,66,66,66,66,18,75,68,51,49,49,49,49,33,55,55,55,58,58,38,39,61,44,75,64,52,19,19,19,19,41,60,60,30,30,30,30,45,45,0,0],"gold":30,"neow_bonus":"THREE_ENEMY_KILL","is_daily":false,"chose_seed":false,"campfire_upgraded":4,"win_rate":0.0,"timestamp":1613508280,"path_taken":["M","?","M","?","$","E","M","R","T","M","?","?","R","M","R","BOSS","M","M","M","M","?","R","?","R","T","?","M","$","E","M","R","BOSS","M","M","M","M","?","E","R","?","T","M","R","?","?","$","R","BOSS"],"items_purchased_type":["Card","Card","Relic"],"build_version":"2020-12-22","purchased_purges":1,"victory":false,"max_hp_per_floor":[75,75,75,75,75,75,75,75,75,75,75,75,75,75,75,75,75,75,75,75,75,75,75,75,75,75,75,75,75,75,75,75,75,75,75,75,75,75,75,75,75,75,75,75,75,75,75,75,75,75,75],"card_choices":[{"not_picked":["hermit:ItchyTrigger","hermit:LowProfile"],"picked":"hermit:Spite","floor":1.0},{"not_picked":["hermit:Midnight","hermit:ItchyTrigger"],"picked":"hermit:EyeOfTheStorm","floor":3.0},{"not_picked":["hermit:NoHoldsBarred","hermit:Ricochet"],"picked":"hermit:Misfire","floor":4.0},{"not_picked":["hermit:Coalescence","hermit:Headshot"],"picked":"hermit:Snipe","floor":6.0},{"not_picked":["hermit:WideOpen","hermit:Misfire"],"picked":"hermit:FlashPowder","floor":7.0},{"not_picked":["hermit:Coalescence","hermit:BodyArmor"],"picked":"hermit:TrackingShot","floor":10.0},{"not_picked":["hermit:Ricochet","hermit:Glare"],"picked":"hermit:Combo","floor":14.0},{"not_picked":["hermit:HighNoon","hermit:FromBeyond"],"picked":"hermit:Adapt","floor":16.0},{"not_picked":["hermit:Feint","hermit:SprayPray"],"picked":"hermit:Dive","floor":18.0},{"not_picked":["hermit:WideOpen","hermit:Determination"],"picked":"hermit:Vantage","floor":19.0},{"not_picked":["hermit:SprayPray","hermit:Manifest"],"picked":"hermit:Enervate+1","floor":20},{"not_picked":["hermit:Desperado","hermit:HighCaliber"],"picked":"hermit:Reprieve","floor":21},{"not_picked":["hermit:Feint+1","hermit:Brawl","hermit:Grudge"],"picked":"SKIP","floor":28},{"not_picked":["hermit:PistolWhip","hermit:Grudge"],"picked":"hermit:Dive+1","floor":30},{"not_picked":["hermit:Dive+1","hermit:Malice"],"picked":"hermit:Determination+1","floor":31},{"not_picked":["hermit:HeroicBravado","hermit:Roughhouse"],"picked":"hermit:RoundhouseKick","floor":33},{"not_picked":["hermit:LowProfile+1","hermit:Roulette","hermit:Snipe+1"],"picked":"SKIP","floor":35},{"not_picked":["hermit:NoHoldsBarred","hermit:DeadMansHand","hermit:WideOpen"],"picked":"SKIP","floor":36},{"not_picked":["hermit:Coalescence","hermit:Ricochet","hermit:FullyLoaded+1"],"picked":"SKIP","floor":37},{"not_picked":["hermit:HoleUp+1","hermit:NoHoldsBarred+1","hermit:WideOpen"],"picked":"SKIP","floor":38},{"not_picked":["hermit:Ricochet+1","hermit:Coalescence","hermit:Manifest"],"picked":"SKIP","floor":40},{"not_picked":["hermit:Misfire+1","hermit:Headshot"],"picked":"hermit:Quickdraw+1","floor":44}],"player_experience":371979,"relics_obtained":[{"floor":6.0,"key":"Bag of Preparation"},{"floor":24,"key":"Nilry\u0027s Codex"},{"floor":26,"key":"Shovel"},{"floor":30,"key":"Ginger"},{"floor":40,"key":"Juzu Bracelet"},{"floor":43,"key":"The Courier"}],"event_choices":[{"damage_healed":0.0,"max_hp_gain":0.0,"max_hp_loss":0.0,"gold_gain":0.0,"event_name":"Lab","player_choice":"Got Potions","floor":2.0,"gold_loss":0.0,"damage_taken":0.0},{"damage_healed":0.0,"max_hp_gain":0.0,"max_hp_loss":0.0,"gold_gain":0.0,"event_name":"Dead Adventurer","player_choice":"Searched \u00272\u0027 times","floor":11.0,"gold_loss":0.0,"damage_taken":0.0,"relics_obtained":["Peace Pipe"]},{"damage_healed":0.0,"max_hp_gain":0.0,"max_hp_loss":0.0,"gold_gain":175.0,"event_name":"Liars Game","player_choice":"AGREE","floor":12.0,"gold_loss":0.0,"damage_taken":0.0,"cards_obtained":["Doubt"]},{"damage_healed":0,"gold_gain":0,"player_choice":"Simplicity","damage_taken":0,"max_hp_gain":0,"max_hp_loss":0,"event_name":"Back to Basics","floor":22,"gold_loss":0,"cards_upgraded":["hermit:Strike_Hermit","hermit:Strike_Hermit","hermit:Strike_Hermit","hermit:Defend_Hermit","hermit:Defend_Hermit","hermit:Defend_Hermit","hermit:Defend_Hermit"]},{"damage_healed":0,"gold_gain":0,"player_choice":"Obtained Book","damage_taken":16,"max_hp_gain":0,"max_hp_loss":0,"event_name":"Cursed Tome","floor":24,"gold_loss":0},{"damage_healed":0,"gold_gain":0,"player_choice":"Ignored","damage_taken":0,"max_hp_gain":0,"max_hp_loss":0,"event_name":"Beggar","floor":27,"gold_loss":0},{"damage_healed":0,"gold_gain":0,"player_choice":"Memory 1","damage_taken":0,"max_hp_gain":0,"max_hp_loss":0,"event_name":"SensoryStone","floor":39,"gold_loss":0},{"damage_healed":19,"gold_gain":0,"player_choice":"Writhe","damage_taken":0,"max_hp_gain":0,"max_hp_loss":0,"event_name":"Winding Halls","floor":42,"gold_loss":0,"cards_obtained":["Writhe"]},{"damage_healed":0,"gold_gain":0,"player_choice":"Ignored","damage_taken":0,"max_hp_gain":0,"max_hp_loss":0,"event_name":"Tomb of Lord Red Mask","floor":46,"gold_loss":0},{"damage_healed":0,"gold_gain":0,"player_choice":"Gave Potion","damage_taken":0,"relics_obtained":["MealTicket"],"max_hp_gain":0,"max_hp_loss":0,"event_name":"WeMeetAgain","floor":47,"gold_loss":0}],"is_beta":false,"boss_relics":[{"not_picked":["Runic Dome","Busted Crown"],"picked":"Ectoplasm"},{"not_picked":["Pandora\u0027s Box","Tiny House"],"picked":"Philosopher\u0027s Stone"}],"items_purged_floors":[5],"is_endless":false,"potions_floor_spawned":[1,7,10,16,20,21,28,31,33,35,37,38,44],"killed_by":"Awakened One","ascension_level":0}}