{"host":"2d926qfvvz477zl6","time":1613442409,"event":{"mods":["Aspiration","BaseMod","Challenge The Spire","Conspire","Downfall","GifTheSpireLib","GungeonMod","Halation","Hermit","Hubris","Infinite Spire","Minty Spire (QoL Compilation)","Morshu Shopkeeper","Permanent Neow","Rare Cards Sparkle","Reliquary","Replay The Spire","Shedinja","Somnambulant","Spicy Shops","StSLib","Stuff the Spire","Td1madao Mod","The Blue Laboratory","The Bug Knight","The Disciple","The Forsaken","The Hierophant","The Judge","The Senshi","Wandering Minibosses","Wide Potions","everything is the same but u backflip on backflip","slay the spire mod where everything is the same but ironclad has a cowboy hat"],"gold_per_floor":[114,11,41,61,73,73,73,73,73,104,104,117,47,58,58,157,157,171,171,191,209,209,227,227,246,270,288,308,339,351,371,371,495,495,543,543,589,589,643,643,553,604,604,604,604],"floor_reached":44,"language":"ENG","playtime":2595,"items_purged":["Clumsy","theForsaken:TheForsaken_Strike"],"score":586,"play_id":"7a84a520-e9f6-40b1-82ef-7b10b2fb8ccb","local_time":"20210215212649","is_ascension_mode":false,"campfire_choices":[{"data":"theForsaken:Smite","floor":6,"key":"SMITH"},{"floor":8,"key":"REST"},{"data":"theForsaken:BottledPlague","floor":11,"key":"SMITH"},{"data":"theForsaken:DarkBargain","floor":15,"key":"SMITH"},{"data":"theForsaken:WrathOfGod+1","floor":24,"key":"SMITH"},{"data":"theForsaken:BottledPlague","floor":32,"key":"SMITH"},{"data":"theForsaken:CreepingInfection","floor":40,"key":"SMITH"}],"circlet_count":0,"master_deck":["theForsaken:TheForsaken_Strike","theForsaken:TheForsaken_Strike","theForsaken:TheForsaken_Defend","theForsaken:TheForsaken_Defend","theForsaken:TheForsaken_Defend","theForsaken:TheForsaken_Defend","theForsaken:Smite+1","theForsaken:Penitence","theForsaken:BottledPlague+1","theForsaken:ShieldCharge+1","theForsaken:CreepingInfection+1","theForsaken:ChargeAttack","theForsaken:Temperance","theForsaken:HorrifyingStrike","theForsaken:AncientWords+1","theForsaken:DarkBargain+1","theForsaken:CleansingLight","theForsaken:Confusion","theForsaken:HorrifyingStrike","infinitespire:Fortify","theForsaken:WrathOfGod+2","theForsaken:FatRoll","theForsaken:BottledPlague+1","theForsaken:FuryStrikes","theForsaken:Confusion","theForsaken:Backlash+1","theForsaken:Parry+1"],"relics":["theForsaken:JudgementScales","ReplayTheSpireMod:TigerMarble","hubris:FunFungus","Coffee Dripper","Busted Crown","Pocketwatch","aspiration:Lifesprig","StuffTheSpire:OldFever","infinitespire:EvilPickle","reliquary:RedPaperclip","aspiration:HummingbirdHeart","halation:PapillonHeart","hubris:TenFootPole"],"acts_visited":["Exordium","TheCity","TheBeyond"],"potions_floor_usage":[3,3,3,5,12,12,12,14,16,16,16,18,18,23,23,25,25,25,27,27,27,28,28,29,30,30,30,30,30,31,31,31,33,33,33,33,33,33,33,35,35,35,35,37,37,37,37,37,39,39,39,42,42,42,42,44,44,44],"damage_taken":[{"damage":28,"enemies":"Cultist","floor":1,"turns":6},{"damage":2,"enemies":"conspire:MimicChest","floor":3,"turns":3},{"damage":20,"enemies":"Jaw Worm","floor":4,"turns":4},{"damage":7,"enemies":"Small Slimes","floor":5,"turns":3},{"damage":38,"enemies":"3 Sentries","floor":10,"turns":11},{"damage":3,"enemies":"Gremlin Gang","floor":12,"turns":3},{"damage":23,"enemies":"Lots of Slimes","floor":14,"turns":6},{"damage":46,"enemies":"The Guardian","floor":16,"turns":9},{"damage":8,"enemies":"Shell Parasite","floor":18,"turns":4},{"damage":3,"enemies":"Spheric Guardian","floor":20,"turns":4},{"damage":33,"enemies":"Shelled Parasite and Fungi","floor":21,"turns":7},{"damage":25,"enemies":"Cultist and Chosen","floor":23,"turns":7},{"damage":0,"enemies":"Sentry and Sphere","floor":25,"turns":4},{"damage":5,"enemies":"3 Cultists","floor":27,"turns":5},{"damage":3,"enemies":"Snake Plant","floor":28,"turns":4},{"damage":26,"enemies":"Gremlin Leader","floor":29,"turns":7},{"damage":9,"enemies":"Shelled Parasite and Fungi","floor":30,"turns":5},{"damage":13,"enemies":"3 Cultists","floor":31,"turns":6},{"damage":56,"enemies":"Pondfish","floor":33,"turns":10},{"damage":3,"enemies":"3 Shapes","floor":35,"turns":3},{"damage":0,"enemies":"3 Darklings","floor":37,"turns":3},{"damage":36,"enemies":"4 Shapes","floor":39,"turns":6},{"damage":0,"enemies":"Transient","floor":42,"turns":2},{"damage":67,"enemies":"Nemesis","floor":44,"turns":6}],"seed_played":"3487867026250317275","potions_obtained":[{"floor":4,"key":"blueLaboratory:FruitPunch"},{"floor":16,"key":"Block Potion"},{"floor":27,"key":"blueLaboratory:FruitPreserves"},{"floor":29,"key":"blueLaboratory:FrostheartPotion"},{"floor":31,"key":"Regen Potion"},{"floor":33,"key":"Adrenaline Potion"},{"floor":37,"key":"LiquidMemories"}],"is_trial":false,"path_per_floor":["M","$","?","M","M","R","$","R","T","E","R","M","$","M","R","B",null,"M","AVR","M","M","?","M","R","M","T","M","M","E","M","M","R","B",null,"M","AVR","M","?","M","R","?","M","T","E"],"character_chosen":"THE_FORSAKEN","items_purchased":["ReplayTheSpireMod:TigerMarble","theForsaken:CreepingInfection","theForsaken:DarkBargain"],"campfire_rested":1,"item_purchase_floors":[2,2,13],"current_hp_per_floor":[40,40,44,27,22,22,22,42,42,26,26,28,28,29,29,20,67,67,67,65,54,54,49,49,65,65,67,67,57,60,54,54,58,67,66,66,67,64,45,45,45,47,47,0,0],"gold":604,"neow_bonus":"THREE_CARDS","is_daily":false,"chose_seed":false,"campfire_upgraded":6,"win_rate":0.0,"timestamp":1613442409,"path_taken":["M","$","?","M","M","R","$","R","T","E","R","M","$","M","R","BOSS","M","AVR","M","M","?","M","R","M","T","M","?","E","M","M","R","BOSS","M","AVR","M","?","M","R","?","M","T","E"],"items_purchased_type":["Relic","Card","Card"],"build_version":"2020-12-22","purchased_purges":2,"victory":false,"max_hp_per_floor":[65,65,65,65,67,67,67,67,67,67,67,67,67,67,67,67,67,67,67,67,67,67,67,67,67,67,67,67,67,67,67,67,67,67,67,67,67,64,64,64,64,64,64,65,65],"card_choices":[{"not_picked":["theForsaken:HymnOfPatience","theForsaken:ShieldBash"],"picked":"theForsaken:BottledPlague","floor":0},{"not_picked":["theForsaken:Parry","theForsaken:HymnOfPatience"],"picked":"theForsaken:ShieldCharge","floor":1},{"not_picked":["theForsaken:ScorchingSunlight","theForsaken:BindingThorns"],"picked":"theForsaken:ChargeAttack","floor":3},{"not_picked":["theForsaken:FuryStrikes","theForsaken:StoreUp"],"picked":"theForsaken:Temperance","floor":4},{"not_picked":["theForsaken:ChargeAttack","theForsaken:WordsOfPestilence"],"picked":"theForsaken:HorrifyingStrike","floor":5},{"not_picked":["theForsaken:Devotion","theForsaken:BindingThorns"],"picked":"theForsaken:AncientWords","floor":10},{"not_picked":["theForsaken:Riposte","theForsaken:ShieldBash","theForsaken:NobleSacrifice"],"picked":"SKIP","floor":12},{"not_picked":["theForsaken:FuryStrikes","theForsaken:ShieldCharge"],"picked":"theForsaken:CleansingLight","floor":14},{"not_picked":["theForsaken:Prudence","theForsaken:Purification"],"picked":"theForsaken:Confusion","floor":16},{"not_picked":["theForsaken:RainingSunlight","theForsaken:SpinAttack"],"picked":"theForsaken:HorrifyingStrike","floor":18},{"not_picked":["theForsaken:HorrifyingStrike"],"picked":"SKIP","floor":20},{"not_picked":["theForsaken:ShieldBash"],"picked":"SKIP","floor":21},{"not_picked":[],"picked":"theForsaken:WrathOfGod+1","floor":23},{"not_picked":["theForsaken:Eulogy+1"],"picked":"SKIP","floor":25},{"not_picked":[],"picked":"theForsaken:FatRoll","floor":27},{"not_picked":["theForsaken:Parry"],"picked":"SKIP","floor":28},{"not_picked":[],"picked":"theForsaken:BottledPlague","floor":29},{"not_picked":[],"picked":"theForsaken:FuryStrikes","floor":30},{"not_picked":["theForsaken:Parry"],"picked":"SKIP","floor":31},{"not_picked":[],"picked":"theForsaken:Confusion","floor":33},{"not_picked":["theForsaken:HorrifyingStrike"],"picked":"SKIP","floor":35},{"not_picked":["theForsaken:PanicDive"],"picked":"SKIP","floor":37},{"not_picked":[],"picked":"theForsaken:Backlash+1","floor":39},{"not_picked":[],"picked":"theForsaken:Parry+1","floor":42}],"player_experience":440833,"relics_obtained":[{"floor":3,"key":"StuffTheSpire:HeavyRock"},{"floor":9,"key":"hubris:FunFungus"},{"floor":10,"key":"halation:PrussianBluePaint"},{"floor":26,"key":"aspiration:Lifesprig"},{"floor":29,"key":"StuffTheSpire:OldFever"},{"floor":43,"key":"hubris:TenFootPole"}],"event_choices":[{"damage_healed":0,"gold_gain":0,"player_choice":"Forge","damage_taken":0,"max_hp_gain":0,"max_hp_loss":0,"event_name":"Accursed Blacksmith","floor":22,"gold_loss":0,"cards_upgraded":["theForsaken:AncientWords"]},{"cards_removed":["theForsaken:TheForsaken_Strike"],"damage_healed":0,"gold_gain":0,"player_choice":"Upgrade and Remove","damage_taken":0,"max_hp_gain":0,"max_hp_loss":0,"event_name":"Designer","floor":41,"gold_loss":90,"cards_upgraded":["theForsaken:ShieldCharge"]}],"is_beta":false,"boss_relics":[{"not_picked":["halation:PlatinumPhoenix","Ring of Chaos"],"picked":"Coffee Dripper"},{"not_picked":["hubris:VirtuousBlindfold","aspiration:RunicSpoon"],"picked":"reliquary:RedPaperclip"}],"items_purged_floors":[19,36],"is_endless":false,"potions_floor_spawned":[1,4,10,16,21,27,29,30,31,33,37],"killed_by":"Nemesis","ascension_level":0}}