{"host":"3uwhcpalb3g7ihhc","time":1613465827,"event":{"mods":["AchievementEnabler","BaseMod","BetterRewards","Card Forge","Grow up Mod","Minty Spire (QoL Compilation)","StSLib"],"gold_per_floor":[113,113,113,128,143,178,353,384,384,403,403,258,333,348,348,443,443,457,457,457,472,490,521,539,552,552,552,570,584,584,613,613,718,718,738,738,754,774,484,513,529,562,562,562,589,639,667,680,680,680,680,680,333,359,359],"floor_reached":56,"language":"ENG","playtime":4468,"items_purged":[],"score":2378,"play_id":"3a097069-d1fe-4095-86bd-144b5db86927","local_time":"20210216215707","is_ascension_mode":true,"campfire_choices":[{"floor":11.0,"key":"RECALL"},{"floor":15.0,"key":"REST"},{"floor":44,"key":"DIG"},{"floor":49,"key":"DIG"},{"floor":52,"key":"DIG"}],"circlet_count":0,"master_deck":["Noxious Fumes+1","Footwork+1","Escape Plan+1","Blur+1","Catalyst+1","Escape Plan+1","Footwork+1","Noxious Fumes+1","Catalyst+1","After Image+1","Escape Plan+1","Deadly Poison+1","Footwork"],"relics":["Ring of the Snake","Hammer of Thor","Seething Fire","Anvil of the Gods","ClockworkSouvenir","Bronze Scales","White Beast Statue","Torii","Strange Spoon","Coffee Dripper","Anchor","Gambling Chip","Dream Catcher","Gremlin Horn","Potion Belt","Black Star","Mango","Shovel","Molten Egg 2","Bottled Tornado","Centennial Puzzle","InkBottle","Bottled Lightning","Unceasing Top","Turnip","Incense Burner","Ancient Tea Set","PreservedInsect","Oddly Smooth Stone","Mummified Hand","Calipers","Vajra","Lantern"],"acts_visited":["Exordium","TheCity","TheBeyond","TheEnding"],"potions_floor_usage":[50,50,50,50,55,55,55,55,55,55],"damage_taken":[{"damage":1.0,"enemies":"Jaw Worm","floor":1.0,"turns":5.0},{"damage":0.0,"enemies":"Small Slimes","floor":4.0,"turns":3.0},{"damage":0.0,"enemies":"2 Louse","floor":5.0,"turns":3.0},{"damage":0.0,"enemies":"Gremlin Nob","floor":6.0,"turns":4.0},{"damage":0.0,"enemies":"Lagavulin","floor":8.0,"turns":3.0},{"damage":0.0,"enemies":"Looter","floor":10.0,"turns":3.0},{"damage":0.0,"enemies":"Exordium Wildlife","floor":14.0,"turns":4.0},{"damage":20.0,"enemies":"Slime Boss","floor":16.0,"turns":7.0},{"damage":0.0,"enemies":"Spheric Guardian","floor":18.0,"turns":3.0},{"damage":8.0,"enemies":"2 Thieves","floor":21.0,"turns":3.0},{"damage":7.0,"enemies":"Cultist and Chosen","floor":22.0,"turns":4.0},{"damage":0.0,"enemies":"Book of Stabbing","floor":23.0,"turns":3.0},{"damage":0.0,"enemies":"Snake Plant","floor":24.0,"turns":3.0},{"damage":0.0,"enemies":"Centurion and Healer","floor":25.0,"turns":4.0},{"damage":0.0,"enemies":"3 Cultists","floor":28.0,"turns":4.0},{"damage":7.0,"enemies":"Shelled Parasite and Fungi","floor":29.0,"turns":3.0},{"damage":0.0,"enemies":"Gremlin Leader","floor":31.0,"turns":4.0},{"damage":0.0,"enemies":"Automaton","floor":33.0,"turns":5.0},{"damage":0.0,"enemies":"3 Darklings","floor":35.0,"turns":4.0},{"damage":0,"enemies":"3 Shapes","floor":37,"turns":3},{"damage":0,"enemies":"Spire Growth","floor":38,"turns":3},{"damage":0,"enemies":"Nemesis","floor":40,"turns":5},{"damage":1,"enemies":"3 Darklings","floor":41,"turns":4},{"damage":67,"enemies":"Reptomancer","floor":42,"turns":3},{"damage":0,"enemies":"Nemesis","floor":45,"turns":3},{"damage":179,"enemies":"Mind Bloom Boss Battle","floor":46,"turns":3},{"damage":41,"enemies":"Reptomancer","floor":47,"turns":4},{"damage":0,"enemies":"Maw","floor":48,"turns":3},{"damage":0,"enemies":"Awakened One","floor":50,"turns":9},{"damage":0,"enemies":"Shield and Spear","floor":54,"turns":5},{"damage":0,"enemies":"The Heart","floor":55,"turns":5}],"seed_played":"5737948182999412759","potions_obtained":[{"floor":8.0,"key":"SteroidPotion"},{"floor":10.0,"key":"Weak Potion"},{"floor":14.0,"key":"Energy Potion"},{"floor":16.0,"key":"SpeedPotion"},{"floor":28.0,"key":"Ancient Potion"},{"floor":31.0,"key":"Strength Potion"},{"floor":35.0,"key":"Poison Potion"},{"floor":37,"key":"Poison Potion"},{"floor":41,"key":"EntropicBrew"},{"floor":45,"key":"Dexterity Potion"},{"floor":54,"key":"Poison Potion"}],"is_trial":false,"path_per_floor":["M","?","?","M","M","E","?","E","T","M","R","$","?","M","R","B",null,"M","?","?","M","M","E","M","M","T","?","M","M","T","E","R","B",null,"M","?","M","M","$","E","M","E","T","R","E","?","E","M","R","B",null,"R","$","E","B",null],"character_chosen":"THE_SILENT","items_purchased":["ClockworkSouvenir","Bronze Scales","SpeedPotion","Strange Spoon","Mango","Calipers","Footwork"],"campfire_rested":1,"item_purchase_floors":[0,0,0,12,39,53,53],"current_hp_per_floor":[89,104,114,124,134,144,154,164,174,184,194,204,203,213,235,225,255,265,275,221,223,226,236,246,256,266,276,286,289,299,309,319,329,430,440,447,457,467,491,501,510,453,463,473,483,314,283,293,303,313,614,624,634,644,654],"gold":359,"neow_bonus":"","is_daily":false,"chose_seed":false,"campfire_upgraded":0,"win_rate":0.0,"timestamp":1613465827,"path_taken":["M","?","?","M","M","E","?","E","T","M","R","$","?","?","R","BOSS","M","?","?","M","M","E","M","M","T","?","M","?","?","E","R","BOSS","M","?","M","M","$","E","?","E","T","R","E","?","E","M","R","BOSS","R","$","E","BOSS"],"items_purchased_type":["Relic","Relic","Potion","Relic","Relic","Relic","Card"],"build_version":"2020-12-22","purchased_purges":0,"victory":true,"max_hp_per_floor":[90,105,115,125,135,145,155,165,175,185,195,205,215,225,235,245,255,265,275,290,300,310,320,330,340,350,360,370,380,390,400,410,420,430,440,450,460,470,494,504,514,524,534,544,554,564,574,584,594,604,614,624,634,644,654],"card_choices":[{"not_picked":["PiercingWail","Deadly Poison","Acrobatics"],"picked":"SKIP","floor":1.0},{"not_picked":["Eviscerate","Acrobatics","Backflip"],"picked":"SKIP","floor":4.0},{"not_picked":["Finisher","Leg Sweep","Flechettes"],"picked":"SKIP","floor":5.0},{"not_picked":["Prepared","Infinite Blades","Distraction"],"picked":"SKIP","floor":6.0},{"not_picked":["Reflex","Calculated Gamble","Setup"],"picked":"SKIP","floor":8.0},{"not_picked":["Quick Slash","Poisoned Stab","All Out Attack"],"picked":"SKIP","floor":10.0},{"not_picked":["Backflip","Accuracy","Choke"],"picked":"SKIP","floor":14.0},{"not_picked":["Dagger Spray","Bane+1","Dash+1"],"picked":"SKIP","floor":18.0},{"not_picked":["Dagger Throw","Poisoned Stab","Prepared"],"picked":"SKIP","floor":21.0},{"not_picked":["Blade Dance","Slice","Distraction"],"picked":"SKIP","floor":22.0},{"not_picked":["Skewer","Cloak And Dagger","Quick Slash"],"picked":"SKIP","floor":23.0},{"not_picked":["Skewer","Bouncing Flask","Outmaneuver+1"],"picked":"SKIP","floor":24.0},{"not_picked":["PiercingWail","Eviscerate","Dodge and Roll+1"],"picked":"SKIP","floor":25.0},{"not_picked":["Poisoned Stab","Burst","Quick Slash+1"],"picked":"SKIP","floor":28.0},{"not_picked":["Flying Knee","Quick Slash","Caltrops"],"picked":"SKIP","floor":29.0},{"not_picked":["Leg Sweep","Deflect","Dagger Spray"],"picked":"SKIP","floor":31.0},{"not_picked":["Slice","Dodge and Roll","Prepared+1"],"picked":"SKIP","floor":35.0},{"not_picked":["Underhanded Strike+1","Escape Plan+1","Backflip+1"],"picked":"SKIP","floor":37},{"not_picked":["Riddle With Holes+1","Deadly Poison+1","Endless Agony"],"picked":"SKIP","floor":38},{"not_picked":["Unload+1","Escape Plan+1","Quick Slash+1"],"picked":"SKIP","floor":40},{"not_picked":["Caltrops+1","Deflect+1","Blade Dance+1"],"picked":"SKIP","floor":41},{"not_picked":["Acrobatics+1","Dodge and Roll+1","Backflip"],"picked":"SKIP","floor":42},{"not_picked":["Choke+1","Calculated Gamble+1","Accuracy"],"picked":"SKIP","floor":45},{"not_picked":["Backflip","PiercingWail+1","Underhanded Strike+1"],"picked":"SKIP","floor":47},{"not_picked":["Slice+1","Night Terror","Deadly Poison"],"picked":"SKIP","floor":48},{"not_picked":["Outmaneuver+1","Deadly Poison","Predator+1"],"picked":"SKIP","floor":54}],"player_experience":332756,"relics_obtained":[{"floor":6.0,"key":"White Beast Statue"},{"floor":8.0,"key":"Torii"},{"floor":23.0,"key":"Anchor"},{"floor":26.0,"key":"Gambling Chip"},{"floor":30.0,"key":"Gremlin Horn"},{"floor":31.0,"key":"Potion Belt"},{"floor":40,"key":"Shovel"},{"floor":40,"key":"Molten Egg 2"},{"floor":42,"key":"Bottled Tornado"},{"floor":42,"key":"Centennial Puzzle"},{"floor":43,"key":"InkBottle"},{"floor":44,"key":"Bottled Lightning"},{"floor":45,"key":"Unceasing Top"},{"floor":45,"key":"Turnip"},{"floor":46,"key":"Incense Burner"},{"floor":47,"key":"Ancient Tea Set"},{"floor":47,"key":"PreservedInsect"},{"floor":49,"key":"Oddly Smooth Stone"},{"floor":52,"key":"Mummified Hand"},{"floor":54,"key":"Vajra"},{"floor":54,"key":"Lantern"}],"event_choices":[{"damage_healed":0.0,"max_hp_gain":5.0,"max_hp_loss":0.0,"gold_gain":0.0,"event_name":"Big Fish","player_choice":"Donut","floor":2.0,"gold_loss":0.0,"damage_taken":0.0},{"damage_healed":0.0,"max_hp_gain":0.0,"max_hp_loss":0.0,"gold_gain":0.0,"event_name":"Shining Light","player_choice":"Ignored","floor":3.0,"gold_loss":0.0,"damage_taken":0.0},{"damage_healed":0.0,"max_hp_gain":0.0,"max_hp_loss":0.0,"gold_gain":175.0,"event_name":"Liars Game","player_choice":"AGREE","floor":7.0,"gold_loss":0.0,"damage_taken":0.0,"cards_obtained":["Doubt"]},{"damage_healed":0.0,"max_hp_gain":0.0,"max_hp_loss":0.0,"gold_gain":75.0,"event_name":"World of Goop","player_choice":"Gather Gold","floor":13.0,"gold_loss":0.0,"damage_taken":11.0},{"damage_healed":0.0,"max_hp_gain":0.0,"max_hp_loss":0.0,"gold_gain":0.0,"event_name":"Vampires","player_choice":"Ignored","floor":19.0,"gold_loss":0.0,"damage_taken":0.0},{"damage_healed":0.0,"max_hp_gain":5.0,"max_hp_loss":0.0,"gold_gain":0.0,"event_name":"Forgotten Altar","player_choice":"Shed Blood","floor":20.0,"gold_loss":0.0,"damage_taken":69.0},{"damage_healed":0.0,"max_hp_gain":0.0,"max_hp_loss":0.0,"gold_gain":0.0,"event_name":"WeMeetAgain","player_choice":"Gave Potion","floor":27.0,"gold_loss":0.0,"damage_taken":0.0,"relics_obtained":["Dream Catcher"]},{"damage_healed":0,"gold_gain":0,"player_choice":"Punched","damage_taken":3,"max_hp_gain":0,"max_hp_loss":0,"event_name":"Designer","floor":36,"gold_loss":0},{"damage_healed":0,"gold_gain":0,"player_choice":"Fight","damage_taken":0,"max_hp_gain":0,"max_hp_loss":0,"event_name":"MindBloom","floor":46,"gold_loss":0}],"is_beta":false,"boss_relics":[{"not_picked":["Philosopher\u0027s Stone","SacredBark"],"picked":"Coffee Dripper"},{"not_picked":["Cursed Key","Ring of the Serpent"],"picked":"Black Star"}],"items_purged_floors":[],"is_endless":false,"potions_floor_spawned":[8,10,14,16,18,21,22,23,24,25,28,29,31,33,35,37,38,40,41,42,45,46,47,48,54],"ascension_level":4}}