{"host":"ty9fb48q9oru32qm","time":1613508878,"event":{"mods":["2.2 Compatiblity","AchievementEnabler","Act Like it!","Astrologer","BaseMod","Beaked The Cultist","Better Synergies","Block Reminder","Colored Powertips","Conspire","DeckTracker","Downfall","Ekko","Friendly Minions","GifTheSpireLib","Hermit","Hubris","Infinite Spire","Jorbs\u0027s Wanderer Trilogy","Marisa????????","Minty Spire (QoL Compilation)","Permanent Neow","Quick Restart","Random Character Button","Reliquary","Replay The Spire","Somnambulant","StSLib","Stuff the Spire","The Cursed","The Marked","The Runesmith","TheVacant","????"],"gold_per_floor":[112,129,148,148,168,168,198,198,198,232,250,250,284,284,284,383,383,398,423,443,461,476,476,503,532,571,583,0,57,69,81,93,205,217,247,0,12,37,66,112,124,124],"floor_reached":41,"language":"ENG","playtime":4616,"items_purged":["Sickly"],"score":604,"play_id":"bcd78856-ce97-4a15-b3ac-516092d4183a","local_time":"20210216215438","is_ascension_mode":true,"campfire_choices":[{"data":"beaked:Ceremony","floor":6,"key":"SMITH"},{"data":"beaked:Ceremony","floor":8,"key":"SMITH"},{"data":"beaked:RitualOfBody","floor":15,"key":"SMITH"},{"data":"beaked:BraceForImpact","floor":23,"key":"SMITH"},{"data":"beaked:BraceForImpact","floor":27,"key":"SMITH"},{"data":"beaked:FakeOut","floor":32,"key":"SMITH"}],"circlet_count":0,"master_deck":["beaked:Strike_Y","beaked:Strike_Y","beaked:Strike_Y","beaked:Strike_Y","beaked:Strike_Y","beaked:Strike_Y","beaked:Defend_Y","beaked:Defend_Y","beaked:Defend_Y","beaked:Defend_Y","beaked:Ceremony+1","beaked:Ceremony+1","beaked:Ceremony+1","beaked:RitualOfBody+1","beaked:BraceForImpact+1","beaked:Overpower","beaked:BraceForImpact+1","beaked:FakeOut+1","beaked:ScreechingChant+1","beaked:LiftOff","Spreading Infection","beaked:LiftOff","Survivor","Replay:Bootleg Shield Generator","infinitespire:SevenWalls","Parasite"],"relics":["beaked:MendingPlumage","hubris:RunicObelisk","Coffee Dripper","StuffTheSpire:PointBlank","Bottled Lightning","PlaceholderMod:DeVermisMysteriis","Ring of Peace","Ring of Fangs","Ornamental Fan","beaked:MawFillet","Vajra","TungstenRod","MawBank","StuffTheSpire:Gunfinga","hubris:TenFootPole","ClockworkSouvenir","ReplayTheSpireMod:SealedPack","Red Mask","Replay:Winged Headress"],"acts_visited":["Exordium","TheCity","TheBeyond"],"potions_floor_usage":[5,10,10,22,24,25,25,41,41],"damage_taken":[{"damage":9,"enemies":"Jaw Worm","floor":1,"turns":5},{"damage":13,"enemies":"Cultist","floor":2,"turns":5},{"damage":34,"enemies":"2 Louse","floor":3,"turns":6},{"damage":1,"enemies":"Looter","floor":5,"turns":4},{"damage":49,"enemies":"3 Sentries","floor":7,"turns":22},{"damage":29,"enemies":"Gremlin Nob","floor":10,"turns":4},{"damage":36,"enemies":"Lots of Slimes","floor":11,"turns":20},{"damage":4,"enemies":"Replay:BlueRogue","floor":13,"turns":7},{"damage":0,"enemies":"Slime Boss","floor":16,"turns":11},{"damage":16,"enemies":"Spheric Guardian","floor":18,"turns":5},{"damage":25,"enemies":"Book of Stabbing","floor":19,"turns":7},{"damage":18,"enemies":"Shell Parasite","floor":20,"turns":6},{"damage":38,"enemies":"Snecko","floor":21,"turns":7},{"damage":20,"enemies":"Centurion and Healer","floor":22,"turns":9},{"damage":48,"enemies":"Gremlin Leader","floor":24,"turns":9},{"damage":70,"enemies":"Book of Stabbing","floor":25,"turns":8},{"damage":6,"enemies":"conspire:MysteriousRune","floor":33,"turns":9},{"damage":20,"enemies":"3 Shapes","floor":35,"turns":7},{"damage":41,"enemies":"3 Darklings","floor":38,"turns":10},{"damage":5,"enemies":"Writhing Mass","floor":39,"turns":8},{"damage":54,"enemies":"Nemesis","floor":40,"turns":15},{"damage":37,"enemies":"Reptomancer","floor":41,"turns":4}],"seed_played":"5456512000551987118","potions_obtained":[{"floor":1,"key":"Block Potion"},{"floor":3,"key":"bronze:BurnAndBuffPotion"},{"floor":7,"key":"Explosive Potion"},{"floor":10,"key":"bronze:BurnAndBuffPotion"},{"floor":13,"key":"hexamod:SoulburnPotion"},{"floor":14,"key":"beaked:MendingBrew"},{"floor":14,"key":"Weak Potion"},{"floor":21,"key":"LifebloodPotion"},{"floor":22,"key":"ColorlessPotion"},{"floor":25,"key":"hexamod:SoulburnPotion"},{"floor":33,"key":"Toxic Potion"},{"floor":35,"key":"Death Potion"}],"is_trial":false,"path_per_floor":["M","M","M","?","M","R","E","R","T","E","M","?","E","?","R","B",null,"M","E","M","M","M","R","E","E","T","R","?","T","?","AVR","R","B",null,"M","?","?","M","M","E","E"],"character_chosen":"BEAKED_THE_CULTIST","items_purchased":[],"campfire_rested":0,"item_purchase_floors":[],"current_hp_per_floor":[47,42,23,23,36,36,38,38,38,23,44,44,50,50,50,50,50,44,42,47,28,47,47,47,4,4,4,4,4,4,4,4,37,50,36,36,36,29,50,22,0,0],"gold":124,"neow_bonus":"DOUBLE_BOSS_RELIC","is_daily":false,"chose_seed":false,"campfire_upgraded":6,"win_rate":0.0,"timestamp":1613508878,"path_taken":["M","M","M","?","M","R","E","R","T","E","?","?","E","?","R","BOSS","M","E","M","?","?","R","E","E","T","R","?","?","?","AVR","R","BOSS","M","?","?","M","M","E","E"],"items_purchased_type":[],"build_version":"2020-12-22","purchased_purges":1,"victory":false,"max_hp_per_floor":[50,50,50,50,50,50,50,50,50,50,50,50,50,50,50,50,50,50,50,50,50,50,50,50,50,50,50,50,50,50,50,50,50,50,50,50,50,50,50,50,50,50],"card_choices":[{"not_picked":["beaked:FeelMyPain","beaked:BraceForImpact"],"picked":"beaked:RitualOfBody","floor":1},{"not_picked":["beaked:WarriorEssence","beaked:BounceBack","beaked:Mantra"],"picked":"SKIP","floor":2},{"not_picked":["beaked:WindBringer","beaked:Poke"],"picked":"beaked:BraceForImpact","floor":3},{"not_picked":["beaked:Flinch","beaked:Evade","beaked:HuntressEssence"],"picked":"SKIP","floor":5},{"not_picked":["beaked:Foresight","beaked:WindBringer"],"picked":"beaked:Overpower","floor":7},{"not_picked":["beaked:MaddeningMurmurs","beaked:MachineEssence"],"picked":"beaked:BraceForImpact","floor":10},{"not_picked":["beaked:DigDeep","beaked:SacrificialDive","ReplayTheSpireMod:RavenHex"],"picked":"SKIP","floor":11},{"not_picked":["beaked:Cower","beaked:Daydream","beaked:Tradeoff"],"picked":"SKIP","floor":13},{"not_picked":["beaked:SacrificialScars","beaked:Sacrifice"],"picked":"beaked:FakeOut","floor":16},{"not_picked":["beaked:Foresight","beaked:Evade+1","beaked:Brace"],"picked":"SKIP","floor":18},{"not_picked":["beaked:Daydream","beaked:Redirect","beaked:TuckingFeathers"],"picked":"SKIP","floor":19},{"not_picked":["beaked:Insight+1","beaked:Caw","beaked:Poke"],"picked":"SKIP","floor":20},{"not_picked":["beaked:Pecker","beaked:Tweet","beaked:SurvivalInstinct"],"picked":"SKIP","floor":21},{"not_picked":["beaked:Insight","beaked:Tradeoff","beaked:FeelMyPain"],"picked":"SKIP","floor":22},{"not_picked":["beaked:Tweet+1","beaked:Flinch","beaked:RuinSticks"],"picked":"SKIP","floor":24},{"not_picked":["beaked:Poke","beaked:Tradeoff+1"],"picked":"beaked:ScreechingChant","floor":25},{"not_picked":["ReplayTheSpireMod:Owlgaze","beaked:MachineEssence"],"picked":"beaked:LiftOff","floor":33},{"not_picked":["ReplayTheSpireMod:Owlgaze","beaked:FakeOut"],"picked":"beaked:LiftOff","floor":34},{"not_picked":["m_Bronzebash","astrologer:NorthStar"],"picked":"Survivor","floor":34},{"not_picked":["Survey Options","Purity"],"picked":"Replay:Bootleg Shield Generator","floor":34},{"not_picked":["hubris:InfiniteBlow","infinitespire:Starlight"],"picked":"infinitespire:SevenWalls","floor":34},{"not_picked":["beaked:Foresight","beaked:DigDeep+1","beaked:Molting+1"],"picked":"SKIP","floor":35},{"not_picked":["beaked:Poke","beaked:ShadowFade","beaked:Tradeoff+1"],"picked":"SKIP","floor":38},{"not_picked":["beaked:Poke+1","beaked:DigDeep+1","beaked:WarriorEssence+1"],"picked":"SKIP","floor":39},{"not_picked":["beaked:SacrificialDive","beaked:WildInstinct","beaked:Poke"],"picked":"SKIP","floor":40}],"player_experience":292139,"relics_obtained":[{"floor":7,"key":"StuffTheSpire:PointBlank"},{"floor":9,"key":"Bottled Lightning"},{"floor":10,"key":"PlaceholderMod:DeVermisMysteriis"},{"floor":12,"key":"Ring of Peace"},{"floor":12,"key":"Ring of Fangs"},{"floor":13,"key":"Ornamental Fan"},{"floor":19,"key":"Vajra"},{"floor":24,"key":"TungstenRod"},{"floor":25,"key":"MawBank"},{"floor":26,"key":"StuffTheSpire:Gunfinga"},{"floor":29,"key":"hubris:TenFootPole"},{"floor":40,"key":"Replay:Winged Headress"}],"event_choices":[{"damage_healed":0,"gold_gain":0,"player_choice":"Upgraded","damage_taken":0,"max_hp_gain":0,"max_hp_loss":0,"event_name":"Upgrade Shrine","floor":4,"gold_loss":0,"cards_upgraded":["beaked:Ceremony"]},{"damage_healed":0,"gold_gain":0,"player_choice":"Got Potions","damage_taken":0,"max_hp_gain":0,"max_hp_loss":0,"event_name":"Lab","floor":14,"gold_loss":0},{"damage_healed":0,"gold_gain":0,"player_choice":"Paid Fearfully","damage_taken":0,"max_hp_gain":0,"max_hp_loss":0,"event_name":"Masked Bandits","floor":28,"gold_loss":595},{"damage_healed":0,"gold_gain":0,"player_choice":"Paid","damage_taken":0,"relics_obtained":["Red Mask"],"max_hp_gain":0,"max_hp_loss":0,"event_name":"Tomb of Lord Red Mask","floor":36,"gold_loss":259},{"damage_healed":0,"gold_gain":0,"player_choice":"Leave","damage_taken":0,"max_hp_gain":0,"max_hp_loss":0,"event_name":"conspire:Investor","floor":37,"gold_loss":0}],"is_beta":false,"boss_relics":[{"not_picked":["conspire:RoyalGoblet","hubris:Stopwatch"],"picked":"beaked:MawFillet"},{"not_picked":["StuffTheSpire:RunicHypercube","Fusion Hammer"],"picked":"ReplayTheSpireMod:SealedPack"}],"items_purged_floors":[31],"is_endless":false,"potions_floor_spawned":[1,3,7,10,13,19,21,22,25,33,35,39],"killed_by":"Reptomancer","ascension_level":2}}