{"host":"pjgcdp3h1plnbocs","time":1613505607,"event":{"mods":["AchievementEnabler","BaseMod","Colored Map","Downfall","Highlight Path","Minty Spire (QoL Compilation)","StSLib"],"gold_per_floor":[115,65,65,65,90,121,121,138,138,138,313,238,252,285,285,387,387,400,85,85,85,85,115,415,415,415,47,47,47],"floor_reached":28,"language":"ENG","playtime":485,"items_purged":["Doubt","downfall:Bewildered"],"score":368,"play_id":"d995862c-f2c0-4c1c-aa34-a5844c5c443c","local_time":"20210216210007","is_ascension_mode":true,"campfire_choices":[{"data":"Go for the Eyes","floor":7.0,"key":"SMITH"},{"data":"Dualcast","floor":10.0,"key":"SMITH"},{"floor":15.0,"key":"RECALL"},{"floor":25,"key":"REST"}],"circlet_count":0,"master_deck":["Strike_B","Strike_B+1","Strike_B","Defend_B","Defend_B","Defend_B+1","Zap","Dualcast+1","Sweeping Beam","Go for the Eyes+1","Ball Lightning","Steam","Echo Form"],"relics":["Cracked Core","NeowsBlessing","Bronze Scales","Sundial","StoneCalendar","WingedGreaves","Nuclear Battery","Thread and Needle","sneckomod:BabySnecko","InkBottle","Old Coin","Pen Nib","Membership Card","Frozen Egg 2"],"acts_visited":["Exordium","TheCity"],"potions_floor_usage":[23,23,28],"damage_taken":[{"damage":0.0,"enemies":"Small Slimes","floor":1.0,"turns":1.0},{"damage":0.0,"enemies":"Lagavulin","floor":6.0,"turns":1.0},{"damage":0.0,"enemies":"Jaw Worm","floor":8.0,"turns":1.0},{"damage":0.0,"enemies":"2 Louse","floor":13.0,"turns":2.0},{"damage":20.0,"enemies":"3 Sentries","floor":14.0,"turns":4.0},{"damage":15.0,"enemies":"Hexaghost","floor":16.0,"turns":7.0},{"damage":12,"enemies":"3 Byrds","floor":18,"turns":3},{"damage":26,"enemies":"Gremlin Leader","floor":23,"turns":5},{"damage":36,"enemies":"Slavers","floor":28,"turns":2}],"seed_played":"5421418218902144979","potions_obtained":[{"floor":1.0,"key":"FocusPotion"},{"floor":8.0,"key":"SteroidPotion"},{"floor":13.0,"key":"Explosive Potion"},{"floor":18,"key":"Strength Potion"},{"floor":23,"key":"LiquidMemories"}],"is_trial":false,"path_per_floor":["M","?","?","?","T","E","R","M","T","R","?","$","M","E","R","B",null,"M","$","?","?","$","E","T","R","T","$","E"],"character_chosen":"DEFECT","items_purchased":["Thread and Needle","Membership Card","Frozen Egg 2"],"campfire_rested":1,"item_purchase_floors":[19,27,27],"current_hp_per_floor":[68,68,53,53,53,53,53,53,53,53,53,53,53,33,33,18,61,49,49,35,35,35,9,9,33,33,33,0,0],"gold":47,"neow_bonus":"THREE_ENEMY_KILL","is_daily":false,"chose_seed":false,"campfire_upgraded":2,"win_rate":0.0,"timestamp":1613505607,"path_taken":["M","?","?","?","?","E","R","?","T","R","?","$","M","E","R","BOSS","M","$","?","?","?","E","?","R","T","$","E"],"items_purchased_type":["Relic","Relic","Relic"],"build_version":"2020-12-22","purchased_purges":2,"victory":false,"max_hp_per_floor":[75,75,75,75,75,75,75,75,75,75,75,75,75,75,75,75,75,75,75,80,80,80,80,80,80,80,80,80,80],"card_choices":[{"not_picked":["Scrape","Genetic Algorithm"],"picked":"Sweeping Beam","floor":1.0},{"not_picked":["Leap","Streamline"],"picked":"Go for the Eyes","floor":6.0},{"not_picked":["Stack","Rebound","Tempest"],"picked":"SKIP","floor":8.0},{"not_picked":["Darkness","Hello World"],"picked":"Ball Lightning","floor":13.0},{"not_picked":["Hello World","Recycle"],"picked":"Steam","floor":14.0},{"not_picked":["Biased Cognition","Seek"],"picked":"Echo Form","floor":16.0},{"not_picked":["Leap","Lockon","Scrape+1"],"picked":"SKIP","floor":18},{"not_picked":["Barrage+1","Auto Shields","Steam Power+1"],"picked":"SKIP","floor":23}],"player_experience":245210,"relics_obtained":[{"floor":5.0,"key":"Bronze Scales"},{"floor":6.0,"key":"Sundial"},{"floor":9.0,"key":"StoneCalendar"},{"floor":14.0,"key":"WingedGreaves"},{"floor":23,"key":"InkBottle"},{"floor":24,"key":"Old Coin"},{"floor":26,"key":"Pen Nib"}],"event_choices":[{"cards_removed":["Strike_B"],"damage_healed":0.0,"max_hp_gain":0.0,"max_hp_loss":0.0,"gold_gain":0.0,"event_name":"The Cleric","player_choice":"Card Removal","floor":2.0,"gold_loss":50.0,"damage_taken":0.0},{"damage_healed":0.0,"max_hp_gain":0.0,"max_hp_loss":0.0,"gold_gain":0.0,"event_name":"Shining Light","player_choice":"Entered Light","floor":3.0,"gold_loss":0.0,"damage_taken":15.0,"cards_upgraded":["Strike_B","Defend_B"]},{"cards_removed":["Defend_B"],"damage_healed":0.0,"max_hp_gain":0.0,"max_hp_loss":0.0,"gold_gain":0.0,"event_name":"Living Wall","player_choice":"Forget","floor":4.0,"gold_loss":0.0,"damage_taken":0.0},{"damage_healed":0.0,"max_hp_gain":0.0,"max_hp_loss":0.0,"gold_gain":175.0,"event_name":"Liars Game","player_choice":"AGREE","floor":11.0,"gold_loss":0.0,"damage_taken":0.0,"cards_obtained":["Doubt"]},{"damage_healed":0,"gold_gain":0,"player_choice":"Shed Blood","damage_taken":19,"max_hp_gain":5,"max_hp_loss":0,"event_name":"Forgotten Altar","floor":20,"gold_loss":0}],"is_beta":false,"boss_relics":[{"not_picked":["Sozu","Empty Cage"],"picked":"Nuclear Battery"}],"items_purged_floors":[12,27],"is_endless":false,"potions_floor_spawned":[1,8,13,18,23],"killed_by":"Slavers","ascension_level":8}}