{"host":"xkmvu47k9fdstweo","time":1613493320,"event":{"mods":["BaseMod","Colored Map","Conspire","Hubris","Minty Spire (QoL Compilation)","Quick Restart","Shop Mod","StSLib"],"gold_per_floor":[117,133,133,133,108,138,138,155,178,178,190,46,46,75,75,178,178,193,193,203,52,102,102,115,45,45,64,64,78,78,78,78,78,78],"floor_reached":33,"language":"ENG","playtime":975,"items_purged":["Strike_G"],"score":431,"play_id":"eff5fe1a-5f94-489a-9ac9-65a2b742889d","local_time":"20210216113520","is_ascension_mode":true,"campfire_choices":[{"data":"conspire:DoublingDagger","floor":7.0,"key":"SMITH"},{"data":"Dagger Spray","floor":10.0,"key":"SMITH"},{"floor":15.0,"key":"REST"},{"data":"After Image","floor":23,"key":"SMITH"},{"data":"Dodge and Roll","floor":28,"key":"SMITH"},{"data":"Dodge and Roll+1","floor":30,"key":"SMITH"},{"data":"Adrenaline","floor":32,"key":"SMITH"}],"circlet_count":0,"master_deck":["AscendersBane","Strike_G+1","Defend_G","Defend_G","Defend_G","Defend_G","Defend_G","Survivor","Neutralize+1","conspire:DoublingDagger+1","hubris:Counter+1","Dodge and Roll+3","Dagger Spray+1","Noxious Fumes","conspire:DoublingDagger","Cloak And Dagger","After Image+1","Doppelganger+1","Crippling Poison+1","Quick Slash+1","Sucker Punch","Blade Dance","Infinite Blades+1","Footwork","Adrenaline+1"],"relics":["Ring of the Snake","NeowsBlessing","Torii","hubris:AncientText","Whetstone","Astrolabe","HandDrill","conspire:InfiniteJournal"],"acts_visited":["Exordium","TheCity"],"potions_floor_usage":[20,33],"damage_taken":[{"damage":0.0,"enemies":"Jaw Worm","floor":1.0,"turns":1.0},{"damage":0.0,"enemies":"conspire:RoseBush","floor":2.0,"turns":1.0},{"damage":0.0,"enemies":"Gremlin Nob","floor":6.0,"turns":1.0},{"damage":1.0,"enemies":"Small Slimes","floor":8.0,"turns":4.0},{"damage":10.0,"enemies":"Exordium Wildlife","floor":11.0,"turns":5.0},{"damage":36.0,"enemies":"Lagavulin","floor":14.0,"turns":7.0},{"damage":30.0,"enemies":"Slime Boss","floor":16.0,"turns":13.0},{"damage":4,"enemies":"Shell Parasite","floor":18,"turns":6},{"damage":0,"enemies":"3 Byrds","floor":20,"turns":3},{"damage":29,"enemies":"Sentry and Sphere","floor":24,"turns":8},{"damage":2,"enemies":"Cultist and Chosen","floor":27,"turns":8},{"damage":1,"enemies":"Snecko","floor":29,"turns":6},{"damage":44,"enemies":"Champ","floor":33,"turns":11}],"seed_played":"-3667681298313026623","potions_obtained":[{"floor":6.0,"key":"PowerPotion"},{"floor":11.0,"key":"Energy Potion"},{"floor":16.0,"key":"Dexterity Potion"},{"floor":18,"key":"Explosive Potion"},{"floor":24,"key":"LiquidBronze"}],"is_trial":false,"path_per_floor":["M","M","?","?","$","E","R","M","T","R","M","$","?","E","R","B",null,"M","?","M","$","?","R","M","$","T","M","R","M","R","?","R","B"],"character_chosen":"THE_SILENT","items_purchased":["Dodge and Roll","conspire:DoublingDagger","HandDrill","Footwork"],"campfire_rested":1,"item_purchase_floors":[5,12,21,25],"current_hp_per_floor":[63,63,63,63,63,63,63,62,62,62,52,52,52,16,37,7,54,50,70,70,70,70,70,41,41,41,39,39,38,38,38,38,0,0],"gold":78,"neow_bonus":"THREE_ENEMY_KILL","is_daily":false,"chose_seed":false,"campfire_upgraded":6,"win_rate":0.0,"timestamp":1613493320,"path_taken":["M","M","?","?","$","E","R","M","T","R","M","$","?","E","R","BOSS","M","?","?","$","?","R","?","$","T","M","R","M","R","?","R","BOSS"],"items_purchased_type":["Card","Card","Relic","Card"],"build_version":"2020-12-22","purchased_purges":1,"victory":false,"max_hp_per_floor":[70,70,70,70,70,70,70,70,70,70,70,70,70,70,70,70,70,70,70,70,70,70,70,70,70,70,70,70,70,70,70,70,70,70],"card_choices":[{"not_picked":["Deflect","hubris:TrickCloak"],"picked":"conspire:DoublingDagger","floor":1.0},{"not_picked":["Reflex","Slice"],"picked":"hubris:Counter","floor":2.0},{"not_picked":["Quick Slash","hubris:SlightOfHand"],"picked":"Dagger Spray","floor":6.0},{"not_picked":["Expertise","Quick Slash","Poisoned Stab"],"picked":"SKIP","floor":8.0},{"not_picked":["Sucker Punch","Deadly Poison"],"picked":"Noxious Fumes","floor":11.0},{"not_picked":["hubris:TrickCloak","Deadly Poison"],"picked":"Cloak And Dagger","floor":14.0},{"not_picked":["Burst","Wraith Form v2"],"picked":"After Image","floor":16.0},{"not_picked":["PiercingWail","Underhanded Strike+1"],"picked":"Sucker Punch","floor":18},{"not_picked":["Slice+1","Quick Slash"],"picked":"Blade Dance","floor":20},{"not_picked":["Setup","Bouncing Flask"],"picked":"Infinite Blades+1","floor":24},{"not_picked":["Deadly Poison+1","PiercingWail+1"],"picked":"Adrenaline","floor":27},{"not_picked":["Caltrops","Slice","Dodge and Roll"],"picked":"SKIP","floor":29}],"player_experience":319640,"relics_obtained":[{"floor":6.0,"key":"Torii"},{"floor":9.0,"key":"hubris:AncientText"},{"floor":14.0,"key":"Whetstone"},{"floor":26,"key":"conspire:InfiniteJournal"}],"event_choices":[{"damage_healed":0.0,"max_hp_gain":0.0,"max_hp_loss":0.0,"gold_gain":0.0,"event_name":"Living Wall","player_choice":"Grow","floor":3.0,"gold_loss":0.0,"damage_taken":0.0,"cards_upgraded":["hubris:Counter"]},{"damage_healed":0.0,"max_hp_gain":0.0,"max_hp_loss":0.0,"gold_gain":0.0,"event_name":"Liars Game","player_choice":"Ignored","floor":13.0,"gold_loss":0.0,"damage_taken":0.0},{"damage_healed":20,"gold_gain":0,"player_choice":"Full Heal","damage_taken":0,"max_hp_gain":0,"max_hp_loss":0,"event_name":"Wheel of Change","floor":19,"gold_loss":0},{"damage_healed":0,"gold_gain":100,"player_choice":"Bet on Murderer","damage_taken":0,"max_hp_gain":0,"max_hp_loss":0,"event_name":"The Joust","floor":22,"gold_loss":50},{"damage_healed":0,"gold_gain":0,"player_choice":"Upgraded","damage_taken":0,"max_hp_gain":0,"max_hp_loss":0,"event_name":"Upgrade Shrine","floor":31,"gold_loss":0,"cards_upgraded":["Dodge and Roll"]}],"is_beta":false,"boss_relics":[{"not_picked":["Pandora\u0027s Box","Fusion Hammer"],"picked":"Astrolabe"}],"items_purged_floors":[12],"is_endless":false,"potions_floor_spawned":[6,11,16,18,24],"killed_by":"Champ","ascension_level":11}}