{"host":"g6i219x90aanznrc","time":1613504722,"event":{"mods":["BaseMod","Hermit","Minty Spire (QoL Compilation)","Replay The Spire","StSLib"],"gold_per_floor":[114,130,7,23,123,123,154,154,206,281,199,199,49,69,69,169,169,181,181,196,213,69,100,112,124,124,152,152,152,152,166,166,262,262,277,277,287,300,310,341,341,341,341,366,366,380,380,380],"floor_reached":47,"language":"ENG","playtime":6290,"items_purged":["Strike_B"],"score":578,"play_id":"83fba022-b174-40cd-9e39-054af1d1ecd7","local_time":"20210216204522","is_ascension_mode":true,"campfire_choices":[{"data":"Creative AI","floor":6.0,"key":"SMITH"},{"floor":8.0,"key":"REST"},{"floor":12.0,"key":"REST"},{"floor":15.0,"key":"REST"},{"floor":28,"key":"REST"},{"data":"Capacitor","floor":30,"key":"SMITH"},{"floor":41,"key":"REST"}],"circlet_count":0,"master_deck":["Strike_B","Strike_B","Strike_B","Defend_B","Defend_B","Defend_B","Zap","Dualcast","Cold Snap","Coolheaded","Creative AI+1","Capacitor+1","Streamline","Conserve Battery","Genetic Algorithm","Go for the Eyes","Electrodynamics","Force Field+1","Coolheaded","Blizzard+1","Seek","Double Energy+1","Skim+1","Storm+1","Creative AI","Capacitor+1","Barrage","Self Repair"],"relics":["Cracked Core","NeowsBlessing","Pet Ghost","Blue Doll","Replay:Mystery Machine","Replay:Frozen Program","Snecko Eye","Geode","HornCleat","PreservedInsect","Omamori","Replay:Bronze Core","Regal Pillow","Pocketwatch","Replay:Multitool"],"acts_visited":["Exordium","TheCity","TheBeyond"],"potions_floor_usage":[40],"damage_taken":[{"damage":0.0,"enemies":"Jaw Worm","floor":1.0,"turns":1.0},{"damage":0.0,"enemies":"2 Louse","floor":2.0,"turns":1.0},{"damage":0.0,"enemies":"Cultist","floor":4.0,"turns":1.0},{"damage":41.0,"enemies":"3 Sentries","floor":7.0,"turns":11.0},{"damage":2.0,"enemies":"Large Slime","floor":14.0,"turns":8.0},{"damage":18.0,"enemies":"Hexaghost","floor":16.0,"turns":11.0},{"damage":20.0,"enemies":"Shell Parasite","floor":18.0,"turns":8.0},{"damage":4.0,"enemies":"3 Byrds","floor":20.0,"turns":3.0},{"damage":4.0,"enemies":"Snake Plant","floor":21.0,"turns":6.0},{"damage":11.0,"enemies":"Book of Stabbing","floor":23.0,"turns":8.0},{"damage":0.0,"enemies":"3 Cultists","floor":24.0,"turns":3.0},{"damage":0.0,"enemies":"Centurion and Healer","floor":25.0,"turns":8.0},{"damage":0,"enemies":"Replay:Snechameleon","floor":27,"turns":5},{"damage":9,"enemies":"Snake Plant","floor":31,"turns":6},{"damage":8,"enemies":"Collector","floor":33,"turns":9},{"damage":0,"enemies":"3 Shapes","floor":35,"turns":3},{"damage":15,"enemies":"Orb Walker","floor":37,"turns":3},{"damage":18,"enemies":"Writhing Mass","floor":38,"turns":6},{"damage":2,"enemies":"3 Darklings","floor":39,"turns":3},{"damage":19,"enemies":"Reptomancer","floor":40,"turns":6},{"damage":5,"enemies":"R_Hoarder","floor":44,"turns":7},{"damage":37,"enemies":"Transient","floor":46,"turns":5},{"damage":41,"enemies":"Spire Growth","floor":47,"turns":6}],"seed_played":"-8206994097385674032","potions_obtained":[{"floor":14.0,"key":"LiquidBronze"},{"floor":16.0,"key":"BlessingOfTheForge"},{"floor":19.0,"key":"SneckoOil"},{"floor":19.0,"key":"Venom Potion"},{"floor":20.0,"key":"PotionOfCapacity"},{"floor":23.0,"key":"PowerPotion"},{"floor":38,"key":"Fruit Juice"}],"is_trial":false,"path_per_floor":["M","M","$","M","?","R","E","R","T","?","$","R","$","M","R","B",null,"M","?","M","M","$","E","M","M","T","E","R","?","R","M","R","B",null,"M","?","M","M","M","E","R","PTL","PTL","E","T","M","M"],"character_chosen":"DEFECT","items_purchased":["Coolheaded","Genetic Algorithm","Go for the Eyes","Replay:Frozen Program","Geode"],"campfire_rested":5,"item_purchase_floors":[3,11,11,13,22],"current_hp_per_floor":[75,75,75,75,45,45,4,26,26,15,15,37,37,35,57,39,75,55,55,51,47,47,36,36,36,36,36,58,75,75,66,66,58,75,75,75,60,42,40,33,72,72,72,74,74,37,0,0],"gold":380,"neow_bonus":"THREE_ENEMY_KILL","is_daily":false,"chose_seed":false,"campfire_upgraded":2,"win_rate":0.0,"timestamp":1613504722,"path_taken":["M","M","$","M","?","R","E","R","T","?","?","R","$","M","R","BOSS","M","?","?","M","$","E","M","M","T","E","R","?","R","M","R","BOSS","M","?","M","M","M","E","R","PTL","PTL","E","T","M","M"],"items_purchased_type":["Card","Card","Card","Relic","Relic"],"build_version":"2020-12-22","purchased_purges":1,"victory":false,"max_hp_per_floor":[75,75,75,75,75,75,75,75,75,75,75,75,75,75,75,75,75,75,75,75,75,75,75,75,75,75,75,75,75,75,75,75,75,75,75,75,75,75,75,80,80,80,80,80,80,80,80,80],"card_choices":[{"not_picked":["Leap","Stack"],"picked":"Cold Snap","floor":1.0},{"not_picked":["Beam Cell","Sweeping Beam","Reinforced Body"],"picked":"SKIP","floor":2.0},{"not_picked":["Static Discharge","Panic Button"],"picked":"Creative AI","floor":4.0},{"not_picked":["Fusion","Gash"],"picked":"Capacitor","floor":5.0},{"not_picked":["Gash","Rip and Tear"],"picked":"Streamline","floor":5.0},{"not_picked":["Streamline","ReplaySort"],"picked":"Conserve Battery","floor":7.0},{"not_picked":["Beam Cell","Steam","ReplayTheSpireMod:Repulse"],"picked":"SKIP","floor":14.0},{"not_picked":["Rainbow","All For One"],"picked":"Electrodynamics","floor":16.0},{"not_picked":["BasicCrystalCard","Turbo"],"picked":"Force Field+1","floor":18.0},{"not_picked":["Compile Driver","Streamline+1"],"picked":"Coolheaded","floor":20.0},{"not_picked":["ReplayTheSpireMod:Omega Cannon","Redo+1"],"picked":"Blizzard+1","floor":21.0},{"not_picked":["Rebound","Stack","Reprogram"],"picked":"SKIP","floor":23.0},{"not_picked":["Stack+1","Melter"],"picked":"Seek","floor":24.0},{"not_picked":["Rip and Tear","Sweeping Beam"],"picked":"Double Energy+1","floor":25.0},{"not_picked":["Chaos","Hyperbeam"],"picked":"Skim+1","floor":27},{"not_picked":["Sweeping Beam","Fusion"],"picked":"Storm+1","floor":31},{"not_picked":["Hyperbeam","Meteor Strike"],"picked":"Creative AI","floor":33},{"not_picked":["Panic Button","Storm+1"],"picked":"Capacitor+1","floor":35},{"not_picked":["Cold Snap","Leap"],"picked":"Barrage","floor":37},{"not_picked":["Hologram","Steam"],"picked":"Self Repair","floor":38},{"not_picked":["Aggregate","ReplaySolidLightProjector+1","Steam+1"],"picked":"SKIP","floor":39},{"not_picked":["Sweeping Beam+1","Compile Driver","Turbo"],"picked":"SKIP","floor":40},{"not_picked":["Sweeping Beam+1","Leap+1","Ball Lightning"],"picked":"SKIP","floor":44},{"not_picked":["Reinforced Body+1","Go for the Eyes+1","Compile Driver"],"picked":"SKIP","floor":46}],"player_experience":103561,"relics_obtained":[{"floor":5.0,"key":"Pet Ghost"},{"floor":7.0,"key":"Blue Doll"},{"floor":9.0,"key":"Replay:Mystery Machine"},{"floor":23.0,"key":"HornCleat"},{"floor":26,"key":"PreservedInsect"},{"floor":27,"key":"Omamori"},{"floor":40,"key":"Regal Pillow"},{"floor":44,"key":"Pocketwatch"},{"floor":45,"key":"Replay:Multitool"}],"event_choices":[{"damage_healed":0.0,"max_hp_gain":0.0,"max_hp_loss":0.0,"gold_gain":75.0,"event_name":"World of Goop","player_choice":"Gather Gold","floor":10.0,"gold_loss":0.0,"damage_taken":11.0},{"damage_healed":0.0,"max_hp_gain":0.0,"max_hp_loss":0.0,"gold_gain":0.0,"event_name":"Lab","player_choice":"Got Potions","floor":19.0,"gold_loss":0.0,"damage_taken":0.0},{"damage_healed":25,"gold_gain":0,"player_choice":"Heal","damage_taken":0,"max_hp_gain":0,"max_hp_loss":0,"event_name":"The Library","floor":29,"gold_loss":0},{"damage_healed":0,"gold_gain":0,"player_choice":"Ignored","damage_taken":0,"max_hp_gain":0,"max_hp_loss":0,"event_name":"Ghosts","floor":32,"gold_loss":0},{"cards_removed":["Defend_B"],"damage_healed":0,"gold_gain":0,"player_choice":"Removed Skill","damage_taken":0,"max_hp_gain":0,"max_hp_loss":0,"event_name":"Falling","floor":36,"gold_loss":0}],"is_beta":false,"boss_relics":[{"not_picked":["Ring of Chaos","Runic Pyramid"],"picked":"Snecko Eye"},{"not_picked":["Replay:Drink Me","Black Star"],"picked":"Replay:Bronze Core"}],"items_purged_floors":[3],"is_endless":false,"potions_floor_spawned":[14,16,20,23,31,35,37,38],"killed_by":"Spire Growth","ascension_level":1}}