{"host":"en4narc5947t7k9n","time":1613502344,"event":{"mods":["AchievementEnabler","BaseMod","Colored Map","Minty Spire (QoL Compilation)","SuperFastMode"],"gold_per_floor":[118,167,167,182,197,229,229,257,257,277,277,304,64,81,81,179,179,198,123,136,160,172,184,212,240,278,310,334,381,393,440,452,559,571,602,614,626,56,56,56,76,87,168,17,17,50,62,82,82,82,82],"floor_reached":50,"language":"KOR","playtime":2375,"items_purged":["Strike_R"],"score":622,"play_id":"66b3a89b-2895-4912-aa0a-e4d3e9db1525","local_time":"20210217040544","is_ascension_mode":false,"campfire_choices":[{"data":"Seeing Red","floor":7,"key":"SMITH"},{"data":"Intimidate","floor":11,"key":"SMITH"},{"data":"Swift Strike","floor":15,"key":"SMITH"},{"data":"Bludgeon","floor":23,"key":"SMITH"},{"data":"Perfected Strike","floor":30,"key":"SMITH"},{"data":"Fiend Fire","floor":32,"key":"SMITH"},{"data":"Madness","floor":40,"key":"SMITH"},{"data":"Madness","floor":45,"key":"SMITH"},{"data":"Perfected Strike","floor":49,"key":"SMITH"}],"circlet_count":0,"master_deck":["Strike_R","Strike_R+1","Strike_R+1","Defend_R+1","Defend_R","Defend_R","Defend_R","Bash+1","Armaments","Intimidate+1","Anger","Seeing Red+1","Sword Boomerang","Perfected Strike+1","Iron Wave","Swift Strike+1","Ghostly Armor","Bludgeon+1","Flex+1","Flex","Flex+1","Dropkick+1","Thunderclap+1","Twin Strike+1","Perfected Strike+1","Fiend Fire+1","Feed","Dual Wield+1","Madness+1","Madness+1","Dramatic Entrance","Anger","Twin Strike+1","Entrench+1","Clash","Anger+1","Pommel Strike+1"],"relics":["Burning Blood","NeowsBlessing","Anchor","Pear","Gremlin Horn","Pantograph","Odd Mushroom","Whetstone","Sozu","MawBank","Strawberry","Centennial Puzzle","Darkstone Periapt","Coffee Dripper","Orichalcum","Sundial","Shuriken","Lee\u0027s Waffle","Mummified Hand"],"acts_visited":["Exordium","TheCity","TheBeyond"],"potions_floor_usage":[8,14,33],"damage_taken":[{"damage":0,"enemies":"Cultist","floor":1,"turns":1},{"damage":0,"enemies":"Small Slimes","floor":4,"turns":1},{"damage":0,"enemies":"2 Louse","floor":5,"turns":1},{"damage":49,"enemies":"Gremlin Nob","floor":6,"turns":5},{"damage":11,"enemies":"3 Sentries","floor":8,"turns":9},{"damage":4,"enemies":"Blue Slaver","floor":10,"turns":3},{"damage":1,"enemies":"The Mushroom Lair","floor":12,"turns":4},{"damage":0,"enemies":"3 Louse","floor":14,"turns":2},{"damage":36,"enemies":"Hexaghost","floor":16,"turns":12},{"damage":20,"enemies":"2 Thieves","floor":18,"turns":3},{"damage":0,"enemies":"Chosen","floor":20,"turns":3},{"damage":8,"enemies":"Snecko","floor":24,"turns":5},{"damage":7,"enemies":"Centurion and Healer","floor":25,"turns":6},{"damage":0,"enemies":"Shelled Parasite and Fungi","floor":27,"turns":4},{"damage":14,"enemies":"Chosen and Byrds","floor":28,"turns":6},{"damage":0,"enemies":"Gremlin Leader","floor":29,"turns":3},{"damage":19,"enemies":"Slavers","floor":31,"turns":3},{"damage":91,"enemies":"Collector","floor":33,"turns":7},{"damage":15,"enemies":"3 Shapes","floor":35,"turns":4},{"damage":5,"enemies":"Orb Walker","floor":41,"turns":2},{"damage":41,"enemies":"Spire Growth","floor":42,"turns":4},{"damage":75,"enemies":"Reptomancer","floor":46,"turns":3},{"damage":12,"enemies":"3 Darklings","floor":47,"turns":3},{"damage":0,"enemies":"Transient","floor":48,"turns":5},{"damage":68,"enemies":"Donu and Deca","floor":50,"turns":4}],"seed_played":"8230158391723841542","potions_obtained":[{"floor":5,"key":"DistilledChaos"},{"floor":10,"key":"SteroidPotion"},{"floor":16,"key":"Weak Potion"}],"is_trial":false,"path_per_floor":["M","T","?","M","M","E","R","E","T","M","R","?","$","M","R","B",null,"M","?","M","T","?","R","M","M","T","M","M","E","R","E","R","B",null,"M","?","?","$","?","R","M","M","T","$","R","E","M","M","R","B"],"character_chosen":"IRONCLAD","items_purchased":["Swift Strike","Whetstone","Dramatic Entrance","Anger","Orichalcum","Sundial","Lee\u0027s Waffle"],"campfire_rested":0,"item_purchase_floors":[13,13,38,38,38,38,44],"current_hp_per_floor":[80,80,64,70,76,43,43,38,38,40,40,45,45,51,51,46,90,76,76,82,82,82,82,80,79,86,92,84,90,90,77,77,12,97,88,76,76,76,76,76,77,42,42,104,104,35,29,35,35,0,0],"gold":82,"neow_bonus":"THREE_ENEMY_KILL","is_daily":false,"chose_seed":false,"campfire_upgraded":9,"win_rate":0.0,"timestamp":1613502344,"path_taken":["M","?","?","M","M","E","R","E","T","M","R","?","$","?","R","BOSS","M","?","M","?","?","R","M","M","T","M","M","E","R","E","R","BOSS","M","?","?","$","?","R","M","M","T","?","R","E","M","M","R","BOSS"],"items_purchased_type":["Card","Relic","Card","Card","Relic","Relic","Relic"],"build_version":"2020-12-22","purchased_purges":1,"victory":false,"max_hp_per_floor":[80,80,80,80,80,90,90,90,90,90,90,90,90,90,90,90,90,90,90,90,90,90,90,90,90,97,97,97,97,97,97,97,97,97,97,97,97,97,97,97,97,97,97,104,104,104,104,104,104,104,104],"card_choices":[{"not_picked":["Combust","Perfected Strike"],"picked":"Armaments","floor":1},{"not_picked":["Armaments","Heavy Blade"],"picked":"Intimidate","floor":4},{"not_picked":["Fire Breathing","Entrench"],"picked":"Anger","floor":5},{"not_picked":["True Grit","Clothesline"],"picked":"Seeing Red","floor":6},{"not_picked":["Immolate","Clothesline"],"picked":"Sword Boomerang","floor":8},{"not_picked":["Havoc","Clothesline"],"picked":"Perfected Strike","floor":10},{"not_picked":["Power Through","Armaments"],"picked":"Iron Wave","floor":12},{"not_picked":["True Grit","Sever Soul"],"picked":"Ghostly Armor","floor":14},{"not_picked":["Reaper","Double Tap"],"picked":"Bludgeon","floor":16},{"not_picked":["Cleave","Perfected Strike"],"picked":"Flex+1","floor":18},{"not_picked":["Body Slam","Reckless Charge"],"picked":"Flex","floor":20},{"not_picked":["Evolve","Havoc"],"picked":"Flex+1","floor":24},{"not_picked":["Havoc","Clothesline"],"picked":"Dropkick+1","floor":25},{"not_picked":["Rage","Rupture"],"picked":"Thunderclap+1","floor":27},{"not_picked":["Warcry+1","Carnage"],"picked":"Twin Strike+1","floor":28},{"not_picked":["Pommel Strike","Entrench"],"picked":"Perfected Strike","floor":29},{"not_picked":["Whirlwind","Rupture"],"picked":"Fiend Fire","floor":31},{"not_picked":["Immolate","Fiend Fire"],"picked":"Feed","floor":33},{"not_picked":["Heavy Blade","Armaments"],"picked":"Dual Wield+1","floor":35},{"not_picked":["PanicButton","The Bomb"],"picked":"Swift Strike","floor":37},{"not_picked":["Clothesline+1","Body Slam"],"picked":"Twin Strike+1","floor":41},{"not_picked":["Heavy Blade","Rupture+1"],"picked":"Entrench+1","floor":42},{"not_picked":["Thunderclap+1","Iron Wave+1"],"picked":"Clash","floor":46},{"not_picked":["Demon Form","Twin Strike"],"picked":"Anger+1","floor":47},{"not_picked":["Clash+1","Headbutt"],"picked":"Pommel Strike+1","floor":48}],"player_experience":20170,"relics_obtained":[{"floor":2,"key":"Anchor"},{"floor":6,"key":"Pear"},{"floor":8,"key":"Gremlin Horn"},{"floor":9,"key":"Pantograph"},{"floor":12,"key":"Odd Mushroom"},{"floor":21,"key":"MawBank"},{"floor":26,"key":"Strawberry"},{"floor":29,"key":"Centennial Puzzle"},{"floor":31,"key":"Darkstone Periapt"},{"floor":43,"key":"Shuriken"},{"floor":46,"key":"Mummified Hand"}],"event_choices":[{"damage_healed":0,"gold_gain":0,"player_choice":"Entered Light","damage_taken":16,"max_hp_gain":0,"max_hp_loss":0,"event_name":"Shining Light","floor":3,"gold_loss":0,"cards_upgraded":["Strike_R","Defend_R"]},{"damage_healed":0,"gold_gain":0,"player_choice":"Fought Mushrooms","damage_taken":0,"max_hp_gain":0,"max_hp_loss":0,"event_name":"Mushrooms","floor":12,"gold_loss":0},{"cards_removed":["Strike_R"],"damage_healed":0,"gold_gain":0,"player_choice":"Gave Gold","damage_taken":0,"max_hp_gain":0,"max_hp_loss":0,"event_name":"Beggar","floor":19,"gold_loss":75},{"damage_healed":0,"gold_gain":0,"player_choice":"Ignored","damage_taken":0,"max_hp_gain":0,"max_hp_loss":0,"event_name":"Ghosts","floor":22,"gold_loss":0},{"damage_healed":0,"gold_gain":0,"player_choice":"Embrace Madness","damage_taken":12,"max_hp_gain":0,"max_hp_loss":0,"event_name":"Winding Halls","floor":36,"gold_loss":0,"cards_obtained":["Madness","Madness"]},{"damage_healed":0,"gold_gain":0,"player_choice":"Memory 1","damage_taken":0,"max_hp_gain":0,"max_hp_loss":0,"event_name":"SensoryStone","floor":37,"gold_loss":0},{"cards_removed":["Swift Strike"],"damage_healed":0,"gold_gain":0,"player_choice":"Removed Attack","damage_taken":0,"max_hp_gain":0,"max_hp_loss":0,"event_name":"Falling","floor":39,"gold_loss":0}],"is_beta":false,"boss_relics":[{"not_picked":["Mark of Pain","Ectoplasm"],"picked":"Sozu"},{"not_picked":["Snecko Eye","Black Star"],"picked":"Coffee Dripper"}],"items_purged_floors":[38],"is_endless":false,"potions_floor_spawned":[5,10,16,24,28,31,33,41,42,48],"killed_by":"Donu and Deca","ascension_level":0}}