{"host":"prxrhpgaxnj4om9r","time":1613449641,"event":{"mods":["AchievementEnabler","BaseMod","Colored Map","DeckTracker","Minty Spire (QoL Compilation)"],"gold_per_floor":[215,215,290,465,477,72,72,103,126,138,138,163,216,240,240,240,240],"floor_reached":16,"language":"KOR","playtime":798,"items_purged":["Doubt"],"score":120,"play_id":"134a6c95-df2e-4fe7-87ab-8a3c449b75e5","local_time":"20210216132721","is_ascension_mode":true,"campfire_choices":[{"data":"Infernal Blade","floor":7,"key":"SMITH"},{"floor":15,"key":"REST"}],"circlet_count":0,"master_deck":["Strike_R","Strike_R","Strike_R","Strike_R","Strike_R","Defend_R","Defend_R","Defend_R","Bash","Infernal Blade+1","Battle Trance","Shrug It Off","Perfected Strike","Disarm","Wild Strike","Heavy Blade"],"relics":["Burning Blood","Pocketwatch","Art of War","CeramicFish"],"acts_visited":["Exordium"],"potions_floor_usage":[12],"damage_taken":[{"damage":4,"enemies":"Small Slimes","floor":1,"turns":4},{"damage":13,"enemies":"2 Louse","floor":5,"turns":3},{"damage":20,"enemies":"Gremlin Nob","floor":8,"turns":4},{"damage":4,"enemies":"Jaw Worm","floor":10,"turns":2},{"damage":15,"enemies":"Exordium Thugs","floor":12,"turns":4},{"damage":15,"enemies":"Lots of Slimes","floor":14,"turns":4},{"damage":56,"enemies":"Hexaghost","floor":16,"turns":7}],"seed_played":"8829749391470609634","potions_obtained":[{"floor":8,"key":"SkillPotion"}],"is_trial":false,"path_per_floor":["M","?","?","?","M","$","R","E","T","M","$","M","?","M","R","B"],"character_chosen":"IRONCLAD","items_purchased":["Perfected Strike","Pocketwatch"],"campfire_rested":1,"item_purchase_floors":[6,6],"current_hp_per_floor":[80,80,69,69,62,62,62,48,48,50,50,41,41,32,56,0,0],"gold":240,"neow_bonus":"HUNDRED_GOLD","is_daily":false,"chose_seed":false,"campfire_upgraded":1,"win_rate":0.0,"timestamp":1613449641,"path_taken":["M","?","?","?","M","$","R","E","T","M","$","M","?","M","R","BOSS"],"items_purchased_type":["Card","Relic"],"build_version":"2020-12-22","purchased_purges":1,"victory":false,"max_hp_per_floor":[80,80,80,80,80,80,80,80,80,80,80,80,80,80,80,80,80],"card_choices":[{"not_picked":["Havoc","Sentinel"],"picked":"Infernal Blade","floor":1},{"not_picked":["Armaments","True Grit"],"picked":"Shrug It Off","floor":5},{"not_picked":["Armaments","Sword Boomerang"],"picked":"Disarm","floor":8},{"not_picked":["Sentinel","Havoc","True Grit"],"picked":"SKIP","floor":10},{"not_picked":["Ghostly Armor","Headbutt"],"picked":"Wild Strike","floor":12},{"not_picked":["Armaments","Offering"],"picked":"Heavy Blade","floor":14}],"player_experience":476669,"relics_obtained":[{"floor":8,"key":"Art of War"},{"floor":9,"key":"CeramicFish"}],"event_choices":[{"damage_healed":0,"gold_gain":0,"cards_transformed":["Defend_R"],"player_choice":"Change","damage_taken":0,"max_hp_gain":0,"max_hp_loss":0,"event_name":"Living Wall","floor":2,"gold_loss":0,"cards_obtained":["Battle Trance"]},{"damage_healed":0,"gold_gain":75,"player_choice":"Gather Gold","damage_taken":11,"max_hp_gain":0,"max_hp_loss":0,"event_name":"World of Goop","floor":3,"gold_loss":0},{"damage_healed":0,"gold_gain":175,"player_choice":"AGREE","damage_taken":0,"max_hp_gain":0,"max_hp_loss":0,"event_name":"Liars Game","floor":4,"gold_loss":0,"cards_obtained":["Doubt"]},{"damage_healed":0,"gold_gain":53,"player_choice":"Gained Gold","damage_taken":0,"max_hp_gain":0,"max_hp_loss":0,"event_name":"Golden Wing","floor":13,"gold_loss":0}],"is_beta":false,"boss_relics":[],"items_purged_floors":[6],"is_endless":false,"potions_floor_spawned":[8],"killed_by":"Hexaghost","ascension_level":4}}