{"host":"pj7egx7jkoz18hom","time":1613442228,"event":{"mods":["AchievementEnabler","BaseMod","Keyboard Shortcuts","Minty Spire (QoL Compilation)","SuperFastMode"],"gold_per_floor":[114,134,151,161,173,173,206,217,298,7,7,40,40,58,58,155,155,171,171,191,205,205,237,237,237,237],"floor_reached":25,"language":"KOR","playtime":1394,"items_purged":["Strike_R"],"score":342,"play_id":"8d00ef12-48d3-4b7a-8a54-d2e3e68c0828","local_time":"20210216112348","is_ascension_mode":true,"campfire_choices":[{"data":"Fire Breathing","floor":6,"key":"SMITH"},{"floor":13,"key":"REST"},{"floor":15,"key":"REST"},{"floor":24,"key":"REST"}],"circlet_count":0,"master_deck":["Strike_R","Strike_R","Strike_R","Strike_R","Defend_R","Defend_R","Defend_R","Defend_R","Bash","Parasite","Offering","True Grit","Cleave","Fire Breathing+1","Burning Pact","Pommel Strike","Wild Strike","Fire Breathing","Regret","Wild Strike","Warcry","Power Through","CurseOfTheBell","Warcry","Writhe","Evolve","Sentinel+1","Dual Wield"],"relics":["Burning Blood","Potion Belt","Shuriken","Pen Nib","Dream Catcher","FossilizedHelix","Calling Bell","Orichalcum","Self Forming Clay","Prayer Wheel","Oddly Smooth Stone","Kunai","Incense Burner"],"acts_visited":["Exordium","TheCity"],"potions_floor_usage":[7,7,12,12,21,23,23],"damage_taken":[{"damage":6,"enemies":"Cultist","floor":1,"turns":2},{"damage":9,"enemies":"Small Slimes","floor":2,"turns":4},{"damage":8,"enemies":"Jaw Worm","floor":3,"turns":5},{"damage":16,"enemies":"Lots of Slimes","floor":4,"turns":3},{"damage":16,"enemies":"Large Slime","floor":5,"turns":5},{"damage":22,"enemies":"Gremlin Nob","floor":7,"turns":3},{"damage":2,"enemies":"2 Fungi Beasts","floor":8,"turns":3},{"damage":16,"enemies":"3 Sentries","floor":12,"turns":3},{"damage":17,"enemies":"Looter","floor":14,"turns":2},{"damage":0,"enemies":"Slime Boss","floor":16,"turns":5},{"damage":10,"enemies":"Shell Parasite","floor":18,"turns":3},{"damage":32,"enemies":"Chosen","floor":20,"turns":6},{"damage":2,"enemies":"3 Cultists","floor":21,"turns":4},{"damage":30,"enemies":"Book of Stabbing","floor":23,"turns":5},{"damage":54,"enemies":"Slavers","floor":25,"turns":3}],"seed_played":"2587782767605148633","potions_obtained":[{"floor":3,"key":"LiquidBronze"},{"floor":4,"key":"PowerPotion"},{"floor":5,"key":"Fire Potion"},{"floor":7,"key":"LiquidMemories"},{"floor":8,"key":"AttackPotion"},{"floor":14,"key":"HeartOfIron"},{"floor":21,"key":"SkillPotion"}],"is_trial":false,"path_per_floor":["M","M","M","M","M","R","E","M","T","$","?","E","R","M","R","B",null,"M","?","M","M","T","E","R","E"],"character_chosen":"IRONCLAD","items_purchased":["Fire Breathing","Pen Nib"],"campfire_rested":3,"item_purchase_floors":[10,10],"current_hp_per_floor":[80,77,75,65,55,55,39,43,43,43,43,33,57,46,70,76,80,76,76,50,54,54,30,54,0,0],"gold":237,"neow_bonus":"THREE_RARE_CARDS","is_daily":false,"chose_seed":false,"campfire_upgraded":1,"win_rate":0.0,"timestamp":1613442228,"path_taken":["M","M","M","M","M","R","E","?","T","$","?","E","R","M","R","BOSS","M","?","M","M","?","E","R","E"],"items_purchased_type":["Card","Relic"],"build_version":"2020-12-22","purchased_purges":1,"victory":false,"max_hp_per_floor":[80,80,80,80,80,80,80,80,80,80,80,80,80,80,80,80,80,80,80,80,80,80,80,80,80,80],"card_choices":[{"not_picked":["Berserk","Double Tap"],"picked":"Offering","floor":0},{"not_picked":["Warcry","Clothesline"],"picked":"True Grit","floor":1},{"not_picked":["Whirlwind","Burning Pact"],"picked":"Cleave","floor":2},{"not_picked":["Flex","Burning Pact"],"picked":"Fire Breathing","floor":3},{"not_picked":["Uppercut","Disarm"],"picked":"Burning Pact","floor":4},{"not_picked":["Heavy Blade","Havoc"],"picked":"Pommel Strike","floor":5},{"not_picked":["Anger","Perfected Strike","Twin Strike"],"picked":"SKIP","floor":7},{"not_picked":["True Grit","Perfected Strike"],"picked":"Wild Strike","floor":8},{"not_picked":["Flame Barrier","Sword Boomerang"],"picked":"Wild Strike","floor":12},{"not_picked":["Metallicize","Perfected Strike"],"picked":"Warcry","floor":13},{"not_picked":["Sever Soul","Flex","Intimidate"],"picked":"SKIP","floor":14},{"not_picked":["Reckless Charge","Iron Wave"],"picked":"Power Through","floor":15},{"not_picked":["Anger","Havoc"],"picked":"Warcry","floor":18},{"not_picked":["Iron Wave","Anger","Rampage"],"picked":"SKIP","floor":18},{"not_picked":["Flex+1","Juggernaut"],"picked":"Evolve","floor":20},{"not_picked":["Clothesline","Wild Strike","Headbutt"],"picked":"SKIP","floor":20},{"not_picked":["Searing Blow+1","Clothesline"],"picked":"Sentinel+1","floor":21},{"not_picked":["Shockwave+1","Bloodletting+1","Entrench+1"],"picked":"SKIP","floor":21},{"not_picked":["Intimidate+1","Cleave+1"],"picked":"Dual Wield","floor":23}],"player_experience":90274,"relics_obtained":[{"floor":7,"key":"Potion Belt"},{"floor":9,"key":"Shuriken"},{"floor":12,"key":"FossilizedHelix"},{"floor":17,"key":"Orichalcum"},{"floor":17,"key":"Self Forming Clay"},{"floor":17,"key":"Prayer Wheel"},{"floor":22,"key":"Kunai"},{"floor":23,"key":"Incense Burner"}],"event_choices":[{"damage_healed":0,"gold_gain":0,"player_choice":"Box","damage_taken":0,"relics_obtained":["Dream Catcher"],"max_hp_gain":0,"max_hp_loss":0,"event_name":"Big Fish","floor":11,"gold_loss":0,"cards_obtained":["Regret"]},{"damage_healed":0,"gold_gain":0,"player_choice":"Opened","damage_taken":0,"relics_obtained":["Oddly Smooth Stone"],"max_hp_gain":0,"max_hp_loss":0,"event_name":"The Mausoleum","floor":19,"gold_loss":0,"cards_obtained":["Writhe"]}],"is_beta":false,"boss_relics":[{"not_picked":["Snecko Eye","Astrolabe"],"picked":"Calling Bell"}],"items_purged_floors":[10],"is_endless":false,"potions_floor_spawned":[3,4,5,7,8,14,21],"killed_by":"Slavers","ascension_level":4}}