{"host":"d52brwsy6af8zvaq","time":1613456514,"event":{"mods":["AchievementEnabler","BaseMod","Bestiary","Highlight Path","Minty Spire (QoL Compilation)","Quick Restart","Relic Stats","ojb\u0027s Better Paths Mod"],"gold_per_floor":[118,130,130,145,155,155,165,196,196,271,291,291,31,72,72,168,168,192,192,232,250,268,306,306,349,349,349,144,69,69,69,69,159,159,172,92,123,123,142,181,181,181,181,212,212,192,192,231,231,231,231,231,231,44,44,44],"floor_reached":55,"language":"ENG","playtime":4011,"items_purged":["Strike_B"],"score":2094,"play_id":"77821b44-90d9-41fe-a500-f4c0c01b8962","local_time":"20210215232154","is_ascension_mode":true,"campfire_choices":[{"data":"Dualcast","floor":6.0,"key":"SMITH"},{"floor":15.0,"key":"REST"},{"floor":24.0,"key":"REST"},{"floor":27.0,"key":"REST"},{"data":"Apotheosis","floor":30.0,"key":"SMITH"},{"data":"Glacier","floor":32.0,"key":"SMITH"},{"floor":41.0,"key":"RECALL"},{"data":"Electrodynamics","floor":45.0,"key":"SMITH"},{"data":"Capacitor","floor":47.0,"key":"SMITH"},{"data":"Echo Form","floor":49.0,"key":"SMITH"},{"floor":53.0,"key":"REST"}],"circlet_count":0,"master_deck":["AscendersBane","Defend_B","Defend_B","Defend_B","Defend_B","Zap","Dualcast+1","Sweeping Beam+1","Conserve Battery","Electrodynamics+1","Go for the Eyes+1","Loop","Turbo","Echo Form+1","Apotheosis+1","Glacier+1","Consume+1","Skim","Chill","Capacitor+1","Amplify","Undo","Self Repair","FTL+1","Recycle+1","Defragment"],"relics":["FrozenCore","Gambling Chip","Calipers","Golden Idol","Blood Vial","Cursed Key","Red Mask","Omamori","HornCleat","Bottled Lightning","Turnip","Symbiotic Virus","Du-Vu Doll","Whetstone"],"acts_visited":["Exordium","TheCity","TheBeyond","TheEnding"],"potions_floor_usage":[55],"damage_taken":[{"damage":1.0,"enemies":"Cultist","floor":1.0,"turns":3.0},{"damage":12.0,"enemies":"Jaw Worm","floor":2.0,"turns":3.0},{"damage":0.0,"enemies":"2 Louse","floor":4.0,"turns":2.0},{"damage":1.0,"enemies":"2 Fungi Beasts","floor":5.0,"turns":2.0},{"damage":3.0,"enemies":"3 Louse","floor":7.0,"turns":3.0},{"damage":19.0,"enemies":"3 Sentries","floor":8.0,"turns":4.0},{"damage":20.0,"enemies":"Large Slime","floor":11.0,"turns":4.0},{"damage":0.0,"enemies":"Gremlin Nob","floor":14.0,"turns":3.0},{"damage":17.0,"enemies":"The Guardian","floor":16.0,"turns":11.0},{"damage":0.0,"enemies":"Chosen","floor":18.0,"turns":7.0},{"damage":24.0,"enemies":"Masked Bandits","floor":20.0,"turns":3.0},{"damage":0.0,"enemies":"3 Byrds","floor":21.0,"turns":2.0},{"damage":8.0,"enemies":"Snake Plant","floor":22.0,"turns":6.0},{"damage":30.0,"enemies":"Slavers","floor":23.0,"turns":8.0},{"damage":8.0,"enemies":"Gremlin Leader","floor":25.0,"turns":8.0},{"damage":0.0,"enemies":"Champ","floor":33.0,"turns":18.0},{"damage":1.0,"enemies":"3 Darklings","floor":35.0,"turns":4.0},{"damage":10.0,"enemies":"Mind Bloom Boss Battle","floor":37.0,"turns":9.0},{"damage":0.0,"enemies":"3 Shapes","floor":39.0,"turns":5.0},{"damage":4.0,"enemies":"Reptomancer","floor":40.0,"turns":7.0},{"damage":7.0,"enemies":"Giant Head","floor":44.0,"turns":15.0},{"damage":0.0,"enemies":"Reptomancer","floor":48.0,"turns":7.0},{"damage":24.0,"enemies":"Time Eater","floor":50.0,"turns":25.0},{"damage":29.0,"enemies":"Awakened One","floor":51.0,"turns":28.0},{"damage":76,"enemies":"Shield and Spear","floor":55,"turns":5}],"seed_played":"116350412476235854","potions_obtained":[{"floor":1.0,"key":"Strength Potion"},{"floor":7.0,"key":"Swift Potion"},{"floor":11.0,"key":"LiquidMemories"},{"floor":20.0,"key":"EssenceOfSteel"},{"floor":22.0,"key":"Dexterity Potion"},{"floor":23.0,"key":"EssenceOfDarkness"},{"floor":33.0,"key":"ColorlessPotion"},{"floor":37.0,"key":"SmokeBomb"},{"floor":44.0,"key":"DistilledChaos"},{"floor":46.0,"key":"Dexterity Potion"}],"is_trial":false,"path_per_floor":["M","M","T","M","M","R","M","E","T","?","M","?","$","E","R","B",null,"M","?","?","M","M","E","R","E","T","R","$","?","R","$","R","B",null,"M","$","?","?","M","E","R","?","T","E","R","?","R","E","R","B","B",null,"R","$","E"],"character_chosen":"DEFECT","items_purchased":["Block Potion","Apotheosis","Block Potion","Undo","Self Repair","Defragment","Fruit Juice"],"campfire_rested":4,"item_purchase_floors":[13,13,28,28,36,54,54],"current_hp_per_floor":[70,58,58,58,57,57,54,35,35,24,4,4,4,4,25,10,56,58,58,36,38,32,4,25,19,19,40,40,40,40,40,40,42,64,65,65,71,71,71,71,71,71,71,71,71,71,71,71,71,57,50,66,71,71,0,0],"gold":44,"neow_bonus":"TEN_PERCENT_HP_BONUS","is_daily":false,"chose_seed":false,"campfire_upgraded":6,"win_rate":0.0,"timestamp":1613456514,"path_taken":["M","M","?","?","M","R","M","E","T","?","M","?","$","E","R","BOSS","M","?","?","M","M","E","R","E","T","R","$","?","R","?","R","BOSS","M","$","?","?","?","E","R","?","T","E","R","?","R","E","R","BOSS","BOSS","R","$","E"],"items_purchased_type":["Potion","Card","Potion","Card","Card","Card","Potion"],"build_version":"2020-12-22","purchased_purges":1,"victory":false,"max_hp_per_floor":[78,78,78,78,78,78,78,78,78,78,78,71,71,71,71,71,71,71,71,71,71,71,71,71,71,71,71,71,71,71,71,71,71,71,71,71,71,71,71,71,71,71,71,71,71,71,71,71,71,71,71,71,71,71,76,76],"relic_stats":{"Blood Vial":22,"counters":[25,191],"Golden Idol":156,"Gambling Chip":[53],"Turnip":[4],"Whetstone":["Go for the Eyes","Sweeping Beam"],"Cursed Key":1,"obtain_stats":[{"Calipers":8,"Golden Idol":12,"Omamori":23,"Whetstone":48,"Cursed Key":17,"FrozenCore":34,"Blood Vial":14,"Du-Vu Doll":44,"HornCleat":25,"Gambling Chip":3,"Turnip":37,"Red Mask":20,"Bottled Lightning":26,"Cracked Core":0,"Symbiotic Virus":40},{"Calipers":6,"Golden Idol":7,"Omamori":14,"Whetstone":22,"Cursed Key":9,"FrozenCore":16,"Blood Vial":8,"Du-Vu Doll":21,"HornCleat":15,"Gambling Chip":2,"Turnip":18,"Red Mask":11,"Bottled Lightning":15,"Cracked Core":0,"Symbiotic Virus":20},{"Calipers":17,"Golden Idol":21,"Omamori":61,"Whetstone":133,"Cursed Key":35,"FrozenCore":87,"Blood Vial":24,"Du-Vu Doll":126,"HornCleat":69,"Gambling Chip":6,"Turnip":99,"Red Mask":45,"Bottled Lightning":69,"Cracked Core":0,"Symbiotic Virus":111}],"FrozenCore":[32]},"card_choices":[{"not_picked":["Aggregate","Stack"],"picked":"Sweeping Beam","floor":1.0},{"not_picked":["Stack","Hologram"],"picked":"Conserve Battery","floor":2.0},{"not_picked":["Turbo","Steam"],"picked":"Electrodynamics","floor":4.0},{"not_picked":["Barrage","Hologram"],"picked":"Go for the Eyes","floor":5.0},{"not_picked":["Hologram","Darkness"],"picked":"Loop","floor":7.0},{"not_picked":["Go for the Eyes","Barrage"],"picked":"Turbo","floor":8.0},{"not_picked":["Streamline","Rebound"],"picked":"Echo Form","floor":11.0},{"not_picked":["Leap","Chaos"],"picked":"Glacier","floor":14.0},{"not_picked":["Static Discharge","Sweeping Beam"],"picked":"Consume+1","floor":18.0},{"not_picked":["Gash+1","Go for the Eyes"],"picked":"Skim","floor":20.0},{"not_picked":["Sunder","Scrape"],"picked":"Chill","floor":21.0},{"not_picked":["Turbo","Stack"],"picked":"Capacitor","floor":22.0},{"not_picked":["Tempest","Rebound"],"picked":"Amplify","floor":23.0},{"not_picked":["Stack","Streamline","Reprogram"],"picked":"SKIP","floor":25.0},{"not_picked":["Coolheaded","Reprogram+1","Hello World+1"],"picked":"SKIP","floor":35.0},{"not_picked":["Compile Driver","Undo"],"picked":"FTL+1","floor":37.0},{"not_picked":["Sunder","Ball Lightning","Compile Driver+1"],"picked":"SKIP","floor":39.0},{"not_picked":["Tempest","Double Energy+1","White Noise"],"picked":"SKIP","floor":40.0},{"not_picked":["Beam Cell+1","Steam Power","Blizzard"],"picked":"SKIP","floor":44.0},{"not_picked":["Rebound","Steam+1"],"picked":"Recycle+1","floor":48.0}],"player_experience":2284423,"relics_obtained":[{"floor":3.0,"key":"Gambling Chip"},{"floor":8.0,"key":"Calipers"},{"floor":14.0,"key":"Blood Vial"},{"floor":20.0,"key":"Red Mask"},{"floor":23.0,"key":"Omamori"},{"floor":25.0,"key":"HornCleat"},{"floor":26.0,"key":"Bottled Lightning"},{"floor":37.0,"key":"Turnip"},{"floor":40.0,"key":"Symbiotic Virus"},{"floor":44.0,"key":"Du-Vu Doll"},{"floor":48.0,"key":"Whetstone"}],"event_choices":[{"damage_healed":0.0,"max_hp_gain":0.0,"max_hp_loss":0.0,"gold_gain":75.0,"event_name":"World of Goop","player_choice":"Gather Gold","floor":10.0,"gold_loss":0.0,"damage_taken":11.0},{"damage_healed":0.0,"max_hp_gain":0.0,"max_hp_loss":7.0,"gold_gain":0.0,"event_name":"Golden Idol","player_choice":"Lose Max HP","floor":12.0,"gold_loss":0.0,"damage_taken":0.0,"relics_obtained":["Golden Idol"]},{"damage_healed":0.0,"max_hp_gain":0.0,"max_hp_loss":0.0,"gold_gain":0.0,"event_name":"Ghosts","player_choice":"Ignored","floor":19.0,"gold_loss":0.0,"damage_taken":0.0},{"damage_healed":0.0,"max_hp_gain":0.0,"max_hp_loss":0.0,"gold_gain":0.0,"event_name":"Masked Bandits","player_choice":"Fought Bandits","floor":20.0,"gold_loss":0.0,"damage_taken":0.0},{"cards_removed":["Strike_B"],"damage_healed":0.0,"max_hp_gain":0.0,"max_hp_loss":0.0,"gold_gain":0.0,"event_name":"Beggar","player_choice":"Gave Gold","floor":29.0,"gold_loss":75.0,"damage_taken":0.0},{"damage_healed":0.0,"max_hp_gain":0.0,"max_hp_loss":0.0,"gold_gain":0.0,"event_name":"MindBloom","player_choice":"Fight","floor":37.0,"gold_loss":0.0,"damage_taken":0.0},{"cards_removed":["Strike_B"],"damage_healed":0.0,"max_hp_gain":0.0,"max_hp_loss":0.0,"gold_gain":0.0,"event_name":"Purifier","player_choice":"Purged","floor":38.0,"gold_loss":0.0,"damage_taken":0.0},{"cards_removed":["Strike_B"],"damage_healed":0.0,"max_hp_gain":0.0,"max_hp_loss":0.0,"gold_gain":0.0,"event_name":"Falling","player_choice":"Removed Attack","floor":42.0,"gold_loss":0.0,"damage_taken":0.0},{"damage_healed":0.0,"max_hp_gain":0.0,"max_hp_loss":0.0,"gold_gain":0.0,"event_name":"The Woman in Blue","player_choice":"Bought 1 Potion","floor":46.0,"gold_loss":0.0,"damage_taken":0.0}],"is_beta":false,"boss_relics":[{"not_picked":["Inserter","Nuclear Battery"],"picked":"Cursed Key"},{"not_picked":["Sozu","Pandora\u0027s Box"],"picked":"FrozenCore"}],"items_purged_floors":[28],"is_endless":false,"potions_floor_spawned":[1,7,11,20,22,23,33,37,39,44],"killed_by":"Shield and Spear","ascension_level":20}}