{"host":"w5thk1acqacem6ba","time":1613490077,"event":{"mods":["AchievementEnabler","BaseMod","Colored Map","KOR Keyword Fix","Minty Spire (QoL Compilation)","SuperFastMode"],"gold_per_floor":[114,124,124,124,23,54,54,54,77,105,105,131,131,151,151,255,255,283,312,227,236,260,260,260,260],"floor_reached":24,"language":"KOR","playtime":843,"items_purged":["Strike_R"],"score":276,"play_id":"e0dc330a-d457-44e4-969c-ed9f93cebc8d","local_time":"20210217004117","is_ascension_mode":true,"campfire_choices":[{"data":"Wild Strike","floor":8,"key":"SMITH"},{"data":"Bash","floor":11,"key":"SMITH"},{"data":"Blood for Blood","floor":13,"key":"SMITH"},{"data":"Iron Wave","floor":15,"key":"SMITH"},{"floor":23,"key":"REST"}],"circlet_count":0,"master_deck":["Strike_R","Strike_R","Strike_R","Defend_R","Defend_R","Defend_R","Defend_R","Bash+1","Iron Wave","Iron Wave+1","Wild Strike+1","Evolve","Blood for Blood+1","Offering","Feed","Pommel Strike+1","Cleave","Offering","Rupture"],"relics":["Burning Blood","NeowsBlessing","Red Skull","CeramicFish","Black Star","Matryoshka"],"acts_visited":["Exordium","TheCity"],"potions_floor_usage":[16,16,24],"damage_taken":[{"damage":0,"enemies":"2 Louse","floor":1,"turns":1},{"damage":0,"enemies":"Cultist","floor":2,"turns":1},{"damage":0,"enemies":"Gremlin Nob","floor":6,"turns":1},{"damage":0,"enemies":"Small Slimes","floor":10,"turns":3},{"damage":13,"enemies":"Blue Slaver","floor":12,"turns":2},{"damage":2,"enemies":"Lots of Slimes","floor":14,"turns":7},{"damage":28,"enemies":"Hexaghost","floor":16,"turns":6},{"damage":25,"enemies":"Spheric Guardian","floor":18,"turns":4},{"damage":26,"enemies":"Chosen","floor":19,"turns":6},{"damage":13,"enemies":"Sentry and Sphere","floor":22,"turns":3},{"damage":49,"enemies":"Gremlin Leader","floor":24,"turns":3}],"seed_played":"3356771577643421403","potions_obtained":[{"floor":2,"key":"Block Potion"},{"floor":6,"key":"CultistPotion"},{"floor":10,"key":"LiquidBronze"},{"floor":18,"key":"GamblersBrew"},{"floor":22,"key":"Weak Potion"}],"is_trial":false,"path_per_floor":["M","M","$","?","$","E","$","R","T","M","R","M","R","M","R","B",null,"M","M","?","?","M","R","E"],"character_chosen":"IRONCLAD","items_purchased":["Iron Wave"],"campfire_rested":1,"item_purchase_floors":[5],"current_hp_per_floor":[80,80,80,80,80,80,80,80,80,80,80,73,73,77,77,55,74,55,35,35,35,28,52,3,3],"gold":260,"neow_bonus":"THREE_ENEMY_KILL","is_daily":false,"chose_seed":false,"campfire_upgraded":4,"win_rate":0.0,"timestamp":1613490077,"path_taken":["M","M","$","?","$","E","$","R","T","M","R","M","R","M","R","BOSS","M","M","?","?","M","R","E"],"items_purchased_type":["Card"],"build_version":"2020-12-22","purchased_purges":1,"victory":false,"max_hp_per_floor":[80,80,80,80,80,80,80,80,80,80,80,80,80,80,80,80,80,80,80,80,80,80,80,80,80],"card_choices":[{"not_picked":["Flex","Metallicize","Whirlwind"],"picked":"SKIP","floor":1},{"not_picked":["Dual Wield","Anger"],"picked":"Iron Wave","floor":2},{"not_picked":["Clothesline","Pommel Strike"],"picked":"Wild Strike","floor":6},{"not_picked":["Seeing Red","Iron Wave"],"picked":"Evolve","floor":10},{"not_picked":["Burning Pact","Body Slam"],"picked":"Blood for Blood","floor":12},{"not_picked":["True Grit","Havoc"],"picked":"Offering","floor":14},{"not_picked":["Limit Break","Bludgeon"],"picked":"Feed","floor":16},{"not_picked":["Dual Wield+1","Anger"],"picked":"Pommel Strike+1","floor":18},{"not_picked":["Headbutt","Clash"],"picked":"Cleave","floor":19},{"not_picked":["Spot Weakness","Shrug It Off"],"picked":"Rupture","floor":22}],"player_experience":380386,"relics_obtained":[{"floor":6,"key":"Red Skull"},{"floor":9,"key":"CeramicFish"}],"event_choices":[{"cards_removed":["Strike_R"],"damage_healed":0,"gold_gain":0,"player_choice":"Purged","damage_taken":0,"max_hp_gain":0,"max_hp_loss":0,"event_name":"Purifier","floor":4,"gold_loss":0},{"damage_healed":0,"gold_gain":0,"player_choice":"Obtained Relic","damage_taken":0,"relics_obtained":["Matryoshka"],"max_hp_gain":0,"max_hp_loss":0,"event_name":"Addict","floor":20,"gold_loss":85},{"damage_healed":0,"gold_gain":0,"player_choice":"Copied","damage_taken":0,"max_hp_gain":0,"max_hp_loss":0,"event_name":"Duplicator","floor":21,"gold_loss":0,"cards_obtained":["Offering"]}],"is_beta":false,"boss_relics":[{"not_picked":["Busted Crown","Tiny House"],"picked":"Black Star"}],"items_purged_floors":[5],"is_endless":false,"potions_floor_spawned":[2,6,10,12,18,22],"killed_by":"Gremlin Leader","ascension_level":5}}