{"host":"i9z6y8pcdeu2qxnx","time":1613490976,"event":{"mods":["BaseMod","Colored Map","Googly Eyes","Highlight Path","Minty Spire (QoL Compilation)","Replay The Spire","StSLib"],"gold_per_floor":[114,129,144,44,119,149,164,164,164,179,22,37,37,52,52,52,52],"floor_reached":16,"language":"ENG","playtime":1283,"items_purged":[],"score":129,"play_id":"f4cec42f-a614-4d3e-9fc9-8555981c344d","local_time":"20210216105616","daily_mods":["Specialized","ControlledChaos","Lethality"],"is_ascension_mode":false,"campfire_choices":[{"floor":15,"key":"REST"}],"circlet_count":0,"master_deck":["Strike_P","Strike_P","Strike_P","Defend_P","Defend_P","Defend_P","Defend_P","Eruption","Vigilance","DeusExMachina","DeusExMachina","DeusExMachina","DeusExMachina","DeusExMachina","EmptyBody","CarveReality","FollowUp","CutThroughFate","ThirdEye","FollowUp","Consecrate","Evaluate","Brilliance","Perseverance","InnerPeace","FlurryOfBlows"],"relics":["PureWater","Frozen Eye","Vajra","PreservedInsect","Bronze Scales"],"acts_visited":["Exordium"],"potions_floor_usage":[2,14,14],"damage_taken":[{"damage":0,"enemies":"Small Slimes","floor":1,"turns":2},{"damage":5,"enemies":"Jaw Worm","floor":2,"turns":4},{"damage":5,"enemies":"Cultist","floor":3,"turns":3},{"damage":5,"enemies":"Replay:BlueRogue","floor":6,"turns":4},{"damage":3,"enemies":"3 Louse","floor":7,"turns":3},{"damage":15,"enemies":"2 Fungi Beasts","floor":10,"turns":3},{"damage":2,"enemies":"Exordium Wildlife","floor":12,"turns":3},{"damage":0,"enemies":"Gremlin Gang","floor":14,"turns":3},{"damage":66,"enemies":"Fading Forest","floor":16,"turns":9}],"seed_played":"2711566965655028651","potions_obtained":[{"floor":1,"key":"Swift Potion"},{"floor":3,"key":"Fire Potion"},{"floor":7,"key":"Strength Potion"},{"floor":10,"key":"FearPotion"}],"is_trial":false,"path_per_floor":["M","M","M","$","?","E","M","T","T","M","$","M","?","M","R","B"],"character_chosen":"WATCHER","items_purchased":["CutThroughFate","ThirdEye","Brilliance"],"campfire_rested":1,"item_purchase_floors":[4,4,11],"current_hp_per_floor":[72,67,62,62,51,46,43,43,43,28,28,26,26,26,47,0,0],"gold":52,"neow_bonus":"","is_daily":true,"chose_seed":false,"campfire_upgraded":0,"win_rate":0.0,"timestamp":1613490976,"path_taken":["M","M","M","$","?","E","M","?","T","M","$","M","?","?","R","BOSS"],"items_purchased_type":["Card","Card","Card"],"build_version":"2020-12-22","purchased_purges":0,"victory":false,"max_hp_per_floor":[72,72,72,72,72,72,72,72,72,72,72,72,72,72,72,72,72],"card_choices":[{"not_picked":["Vengeance","TalkToTheHand"],"picked":"EmptyBody","floor":1},{"not_picked":["Halt","Prostrate"],"picked":"CarveReality","floor":2},{"not_picked":["Halt","Adaptation"],"picked":"FollowUp","floor":3},{"not_picked":["Collect","PathToVictory"],"picked":"FollowUp","floor":6},{"not_picked":["Protect","Replay:BluntJabs"],"picked":"Consecrate","floor":7},{"not_picked":["PathToVictory","Replay:BluntJabs"],"picked":"Evaluate","floor":10},{"not_picked":["Crescendo","CutThroughFate"],"picked":"Perseverance","floor":12},{"not_picked":["LikeWater","Sanctity"],"picked":"FlurryOfBlows","floor":14}],"player_experience":1011130,"relics_obtained":[{"floor":6,"key":"Vajra"},{"floor":8,"key":"PreservedInsect"},{"floor":9,"key":"Bronze Scales"}],"event_choices":[{"damage_healed":0,"gold_gain":75,"player_choice":"Gather Gold","damage_taken":11,"max_hp_gain":0,"max_hp_loss":0,"event_name":"World of Goop","floor":5,"gold_loss":0},{"damage_healed":0,"gold_gain":0,"cards_transformed":["Strike_P"],"player_choice":"Transformed","damage_taken":0,"max_hp_gain":0,"max_hp_loss":0,"event_name":"Transmorgrifier","floor":13,"gold_loss":0,"cards_obtained":["InnerPeace"]}],"is_beta":false,"boss_relics":[],"items_purged_floors":[],"is_endless":false,"potions_floor_spawned":[1,3,7,10],"killed_by":"Fading Forest","ascension_level":0}}