{"host":"za9ilm1uiwmpmin1","time":1613503182,"event":{"mods":["AchievementEnabler","Act Like it!","BaseMod","Dota2Spire","Downfall","Friendly Minions","KomeijiMod","Lobotomy","LobotomyExtend","Minty Spire (QoL Compilation)","MostiFishMod","Reorder Act Four","RumiaBox-露米娅的神秘盒子","StSLib","TestMod","Waifu the Spire","[IsaacMod]以撒尖塔","【功能Mod】混沌之环修复补丁"],"gold_per_floor":[119,135,135,151,151,183,183,210,210,210,240,251,287,304,304,410,410,410,410,296,340,440,475,475,506,557,598,653,653,695,725,725,846,846,891,766,766,776,776,816,816,852,852,893,940,974,722,739,739,744,744,744,596,596,659,669],"floor_reached":57,"language":"ZHS","playtime":1398,"items_purged":["champ:Strike","champ:Strike","champ:Strike","champ:Execute+1","champ:Defend","champ:Defend"],"score":2403,"play_id":"c703121a-9157-41f3-94a3-3cedb1c3e238","local_time":"20210217031942","is_ascension_mode":true,"campfire_choices":[{"data":"champ:Taunt","floor":7,"key":"SMITH"},{"data":"champ:Execute","floor":10,"key":"SMITH"},{"data":"champ:RageSigil","floor":15,"key":"SMITH"},{"floor":24,"key":"RECALL"},{"data":"champ:TripleStrike","floor":29,"key":"SMITH"},{"data":"champ:HoldFirm","floor":32,"key":"SMITH"},{"data":"champ:ShieldWall","floor":41,"key":"SMITH"},{"data":"champ:GladiatorForm","floor":49,"key":"SMITH"},{"data":"champ:Defend","floor":54,"key":"SMITH"}],"circlet_count":0,"master_deck":["champ:Defend","champ:Defend+1","champ:Taunt+1","champ:GladiatorForm+1","champ:ShieldWall+1","champ:TripleStrike+1","champ:RageSigil+1","champ:ShieldThrow+1","champ:Lariat+1","champ:HoldFirm+1","champ:EnchantCrown+1"],"relics":["DaveBox","HushsDoor","testmod-TestBox","testmod-Brilliant","SteamSale","ShadowXiaoBlade","testmod-DeterminationOfClimber","SynthV:TestCard","Guardian:PocketSentry","testmod-HeartOfStrike","Odd Mushroom","Dota2Spire:MaskOfMadness","xbg","Dota2Spire:HandOfMidas","Dota2Spire:ShadowBlade","Potion Belt","Oddly Smooth Stone","CeramicFish","Red Mask","Void","Transparent","testmod-Charity","Blue Candle","Ancient Tea Set","SentryEyes","FossilizedHelix","Dota2Spire:EtherealBlade","Dota2Spire:AghanimScepter","YumHeart","TheAbacus","Pantograph"],"acts_visited":["Exordium","TheCity","TheBeyond","TheEnding"],"potions_floor_usage":[6,47,56,56,56],"damage_taken":[{"damage":10.0,"enemies":"Jaw Worm","floor":1.0,"turns":1.0},{"damage":0.0,"enemies":"Small Slimes","floor":2.0,"turns":1.0},{"damage":0.0,"enemies":"2 Louse","floor":4.0,"turns":1.0},{"damage":35,"enemies":"Lagavulin","floor":6,"turns":4},{"damage":10,"enemies":"The Mushroom Lair","floor":11,"turns":1},{"damage":0,"enemies":"2 Fungi Beasts","floor":12,"turns":1},{"damage":0,"enemies":"3 Sentries","floor":13,"turns":2},{"damage":0,"enemies":"Blue Slaver","floor":14,"turns":2},{"damage":0,"enemies":"Slime Boss","floor":16,"turns":2},{"damage":11,"enemies":"2 Thieves","floor":21,"turns":2},{"damage":0,"enemies":"Book of Stabbing","floor":23,"turns":1},{"damage":0,"enemies":"Slavers","floor":25,"turns":1},{"damage":10,"enemies":"Book of Stabbing","floor":27,"turns":2},{"damage":10,"enemies":"Shell Parasite","floor":28,"turns":2},{"damage":0,"enemies":"Masked Bandits","floor":30,"turns":1},{"damage":0,"enemies":"Slavers","floor":31,"turns":1},{"damage":0,"enemies":"Champ","floor":33,"turns":2},{"damage":16,"enemies":"3 Shapes","floor":35,"turns":1},{"damage":16,"enemies":"3 Darklings","floor":38,"turns":1},{"damage":17,"enemies":"Giant Head","floor":40,"turns":1},{"damage":18,"enemies":"Reptomancer","floor":42,"turns":1},{"damage":0,"enemies":"Nemesis","floor":44,"turns":1},{"damage":0,"enemies":"4 Shapes","floor":45,"turns":1},{"damage":0,"enemies":"Reptomancer","floor":46,"turns":1},{"damage":0,"enemies":"Sphere and 2 Shapes","floor":48,"turns":1},{"damage":22,"enemies":"Time Eater","floor":50,"turns":2},{"damage":0,"enemies":"Shield and Spear","floor":55,"turns":1},{"damage":0,"enemies":"The Heart","floor":56,"turns":1}],"seed_played":"-508221010028193770","potions_obtained":[{"floor":2.0,"key":"SkillPotion"},{"floor":13,"key":"SpeedPotion"},{"floor":27,"key":"champ:OpenerPotion"},{"floor":30,"key":"Dota2Spire:Clarity"},{"floor":33,"key":"SteroidPotion"},{"floor":35,"key":"Dota2Spire:Clarity"},{"floor":42,"key":"champ:OpenerPotion"}],"is_trial":false,"path_per_floor":["M","M","?","M","?","E","R","T","T","R","?","M","E","M","R","B",null,"M","?","$","M","?","E","R","E","T","E","M","R","?","E","R","B",null,"M","$","?","M","?","E","R","E","T","E","M","E","$","M","R","B",null,null,"$","R","E","B",null],"character_chosen":"THE_CHAMP","items_purchased":["Dota2Spire:HandOfMidas","testmod-Charity","testmod-SpacePotion","YumHeart","TheAbacus"],"campfire_rested":0,"item_purchase_floors":[20,36,47,47,53],"current_hp_per_floor":[90,90,90,90,90,76,76,76,76,76,76,76,78,81,81,88,85,85,69,69,71,71,81,81,82,82,89,90,90,90,90,90,90,83,83,83,78,86,86,93,93,96,96,101,103,105,105,106,106,113,113,113,113,113,118,126],"gold":669,"neow_bonus":"BOSS_RELIC","is_daily":false,"chose_seed":false,"campfire_upgraded":8,"win_rate":0.0,"timestamp":1613503182,"path_taken":["M","M","?","M","?","E","R","?","T","R","?","M","E","M","R","BOSS","M","?","?","M","?","E","R","E","T","E","M","R","?","E","R","BOSS","M","$","?","M","?","E","R","E","T","E","?","E","?","M","R","BOSS","$","R","E","BOSS"],"items_purchased_type":["Relic","Relic","Potion","Relic","Relic"],"build_version":"2020-12-22","purchased_purges":6,"victory":true,"max_hp_per_floor":[90,90,90,90,90,90,90,90,90,90,90,90,90,90,90,90,85,85,90,90,90,90,90,90,90,90,90,90,90,90,90,90,90,83,83,83,83,86,86,93,93,96,96,101,103,105,105,106,106,113,113,113,113,113,118,126],"card_choices":[{"not_picked":["champ:FocusedDefense","champ:HeartStrike","champ:FalseCounter"],"picked":"SKIP","floor":1.0},{"not_picked":["champ:SetATrap","champ:BladeFlurry","champ:FlashCut","champ:Haymaker","champ:ArenaPreparation"],"picked":"SKIP","floor":2.0},{"not_picked":["champ:SetATrap","champ:BladeFlurry","champ:Backstep","champ:RapidStrikes"],"picked":"champ:GladiatorForm","floor":4.0},{"not_picked":["champ:FlashCut","champ:Encircle","champ:CrownThrow","champ:DefensiveShout","champ:BerserkersShout"],"picked":"SKIP","floor":6},{"not_picked":["champ:BringItOn","champ:PerfectedStrike","champ:FlashCut","champ:BladeFlurry"],"picked":"champ:ShieldWall","floor":11},{"not_picked":["champ:BladeFlurry","champ:DefensiveStyle","champ:PreciseThrust","champ:RisingSlash"],"picked":"champ:TripleStrike","floor":12},{"not_picked":["champ:DefensiveShout","champ:HoldFirm","champ:RisingSlash","champ:EnragedBash"],"picked":"champ:RageSigil","floor":13},{"not_picked":["champ:StanceDance","champ:ViciousMockery","champ:FlashCut","champ:CrownThrow","champ:ShieldSigil"],"picked":"SKIP","floor":14},{"not_picked":["champ:TripleStrike","champ:UltimateStance","champ:VampiricStrike","champ:IgnorePain"],"picked":"champ:ShieldThrow","floor":16},{"not_picked":["champ:PreciseThrust","champ:Circumvent","champ:Parry","champ:RageSigil+1","champ:ArenaPreparation+1"],"picked":"SKIP","floor":21},{"not_picked":["champ:Backstep+1","champ:ShieldThrow","champ:Parry","champ:PreemptiveStrike","champ:ArenaPreparation"],"picked":"SKIP","floor":23},{"not_picked":["champ:EndlessRage","champ:StanceDance","champ:Endure","champ:Haymaker+1","champ:GutPunch"],"picked":"SKIP","floor":25},{"not_picked":["champ:Lariat+1","champ:ShieldSigil","champ:RecklessLeap","champ:BringItOn+1","champ:FanOfKnives+1"],"picked":"SKIP","floor":27},{"not_picked":["champ:ShieldSigil","champ:RecklessLeap","champ:BringItOn+1","champ:FanOfKnives+1"],"picked":"champ:Lariat+1","floor":27},{"not_picked":["champ:Lariat","champ:CrownThrow","champ:Shatter+1","champ:FlashCut","champ:FanOfKnives"],"picked":"SKIP","floor":28},{"not_picked":["champ:Encircle+1","champ:Shatter","champ:EnGarde+1","champ:ShieldSigil"],"picked":"champ:HoldFirm","floor":30},{"not_picked":["champ:FocusedBerserking","champ:AdrenalArmor","champ:CrownThrow","champ:IronFortress","champ:Backstep"],"picked":"SKIP","floor":31},{"not_picked":["champ:SwordThrow","champ:EnchantSword","champ:GladiatorForm","champ:EnchantShield"],"picked":"champ:EnchantCrown","floor":33},{"not_picked":["champ:IronFortress+1","champ:DefensiveStyle","champ:FaceSlap","champ:AdrenalArmor","champ:GladiatorStyle+1"],"picked":"SKIP","floor":35},{"not_picked":["champ:CrownThrow+1","champ:CrookedStrike","champ:Shatter","champ:DefensiveStyle+1","champ:RageSigil"],"picked":"SKIP","floor":38},{"not_picked":["champ:PreciseThrust+1","champ:HeavySlash","champ:FancyFootwork+1","champ:SwordThrow","champ:Circumvent"],"picked":"SKIP","floor":40},{"not_picked":["champ:EnragedBash+1","champ:Shatter","champ:RisingSlash+1","champ:ShieldWall","champ:CheapShot"],"picked":"SKIP","floor":42},{"not_picked":["champ:Circumvent+1","champ:RecklessLeap","champ:FanOfKnives+1","champ:Haymaker","champ:DefensiveStyle+1"],"picked":"SKIP","floor":44},{"not_picked":["champ:FancyFootwork+1","champ:FlashCut","champ:FanOfKnives","champ:ShieldSlam","champ:ShieldWall+1"],"picked":"SKIP","floor":45},{"not_picked":["champ:EnGarde+1","champ:SkillfulDodge+1","champ:FlashCut","champ:Encircle","champ:IgnorePain"],"picked":"SKIP","floor":46},{"not_picked":["champ:CalledShot+1","champ:PerfectedStrike+1","champ:AdrenalArmor+1","champ:EnGarde","champ:FocusedBerserking+1"],"picked":"SKIP","floor":48},{"not_picked":["champ:FaceSlap","champ:RapidStrikes","champ:ShieldWall+1","champ:FalseCounter+1","champ:ArenaPreparation"],"picked":"SKIP","floor":55}],"player_experience":1142289,"relics_obtained":[{"floor":1.0,"key":"SynthV:TestCard"},{"floor":1.0,"key":"LetterFromLob"},{"floor":6,"key":"Guardian:PocketSentry"},{"floor":9,"key":"testmod-HeartOfStrike"},{"floor":11,"key":"Odd Mushroom"},{"floor":13,"key":"Dota2Spire:MaskOfMadness"},{"floor":23,"key":"Dota2Spire:ShadowBlade"},{"floor":25,"key":"Potion Belt"},{"floor":26,"key":"Oddly Smooth Stone"},{"floor":27,"key":"CeramicFish"},{"floor":30,"key":"Red Mask"},{"floor":31,"key":"Void"},{"floor":33,"key":"LetterFromLob"},{"floor":35,"key":"LetterFromLob"},{"floor":38,"key":"LetterFromLob"},{"floor":40,"key":"Ancient Tea Set"},{"floor":40,"key":"LetterFromLob"},{"floor":42,"key":"SentryEyes"},{"floor":42,"key":"LetterFromLob"},{"floor":43,"key":"FossilizedHelix"},{"floor":44,"key":"Dota2Spire:EtherealBlade"},{"floor":44,"key":"LetterFromLob"},{"floor":45,"key":"LetterFromLob"},{"floor":46,"key":"Dota2Spire:AghanimScepter"},{"floor":46,"key":"LetterFromLob"},{"floor":48,"key":"LetterFromLob"},{"floor":55,"key":"Pantograph"},{"floor":55,"key":"LetterFromLob"}],"event_choices":[{"damage_healed":0.0,"max_hp_gain":0.0,"max_hp_loss":0.0,"gold_gain":0.0,"event_name":"Liars Game","player_choice":"Ignored","floor":5.0,"gold_loss":0.0,"damage_taken":0.0},{"damage_healed":0,"gold_gain":0,"player_choice":"Fought Mushrooms","damage_taken":0,"max_hp_gain":0,"max_hp_loss":0,"event_name":"Mushrooms","floor":11,"gold_loss":0},{"damage_healed":0,"gold_gain":0,"player_choice":"Shed Blood","damage_taken":21,"max_hp_gain":5,"max_hp_loss":0,"event_name":"Forgotten Altar","floor":19,"gold_loss":0},{"damage_healed":0,"gold_gain":100,"player_choice":"Pray","damage_taken":0,"max_hp_gain":0,"max_hp_loss":0,"event_name":"Golden Shrine","floor":22,"gold_loss":0},{"damage_healed":0,"gold_gain":0,"player_choice":"Fought Bandits","damage_taken":0,"max_hp_gain":0,"max_hp_loss":0,"event_name":"Masked Bandits","floor":30,"gold_loss":0},{"damage_healed":0,"gold_gain":0,"player_choice":"Swap Relic","damage_taken":0,"relics_obtained":["Technique"],"max_hp_gain":0,"max_hp_loss":0,"event_name":"给自己的盒子","floor":39,"relics_lost":["Technique"],"gold_loss":0}],"is_beta":false,"boss_relics":[{"not_picked":["ExusiaiGun","testmod-HarvestTotem"],"picked":"xbg"},{"not_picked":[]},{"not_picked":["OneHitWonderSystem","expansioncontent:StudyCardRelic"],"picked":"Transparent"},{"not_picked":[]}],"items_purged_floors":[17,20,34,36,47,53],"is_endless":false,"potions_floor_spawned":[2,12,13,16,27,30,33,35,42,45],"ascension_level":5}}