{"host":"ox77rn1xcurm2t5a","time":1613511638,"event":{"mods":["2.2 Compatiblity","AchievementEnabler","Act Like it!","Aspiration","BaseMod","Best Route Mod","Better Match","Better Note","Better Sensory Stone","Block Reminder","Colored Map","Colored Powertips","Conjunction","Conspire","Custom Start","Energized Spire","GifTheSpireLib","Gold Saver","Gremlin Skip","Halation","Highlight Path","Hubris","Infinite Spire","Minty Spire (QoL Compilation)","Pale of the Ancients","Quick Restart","Replay The Spire","Reworked Bosses","ShortenTheSpire","Spire Exporter","StSLib","Stuff the Spire","Wandering Minibosses"],"gold_per_floor":[402,402,402,412,187,212,212,37,60,60,60,70,95,429,429,529,529,529,529,529,529,529,529,529,529,529,529,529,529,19,19,19,19,19,19,19,19,19,19,19,19,19,19,19,19,19,19,19,19,19,19,19,19,19,19],"floor_reached":56,"language":"ENG","playtime":1684,"items_purged":["Defend_R","Strike_R","Defend_R","Defend_R"],"score":1358,"play_id":"bebbab95-7b75-4203-8fcd-8049184f53c4","local_time":"20210216234038","is_ascension_mode":true,"campfire_choices":[{"data":"Spot Weakness","floor":7.0,"key":"SMITH"},{"floor":11.0,"key":"RECALL"},{"data":"Sword Boomerang","floor":15.0,"key":"SMITH"},{"data":"Finesse","floor":23.0,"key":"SMITH"},{"data":"Metallicize","floor":28.0,"key":"SMITH"},{"data":"Heavy Blade","floor":32.0,"key":"SMITH"},{"data":"Bash","floor":40.0,"key":"SMITH"},{"data":"Pummel","floor":46.0,"key":"SMITH"},{"data":"Battle Trance","floor":49.0,"key":"SMITH"},{"data":"Thunderclap","floor":52.0,"key":"SMITH"}],"circlet_count":0,"master_deck":["Strike_R+1","Strike_R","Strike_R","Strike_R","Defend_R+1","Bash+1","Heavy Blade+1","Battle Trance+1","Thunderclap+1","Sword Boomerang+1","Shrug It Off+1","Dropkick+1","Cleave","Metallicize+1","Anger+1","Sword Boomerang+1","Iron Wave+1","Clothesline+1","Pummel+1","Thunderclap+1","hubris:DuctTapeCard","Sword Boomerang+1"],"relics":["Burning Blood","Centennial Puzzle","Sling","Pear","Bronze Scales","Happy Flower","infinitespire:Satchel","Ectoplasm","hubris:DuctTape","Singing Bowl","ReplayTheSpireMod:Lightbulb","aspiration:ChemicalBlood","CaptainsWheel","Replay:Rubber Ducky","SlaversCollar","halation:SelfBoilingWater","halation:QuantumPhysicsTextbook","Simple Rune","Letter Opener","aspiration:FrozenJewel","Pen Nib"],"acts_visited":["Exordium","TheCity","TheBeyond","TheEnding"],"potions_floor_usage":[54,54,55,55,55,55],"damage_taken":[{"damage":12.0,"enemies":"Small Slimes","floor":1.0,"turns":4.0},{"damage":12.0,"enemies":"Jaw Worm","floor":4.0,"turns":2.0},{"damage":46.0,"enemies":"Lagavulin","floor":6.0,"turns":6.0},{"damage":0.0,"enemies":"Cultist","floor":12.0,"turns":2.0},{"damage":10.0,"enemies":"Gremlin Nob","floor":13.0,"turns":3.0},{"damage":15.0,"enemies":"Fading Forest","floor":16.0,"turns":11.0},{"damage":5.0,"enemies":"Chosen","floor":18.0,"turns":2.0},{"damage":0.0,"enemies":"Shell Parasite","floor":20.0,"turns":3.0},{"damage":3.0,"enemies":"Snecko","floor":21.0,"turns":3.0},{"damage":11.0,"enemies":"Centurion and Healer","floor":22.0,"turns":4.0},{"damage":1.0,"enemies":"Slavers","floor":24.0,"turns":2.0},{"damage":5.0,"enemies":"Snake Plant","floor":25.0,"turns":2.0},{"damage":2.0,"enemies":"Book of Stabbing","floor":27.0,"turns":3.0},{"damage":21.0,"enemies":"Slavers","floor":29.0,"turns":4.0},{"damage":0.0,"enemies":"Snecko","floor":31.0,"turns":2.0},{"damage":0.0,"enemies":"bossMod:newCollector","floor":33.0,"turns":5.0},{"damage":5.0,"enemies":"3 Shapes","floor":35.0,"turns":2.0},{"damage":2.0,"enemies":"3 Darklings","floor":37.0,"turns":4.0},{"damage":22.0,"enemies":"Reptomancer","floor":41.0,"turns":5.0},{"damage":5.0,"enemies":"Jaw Worm Horde","floor":45.0,"turns":2.0},{"damage":0.0,"enemies":"Giant Head","floor":48.0,"turns":4.0},{"damage":37.0,"enemies":"Replay:Hell Engine","floor":50.0,"turns":8.0},{"damage":8,"enemies":"Shield and Spear","floor":54,"turns":3},{"damage":64,"enemies":"The Heart","floor":55,"turns":6}],"seed_played":"-626012652981050943","potions_obtained":[{"floor":4.0,"key":"Fruit Juice"},{"floor":6.0,"key":"Conjunction:LightningMarble"},{"floor":20.0,"key":"Energy Potion"},{"floor":22.0,"key":"EssenceOfSteel"},{"floor":24.0,"key":"PowerPotion"},{"floor":27.0,"key":"Energy Potion"},{"floor":33.0,"key":"SkillPotion"},{"floor":41.0,"key":"Weak Potion"},{"floor":48.0,"key":"SkillPotion"},{"floor":54,"key":"EssenceOfSteel"}],"is_trial":false,"path_per_floor":["M","?","?","M","$","E","R","$","T","?","R","M","E","$","R","B",null,"M","?","M","M","M","R","E","M","T","E","R","E","$","M","R","B",null,"M","?","M","$","?","R","E","AVR","T","T","M","R","$","E","R","B",null,"R","$","E","B",null],"character_chosen":"IRONCLAD","items_purchased":["Sling","Battle Trance","Regen Potion","Happy Flower","infinitespire:Satchel","BlessingOfTheForge","Finesse","CaptainsWheel","Replay:Rubber Ducky","Sword Boomerang"],"campfire_rested":0,"item_purchase_floors":[5,8,14,14,14,14,14,30,30,30],"current_hp_per_floor":[74,74,80,79,79,49,49,49,49,49,49,55,51,51,51,57,95,95,95,95,95,90,90,95,95,95,97,97,82,82,90,90,98,101,101,101,101,101,101,101,85,85,85,85,86,86,86,94,94,63,103,103,103,101,43],"gold":19,"neow_bonus":"RANDOM_COMMON_RELIC","is_daily":false,"chose_seed":false,"campfire_upgraded":9,"win_rate":0.0,"timestamp":1613511638,"path_taken":["M","?","?","?","$","E","R","$","T","?","R","M","E","$","R","BOSS","M","?","M","?","M","R","E","M","T","E","R","E","$","M","R","BOSS","M","?","M","$","?","R","E","AVR","T","?","M","R","$","E","R","BOSS","R","$","E","BOSS"],"items_purchased_type":["Relic","Card","Potion","Relic","Relic","Potion","Card","Relic","Relic","Card"],"build_version":"2020-12-22","purchased_purges":4,"victory":true,"max_hp_per_floor":[80,80,80,85,85,95,95,95,95,95,95,95,95,95,95,95,95,95,95,95,95,95,95,95,95,95,97,97,97,97,99,99,101,101,101,101,101,101,101,101,101,101,101,101,101,101,101,103,103,103,103,103,103,103,103],"card_choices":[{"not_picked":["Run Through","StuffTheSpire:RockThrow","Life Link"],"picked":"SKIP","floor":1.0},{"not_picked":["Perfected Strike","Cleave"],"picked":"Spot Weakness","floor":4.0},{"not_picked":["Inflame","Seeing Red"],"picked":"Heavy Blade","floor":6.0},{"not_picked":["Replay:Undeath\u0027s Touch","Searing Blow"],"picked":"Thunderclap","floor":12.0},{"not_picked":["Twin Strike","ReplayReversal"],"picked":"Sword Boomerang","floor":13.0},{"not_picked":["Heavy Blade","Wild Strike"],"picked":"Shrug It Off+1","floor":18.0},{"not_picked":["Sword Boomerang","Ghostly Armor"],"picked":"Dropkick+1","floor":20.0},{"not_picked":["Twin Strike","hubris:CleavingFinish"],"picked":"Cleave","floor":21.0},{"not_picked":["Heavy Blade","StuffTheSpire:RockThrow","Wild Strike"],"picked":"SKIP","floor":22.0},{"not_picked":["Twin Strike","Evolve"],"picked":"Metallicize","floor":24.0},{"not_picked":["ReplayTheSpireMod:Limb From Limb","StuffTheSpire:TitanForm","Iron Wave"],"picked":"SKIP","floor":25.0},{"not_picked":["hubris:CleavingFinish+1","StuffTheSpire:Resist","Body Slam"],"picked":"Singing Bowl","floor":27.0},{"not_picked":["Run Through","ReplayTheSpireMod:Muscle Training"],"picked":"Anger+1","floor":29.0},{"not_picked":["conspire:Charge","StuffTheSpire:Incineration","Dual Wield+1"],"picked":"Singing Bowl","floor":31.0},{"not_picked":["Eclipse","Berserk","Immolate"],"picked":"Singing Bowl","floor":33.0},{"not_picked":["Body Slam","Blood for Blood+1"],"picked":"Iron Wave+1","floor":35.0},{"not_picked":["Life Link","Rage"],"picked":"Clothesline+1","floor":37.0},{"not_picked":["StuffTheSpire:RagingBull+1","Cleave+1"],"picked":"Pummel","floor":41.0},{"not_picked":["Shockwave+1","Reckless Charge"],"picked":"Thunderclap+1","floor":45.0},{"not_picked":["Dropkick+1","StuffTheSpire:Resist+1","Bludgeon"],"picked":"Singing Bowl","floor":48.0},{"not_picked":["Warcry+1","Headbutt+1"],"picked":"Sword Boomerang+1","floor":54}],"player_experience":3119618,"relics_obtained":[{"floor":6.0,"key":"Pear"},{"floor":13.0,"key":"Bronze Scales"},{"floor":24.0,"key":"hubris:DuctTape"},{"floor":26.0,"key":"Singing Bowl"},{"floor":27.0,"key":"ReplayTheSpireMod:Lightbulb"},{"floor":29.0,"key":"aspiration:ChemicalBlood"},{"floor":41.0,"key":"halation:SelfBoilingWater"},{"floor":43.0,"key":"Simple Rune"},{"floor":44.0,"key":"Letter Opener"},{"floor":48.0,"key":"aspiration:FrozenJewel"},{"floor":54,"key":"Pen Nib"}],"event_choices":[{"damage_healed":6.0,"max_hp_gain":0.0,"max_hp_loss":0.0,"gold_gain":0.0,"event_name":"Wheel of Change","player_choice":"Full Heal","floor":3.0,"gold_loss":0.0,"damage_taken":0.0},{"damage_healed":0.0,"max_hp_gain":0.0,"max_hp_loss":0.0,"gold_gain":0.0,"event_name":"The Woman in Blue","player_choice":"Bought 0 Potions","floor":10.0,"gold_loss":0.0,"damage_taken":0.0},{"damage_healed":0.0,"max_hp_gain":0.0,"max_hp_loss":0.0,"gold_gain":0.0,"event_name":"betterNote:BetterNote","player_choice":"Ignored","floor":19.0,"gold_loss":0.0,"damage_taken":0.0,"cards_obtained":["Strike_P"]}],"is_beta":false,"boss_relics":[{"not_picked":["hubris:Backtick","StuffTheSpire:ModemDavis"],"picked":"Ectoplasm"},{"not_picked":["halation:PlatinumPhoenix","StuffTheSpire:Kangaroo"],"picked":"SlaversCollar"}],"items_purged_floors":[5,8,14,42],"is_endless":false,"potions_floor_spawned":[4,6,20,22,24,27,33,41,48,54],"ascension_level":4}}