{"host":"ssahdsoo349p0ms1","time":1613450341,"event":{"mods":["AchievementEnabler","BaseMod","Colored Powertips","Filter the Spire","Minty Spire (QoL Compilation)","StSLib"],"gold_per_floor":[111,124,140,152,170,200,200,231,258,287,287,287,135,146,146,225,225,235,254,68,68,86,116,116,150,150,150,150,184,203,217,217,293,293,308,318,104,121,131,161,161,193,238,272,50,69,88,88,88,88,88,88,45,70,70,70],"floor_reached":55,"language":"ENG","playtime":3294,"items_purged":["Strike_G","Strike_G","Strike_G"],"score":1809,"play_id":"3ca625ea-d492-4c03-acf8-398502144c51","local_time":"20210215223901","is_ascension_mode":true,"campfire_choices":[{"data":"Choke","floor":7.0,"key":"SMITH"},{"data":"Neutralize","floor":11.0,"key":"SMITH"},{"data":"After Image","floor":15.0,"key":"SMITH"},{"data":"Blade Dance","floor":24.0,"key":"SMITH"},{"data":"Blade Dance","floor":27.0,"key":"SMITH"},{"data":"Malaise","floor":32.0,"key":"SMITH"},{"data":"Phantasmal Killer","floor":41.0,"key":"SMITH"},{"floor":49.0,"key":"RECALL"},{"data":"Wraith Form v2","floor":52.0,"key":"SMITH"}],"circlet_count":0,"master_deck":["AscendersBane","Strike_G","Defend_G","Defend_G","Defend_G","Defend_G","Defend_G","Survivor+1","Neutralize+1","Poisoned Stab","Deflect+1","Crippling Poison","Blade Dance+1","Choke+1","Blade Dance+1","Backflip","PiercingWail","After Image+1","Corpse Explosion","Phantasmal Killer+1","Acrobatics","Noxious Fumes","Slice","Malaise+1","Dagger Throw","Blade Dance","Malaise","Leg Sweep","Accuracy","Deflect","Distraction+1","Adrenaline","Wraith Form v2+1","Footwork","Acrobatics","Prepared","Tools of the Trade","Outmaneuver","Prepared","Tactician"],"relics":["Runic Pyramid","Meat on the Bone","War Paint","Juzu Bracelet","WristBlade","Nloth\u0027s Gift","Toy Ornithopter","Strawberry","Kunai","Omamori","HoveringKite","Darkstone Periapt","Singing Bowl","Nunchaku","Membership Card","Torii"],"acts_visited":["Exordium","TheCity","TheBeyond","TheEnding"],"potions_floor_usage":[54,55],"damage_taken":[{"damage":0.0,"enemies":"Cultist","floor":1.0,"turns":4.0},{"damage":2.0,"enemies":"Small Slimes","floor":2.0,"turns":3.0},{"damage":5.0,"enemies":"2 Louse","floor":3.0,"turns":3.0},{"damage":9.0,"enemies":"Exordium Thugs","floor":4.0,"turns":4.0},{"damage":4.0,"enemies":"Large Slime","floor":5.0,"turns":6.0},{"damage":0.0,"enemies":"Lagavulin","floor":6.0,"turns":5.0},{"damage":0.0,"enemies":"Gremlin Nob","floor":8.0,"turns":3.0},{"damage":0.0,"enemies":"Lagavulin","floor":10.0,"turns":5.0},{"damage":8.0,"enemies":"Blue Slaver","floor":14.0,"turns":2.0},{"damage":0.0,"enemies":"Hexaghost","floor":16.0,"turns":8.0},{"damage":0.0,"enemies":"2 Thieves","floor":18.0,"turns":3.0},{"damage":0.0,"enemies":"Spheric Guardian","floor":19.0,"turns":5.0},{"damage":18.0,"enemies":"Snake Plant","floor":22.0,"turns":2.0},{"damage":6.0,"enemies":"Book of Stabbing","floor":23.0,"turns":5.0},{"damage":22.0,"enemies":"Gremlin Leader","floor":25.0,"turns":3.0},{"damage":10.0,"enemies":"Slavers","floor":29.0,"turns":6.0},{"damage":0.0,"enemies":"Cultist and Chosen","floor":30.0,"turns":4.0},{"damage":9.0,"enemies":"Shelled Parasite and Fungi","floor":31.0,"turns":3.0},{"damage":9.0,"enemies":"Automaton","floor":33.0,"turns":9.0},{"damage":1.0,"enemies":"3 Shapes","floor":35.0,"turns":5.0},{"damage":1.0,"enemies":"Orb Walker","floor":36.0,"turns":3.0},{"damage":9.0,"enemies":"3 Darklings","floor":38.0,"turns":5.0},{"damage":14.0,"enemies":"Jaw Worm Horde","floor":39.0,"turns":5.0},{"damage":21.0,"enemies":"Reptomancer","floor":40.0,"turns":7.0},{"damage":25.0,"enemies":"Giant Head","floor":42.0,"turns":10.0},{"damage":11.0,"enemies":"Nemesis","floor":44.0,"turns":7.0},{"damage":5.0,"enemies":"Spire Growth","floor":46.0,"turns":6.0},{"damage":0.0,"enemies":"Transient","floor":47.0,"turns":6.0},{"damage":9.0,"enemies":"Donu and Deca","floor":50.0,"turns":7.0},{"damage":36,"enemies":"Shield and Spear","floor":54,"turns":7},{"damage":45,"enemies":"The Heart","floor":55,"turns":12}],"seed_played":"-4076279614819769588","potions_obtained":[{"floor":3.0,"key":"FairyPotion"},{"floor":5.0,"key":"Fire Potion"},{"floor":6.0,"key":"Regen Potion"},{"floor":29.0,"key":"ColorlessPotion"},{"floor":31.0,"key":"Dexterity Potion"},{"floor":33.0,"key":"GamblersBrew"},{"floor":36.0,"key":"Regen Potion"},{"floor":40.0,"key":"Poison Potion"},{"floor":44.0,"key":"BlessingOfTheForge"},{"floor":47.0,"key":"SmokeBomb"},{"floor":54,"key":"BlessingOfTheForge"}],"is_trial":false,"path_per_floor":["M","M","M","M","M","E","R","E","T","E","R","?","$","M","R","B",null,"M","M","$","?","M","E","R","E","T","R","?","E","M","M","R","B",null,"M","M","$","M","M","E","R","E","T","E","$","M","M","?","R","B",null,"R","$","E","B"],"character_chosen":"THE_SILENT","items_purchased":["After Image","Noxious Fumes","Accuracy","Membership Card","Footwork","Acrobatics","Outmaneuver","Prepared"],"campfire_rested":0,"item_purchase_floors":[13,20,37,45,45,45,53,53],"current_hp_per_floor":[59,57,52,43,39,39,39,39,39,39,39,39,39,43,43,43,60,60,60,60,60,42,36,36,43,43,43,22,24,36,39,39,42,69,68,67,67,58,61,40,40,27,27,33,33,40,45,45,45,48,71,71,71,40,0,0],"gold":70,"neow_bonus":"BOSS_RELIC","is_daily":false,"chose_seed":false,"campfire_upgraded":8,"win_rate":0.0,"timestamp":1613450341,"path_taken":["M","M","M","M","M","E","R","E","T","E","R","?","$","M","R","BOSS","M","M","$","?","M","E","R","E","T","R","?","E","M","M","R","BOSS","M","M","$","M","M","E","R","E","T","E","$","M","M","?","R","BOSS","R","$","E","BOSS"],"items_purchased_type":["Card","Card","Card","Relic","Card","Card","Card","Card"],"build_version":"2020-12-22","purchased_purges":3,"victory":false,"max_hp_per_floor":[66,66,66,66,66,66,66,66,66,66,66,66,66,66,66,66,66,66,66,66,66,66,66,66,73,73,73,78,78,78,78,78,78,78,78,78,78,78,78,78,78,78,78,78,78,78,78,78,78,78,78,78,78,78,78,78],"card_choices":[{"not_picked":["Escape Plan","Acrobatics"],"picked":"Poisoned Stab","floor":1.0},{"not_picked":["Expertise","Infinite Blades"],"picked":"Deflect","floor":2.0},{"not_picked":["Sucker Punch","Flechettes"],"picked":"Crippling Poison","floor":3.0},{"not_picked":["Bouncing Flask","Terror"],"picked":"Blade Dance","floor":4.0},{"not_picked":["Calculated Gamble","Poisoned Stab"],"picked":"Choke","floor":5.0},{"not_picked":["Backflip","Skewer"],"picked":"Blade Dance","floor":6.0},{"not_picked":["Bane","Poisoned Stab"],"picked":"Backflip","floor":8.0},{"not_picked":["Reflex","Deflect"],"picked":"PiercingWail","floor":10.0},{"not_picked":["Escape Plan","Underhanded Strike"],"picked":"Corpse Explosion","floor":14.0},{"not_picked":["Corpse Explosion","Doppelganger"],"picked":"Phantasmal Killer","floor":16.0},{"not_picked":["Dagger Spray","Expertise"],"picked":"Acrobatics","floor":18.0},{"not_picked":["Heel Hook","Sucker Punch","Dagger Spray"],"picked":"SKIP","floor":19.0},{"not_picked":["Flying Knee","Skewer"],"picked":"Slice","floor":22.0},{"not_picked":["Prepared","Setup"],"picked":"Malaise","floor":23.0},{"not_picked":["Doppelganger","Crippling Poison"],"picked":"Dagger Throw","floor":25.0},{"not_picked":["Sucker Punch","Heel Hook","Predator"],"picked":"SKIP","floor":29.0},{"not_picked":["Tactician","Caltrops","Terror"],"picked":"SKIP","floor":30.0},{"not_picked":["Caltrops","Underhanded Strike"],"picked":"Blade Dance","floor":31.0},{"not_picked":["A Thousand Cuts","Phantasmal Killer"],"picked":"Malaise","floor":33.0},{"not_picked":["Calculated Gamble","Dodge and Roll"],"picked":"Leg Sweep","floor":35.0},{"not_picked":["Distraction","Backflip","Flying Knee+1"],"picked":"SKIP","floor":36.0},{"not_picked":["Riddle With Holes","Finisher","Dagger Spray+1"],"picked":"SKIP","floor":38.0},{"not_picked":["Outmaneuver+1","Backflip+1"],"picked":"Deflect","floor":39.0},{"not_picked":["Terror","Heel Hook"],"picked":"Distraction+1","floor":40.0},{"not_picked":["Outmaneuver","Bane+1"],"picked":"Adrenaline","floor":42.0},{"not_picked":["Masterful Stab","Quick Slash+1"],"picked":"Wraith Form v2","floor":44.0},{"not_picked":["Dodge and Roll","Deflect+1"],"picked":"Prepared","floor":46.0},{"not_picked":["Backflip","Poisoned Stab"],"picked":"Tools of the Trade","floor":47.0},{"not_picked":["Escape Plan","Malaise"],"picked":"Tactician","floor":54}],"player_experience":609628,"relics_obtained":[{"floor":6.0,"key":"Meat on the Bone"},{"floor":8.0,"key":"Dream Catcher"},{"floor":9.0,"key":"War Paint"},{"floor":10.0,"key":"Juzu Bracelet"},{"floor":23.0,"key":"Toy Ornithopter"},{"floor":25.0,"key":"Strawberry"},{"floor":26.0,"key":"Kunai"},{"floor":29.0,"key":"Omamori"},{"floor":40.0,"key":"Darkstone Periapt"},{"floor":42.0,"key":"Singing Bowl"},{"floor":44.0,"key":"Nunchaku"},{"floor":54,"key":"Torii"}],"event_choices":[{"damage_healed":0.0,"max_hp_gain":0.0,"max_hp_loss":0.0,"gold_gain":0.0,"event_name":"Liars Game","player_choice":"Ignored","floor":12.0,"gold_loss":0.0,"damage_taken":0.0},{"damage_healed":0.0,"max_hp_gain":0.0,"max_hp_loss":0.0,"gold_gain":0.0,"event_name":"N\u0027loth","player_choice":"Traded Relic","floor":21.0,"relics_lost":["Dream Catcher"],"gold_loss":0.0,"damage_taken":0.0,"relics_obtained":["Nloth\u0027s Gift"]},{"damage_healed":0.0,"max_hp_gain":5.0,"max_hp_loss":0.0,"gold_gain":0.0,"event_name":"Forgotten Altar","player_choice":"Shed Blood","floor":28.0,"gold_loss":0.0,"damage_taken":26.0},{"cards_removed":["Strike_G"],"damage_healed":0.0,"max_hp_gain":0.0,"max_hp_loss":0.0,"gold_gain":0.0,"event_name":"Purifier","player_choice":"Purged","floor":48.0,"gold_loss":0.0,"damage_taken":0.0}],"is_beta":false,"boss_relics":[{"not_picked":["Runic Dome","Velvet Choker"],"picked":"WristBlade"},{"not_picked":["Black Star","Calling Bell"],"picked":"HoveringKite"}],"items_purged_floors":[13,20,37],"is_endless":false,"potions_floor_spawned":[3,5,6,8,14,18,29,31,33,35,36,40,44,47,54],"killed_by":"The Heart","ascension_level":18}}