{"host":"in0wrqv1d65r4vfd","time":1613433881,"event":{"mods":["BaseMod","Downfall","Minty Spire (QoL Compilation)","Relic Stats","Replay The Spire","StSLib"],"gold_per_floor":[99,118,118,14,114,114,188,205,205,220,255,21,21,36,50,147,147,47,66,66,78,91,91,91,91,125,25,35,51,36,65,75,180,180,150,163,178,178,196,230,255,274,535,552,581,581,596,614,630,630,630,662,50,50,50,50],"floor_reached":57,"language":"ENG","playtime":4837,"items_purged":["bronze:Defend"],"score":1333,"play_id":"0f27730b-a9d0-4f9d-aff4-7bfabab958a1","local_time":"20210215190441","is_ascension_mode":false,"campfire_choices":[{"data":"bronze:Replicate","floor":1,"key":"SMITH"},{"data":"bronze:FollowUp","floor":6,"key":"SMITH"},{"data":"bronze:Flail","floor":9,"key":"SMITH"},{"data":"bronze:BronzeOrb","floor":23,"key":"SMITH"},{"data":"bronze:RecursiveStrike","floor":25,"key":"SMITH"},{"floor":27,"key":"RECALL"},{"data":"bronze:Optimize","floor":54,"key":"SMITH"}],"circlet_count":0,"master_deck":["bronze:Strike","bronze:Strike","bronze:Strike","bronze:Defend","bronze:Defend","bronze:Defend","bronze:Replicate+1","bronze:Goto","bronze:Repair+1","bronze:FollowUp+1","bronze:CloningBeam","bronze:DelayedGuard+1","bronze:Flail+1","bronze:Frontload","bronze:Fortify","bronze:RecursiveStrike","bronze:BronzeOrb+1","bronze:DelayedSlice","bronze:RecursiveStrike+1","bronze:Optimize+1","bronze:Iterate","bronze:Verify","bronze:CutThrough+1","bronze:Flail","bronze:FollowUp+1","bronze:SpaghettiCode+1","CurseOfTheBell","bronze:Flail","CommonCold","bronze:DelayedSlice","bronze:FineTuning+1","Replay:Hysterical Blindness","bronze:Repair","bronze:GetLatest","expansioncontent:PrepareCrush"],"relics":["Sozu","HornCleat","Replay:Wax Seal","HandDrill","Painkiller Herb","downfall:HeartBlessingGreen","Matryoshka","Replay:Multitool","downfall:HeartBlessingBlue","Bottled Tornado","Replay:Grab Bag","Busted Crown","ReplayTheSpireMod:Onyx Gauntlets","Calling Bell","Pet Ghost","InkBottle","Peace Pipe","downfall:HeartBlessingRed","ReplayTheSpireMod:Ring of Collecting","Ring of Fury","Eternal Feather","Pantograph","ReplayTheSpireMod:Ring of Challenge","Simple Rune","White Beast Statue","War Paint","Counterbalance","Akabeko"],"acts_visited":["Exordium","TheCity","TheBeyond","TheEnding"],"potions_floor_usage":[],"damage_taken":[{"damage":6,"enemies":"Jaw Worm","floor":2,"turns":3},{"damage":1,"enemies":"downfall:FleeingMerchant","floor":4,"turns":4},{"damage":4,"enemies":"Small Slimes","floor":8,"turns":3},{"damage":0,"enemies":"2 Louse","floor":10,"turns":2},{"damage":0,"enemies":"Replay:BlueRogue","floor":11,"turns":4},{"damage":0,"enemies":"downfall:FleeingMerchant","floor":12,"turns":4},{"damage":0,"enemies":"Exordium Thugs","floor":14,"turns":3},{"damage":0,"enemies":"2 Fungi Beasts","floor":15,"turns":3},{"damage":33,"enemies":"DF_ARCHETYPE_STREAMLINE","floor":16,"turns":6},{"damage":20,"enemies":"Spheric Guardian","floor":19,"turns":4},{"damage":0,"enemies":"3 Cultists","floor":21,"turns":3},{"damage":7,"enemies":"Snake Plant","floor":22,"turns":3},{"damage":16,"enemies":"Slavers","floor":26,"turns":4},{"damage":0,"enemies":"Snecko","floor":28,"turns":2},{"damage":13,"enemies":"Centurion and Healer","floor":29,"turns":4},{"damage":6,"enemies":"downfall:FleeingMerchant","floor":30,"turns":4},{"damage":27,"enemies":"Book of Stabbing","floor":31,"turns":5},{"damage":0,"enemies":"Cultist and Chosen","floor":32,"turns":4},{"damage":2,"enemies":"WA_ARCHETYPE_CALM","floor":33,"turns":5},{"damage":6,"enemies":"3 Darklings","floor":36,"turns":2},{"damage":0,"enemies":"Orb Walker","floor":37,"turns":2},{"damage":0,"enemies":"3 Darklings","floor":39,"turns":2},{"damage":0,"enemies":"Nemesis","floor":40,"turns":3},{"damage":0,"enemies":"Jaw Worm Horde","floor":42,"turns":2},{"damage":2,"enemies":"Maw","floor":44,"turns":4},{"damage":4,"enemies":"Reptomancer","floor":45,"turns":4},{"damage":0,"enemies":"Sphere and 2 Shapes","floor":47,"turns":2},{"damage":0,"enemies":"Transient","floor":48,"turns":5},{"damage":26,"enemies":"4 Shapes","floor":49,"turns":3},{"damage":62,"enemies":"IC_BLOCK_ARCHETYPE","floor":50,"turns":8},{"damage":12,"enemies":"downfall:CharBossMerchant","floor":52,"turns":6},{"damage":35,"enemies":"downfall:NeowBoss","floor":55,"turns":10},{"damage":38,"enemies":"downfall:NeowBossFinal","floor":56,"turns":8}],"seed_played":"-1455706618950200813","potions_obtained":[],"is_trial":false,"path_per_floor":["R","M","?","$","?","R","T","M","R","M","E","$","T","M","M","B",null,"T","?","?","?","?","T","T","T","E","T","?","?","T","E","?","B",null,"T","?","?","?","?","E","T","?","?","?","E","?","?","?","?","B",null,"E","T","T","B","B",null],"character_chosen":"THE_AUTOMATON","items_purchased":["bronze:CloningBeam","bronze:DelayedGuard","HandDrill","bronze:BronzeOrb","Counterbalance","Akabeko","expansioncontent:PrepareCrush"],"campfire_rested":0,"item_purchase_floors":[4,4,12,12,53,53,53],"current_hp_per_floor":[70,64,64,69,69,69,69,70,70,70,70,70,70,70,70,37,70,70,50,50,60,53,53,53,53,47,57,57,44,45,25,25,23,80,80,74,80,80,80,80,80,80,80,78,74,74,74,80,54,25,80,68,68,80,45,42],"gold":50,"neow_bonus":"BOSS_RELIC","is_daily":false,"chose_seed":false,"campfire_upgraded":6,"win_rate":0.0,"timestamp":1613433881,"path_taken":["R","M","?","$","?","R","T","M","R","M","E","?","?","M","M","BOSS","T","?","?","?","?","T","T","T","E","T","?","?","T","E","?","BOSS","T","?","?","?","?","E","T","?","?","?","E","?","?","?","?","BOSS","E","T","T","BOSS","BOSS"],"items_purchased_type":["Card","Card","Relic","Card","Relic","Relic","Card"],"build_version":"2020-12-22","purchased_purges":1,"victory":true,"max_hp_per_floor":[70,70,70,70,70,70,70,70,70,70,70,70,70,70,70,70,70,70,70,70,70,70,70,70,70,70,80,80,80,80,80,80,80,80,80,80,80,80,80,80,80,80,80,80,80,80,80,80,80,80,80,80,80,80,80,80],"relic_stats":{"Sozu":14,"Peace Pipe":0,"Busted Crown":32,"counters":[33,131],"Pantograph":50,"Eternal Feather":12,"HandDrill":[88],"War Paint":["bronze:Repair","bronze:Defend"],"obtain_stats":[{"bronze:BronzeCore":0,"Painkiller Herb":17,"downfall:HeartBlessingGreen":18,"Replay:Multitool":26,"Bottled Tornado":31,"Pet Ghost":34,"Sozu":0,"HornCleat":7,"Matryoshka":24,"downfall:HeartBlessingBlue":27,"Pantograph":41,"HandDrill":12,"Replay:Wax Seal":11,"InkBottle":34,"downfall:HeartBlessingRed":35,"Replay:Grab Bag":34,"Counterbalance":53,"Eternal Feather":40,"War Paint":52,"White Beast Statue":45,"Akabeko":53,"Calling Bell":34,"Peace Pipe":34,"Busted Crown":34,"ReplayTheSpireMod:Ring of Collecting":38,"Ring of Fury":38,"Simple Rune":41,"ReplayTheSpireMod:Onyx Gauntlets":34,"ReplayTheSpireMod:Ring of Challenge":41},{"bronze:BronzeCore":0,"Painkiller Herb":9,"downfall:HeartBlessingGreen":9,"Replay:Multitool":13,"Bottled Tornado":17,"Pet Ghost":19,"Sozu":0,"HornCleat":2,"Matryoshka":12,"downfall:HeartBlessingBlue":13,"Pantograph":23,"HandDrill":6,"Replay:Wax Seal":5,"InkBottle":19,"downfall:HeartBlessingRed":19,"Replay:Grab Bag":19,"Counterbalance":31,"Eternal Feather":23,"War Paint":31,"White Beast Statue":26,"Akabeko":31,"Calling Bell":19,"Peace Pipe":19,"Busted Crown":19,"ReplayTheSpireMod:Ring of Collecting":21,"Ring of Fury":21,"Simple Rune":23,"ReplayTheSpireMod:Onyx Gauntlets":19,"ReplayTheSpireMod:Ring of Challenge":23},{"bronze:BronzeCore":0,"Painkiller Herb":32,"downfall:HeartBlessingGreen":32,"Replay:Multitool":46,"Bottled Tornado":61,"Pet Ghost":70,"Sozu":0,"HornCleat":7,"Matryoshka":42,"downfall:HeartBlessingBlue":46,"Pantograph":79,"HandDrill":20,"Replay:Wax Seal":16,"InkBottle":70,"downfall:HeartBlessingRed":70,"Replay:Grab Bag":70,"Counterbalance":113,"Eternal Feather":79,"War Paint":113,"White Beast Statue":89,"Akabeko":113,"Calling Bell":70,"Peace Pipe":70,"Busted Crown":70,"ReplayTheSpireMod:Ring of Collecting":74,"Ring of Fury":74,"Simple Rune":79,"ReplayTheSpireMod:Onyx Gauntlets":70,"ReplayTheSpireMod:Ring of Challenge":79}],"InkBottle":[33]},"card_choices":[{"not_picked":["bronze:Deprecate","bronze:Iterate"],"picked":"bronze:Repair","floor":2},{"not_picked":["bronze:WildBeam","bronze:FineTuning"],"picked":"bronze:FollowUp","floor":4},{"not_picked":["bronze:DelayedSlice","bronze:OilSpill"],"picked":"bronze:Flail","floor":8},{"not_picked":["bronze:BuggyMess","bronze:BitShift"],"picked":"bronze:Frontload","floor":10},{"not_picked":["bronze:Invalidate","bronze:FineTuning"],"picked":"bronze:Fortify","floor":11},{"not_picked":["bronze:OilSpill","bronze:Overheat"],"picked":"bronze:RecursiveStrike","floor":12},{"not_picked":["bronze:Shield","bronze:Turbo"],"picked":"bronze:DelayedSlice","floor":14},{"not_picked":["bronze:Frontload","bronze:NullPointer","bronze:Allocate"],"picked":"SKIP","floor":15},{"not_picked":["bronze:Mutator","bronze:Assembly"],"picked":"bronze:RecursiveStrike","floor":16},{"not_picked":["bronze:MaxOutput","bronze:BugBarrage+1"],"picked":"bronze:Optimize","floor":19},{"not_picked":["bronze:MaxOutput","bronze:DarkDash"],"picked":"bronze:Iterate","floor":21},{"not_picked":["bronze:Invalidate","bronze:Repulsor+1","bronze:MaxOutput"],"picked":"SKIP","floor":22},{"not_picked":["bronze:Turbo","bronze:BugBarrage+1","bronze:Allocate+1"],"picked":"SKIP","floor":26},{"not_picked":["bronze:BugBarrage","bronze:Turbo","bronze:Overheat+1"],"picked":"SKIP","floor":28},{"not_picked":["bronze:WhirlingStrike","bronze:Optimize"],"picked":"bronze:Verify","floor":29},{"not_picked":["bronze:Deprecate","bronze:BitShift"],"picked":"bronze:CutThrough+1","floor":30},{"not_picked":["bronze:Deprecate+1","bronze:BurnOut"],"picked":"bronze:Flail","floor":31},{"not_picked":["bronze:Invalidate","bronze:Philosophize"],"picked":"bronze:FollowUp+1","floor":32},{"not_picked":["bronze:Verify","bronze:AlphaBuild"],"picked":"bronze:SpaghettiCode","floor":33},{"not_picked":["bronze:Shield+1"],"picked":"SKIP","floor":36},{"not_picked":[],"picked":"bronze:Flail","floor":37},{"not_picked":["bronze:BugBarrage+1"],"picked":"SKIP","floor":39},{"not_picked":["bronze:NullPointer"],"picked":"SKIP","floor":40},{"not_picked":["bronze:BuggyMess"],"picked":"SKIP","floor":42},{"not_picked":[],"picked":"bronze:DelayedSlice","floor":43},{"not_picked":[],"picked":"bronze:FineTuning","floor":44},{"not_picked":["bronze:Invalidate+1"],"picked":"SKIP","floor":45},{"not_picked":["bronze:Iterate"],"picked":"SKIP","floor":47},{"not_picked":[],"picked":"bronze:Repair","floor":48},{"not_picked":["bronze:BitShift"],"picked":"SKIP","floor":49},{"not_picked":[],"picked":"bronze:GetLatest","floor":52}],"player_experience":926447,"relics_obtained":[{"floor":7,"key":"HornCleat"},{"floor":11,"key":"Replay:Wax Seal"},{"floor":24,"key":"Matryoshka"},{"floor":26,"key":"Replay:Multitool"},{"floor":31,"key":"Bottled Tornado"},{"floor":34,"key":"Pet Ghost"},{"floor":34,"key":"InkBottle"},{"floor":34,"key":"Peace Pipe"},{"floor":38,"key":"ReplayTheSpireMod:Ring of Collecting"},{"floor":38,"key":"Ring of Fury"},{"floor":40,"key":"Eternal Feather"},{"floor":41,"key":"Pantograph"},{"floor":41,"key":"ReplayTheSpireMod:Ring of Challenge"},{"floor":41,"key":"Simple Rune"},{"floor":45,"key":"White Beast Statue"},{"floor":52,"key":"War Paint"}],"event_choices":[],"is_beta":false,"boss_relics":[{"not_picked":["ChewingGum","Empty Cage"],"picked":"Painkiller Herb"},{"not_picked":["Replay:Wanted Poster","Velvet Choker"],"picked":"Replay:Grab Bag"},{"not_picked":["Runic Dome","Fusion Hammer"],"picked":"Busted Crown"},{"not_picked":["ReplayTheSpireMod:DimensionalGlitch","Philosopher\u0027s Stone"],"picked":"ReplayTheSpireMod:Onyx Gauntlets"},{"not_picked":["Astrolabe","Runic Pyramid"],"picked":"Calling Bell"}],"items_purged_floors":[53],"is_endless":false,"potions_floor_spawned":[8,10,14,28,31,32,33,37,39,40,47,48,49,52],"ascension_level":0}}