{"host":"21h5e52imz35vo8g","time":1613459643,"event":{"mods":["AchievementEnabler","BaseMod","Colored Map","Colored Powertips","Googly Eyes","Minty Spire (QoL Compilation)","Quick Restart","Rare Cards Sparkle","Replay The Spire","StSLib"],"gold_per_floor":[119,119,136,311,15,15,49,49,75,93,93,104,136,97,97,196,196,210,227,127,127,146,146,164,164,190,234,234,234,234,234,234],"floor_reached":31,"language":"ZHS","playtime":1435,"items_purged":["Doubt","Defend_G"],"score":372,"play_id":"153258ca-5739-4eca-ae20-5fe34c1580f0","local_time":"20210216151403","is_ascension_mode":true,"campfire_choices":[{"data":"Blade Dance","floor":6.0,"key":"SMITH"},{"data":"Phantasmal Killer","floor":8.0,"key":"SMITH"},{"data":"Calculated Gamble","floor":15,"key":"SMITH"},{"data":"Tactician","floor":23,"key":"SMITH"},{"floor":25,"key":"REST"},{"floor":29,"key":"REST"}],"circlet_count":0,"master_deck":["Strike_G","Strike_G+1","Strike_G","Strike_G","Strike_G","Defend_G","Defend_G","Defend_G+1","Defend_G","Survivor","Neutralize","Acrobatics","Blade Dance+1","Tactician+1","Phantasmal Killer+1","Regret","Calculated Gamble+1","Adrenaline","Backflip+1","Delirium","Acrobatics","Prepared","Necronomicurse"],"relics":["Ring of the Snake","NeowsBlessing","Pear","Sling","Boot","Simple Rune","Anchor","Art of War","Black Star","Bronze Scales","Gremlin Food","Molten Egg 2","Necronomicon"],"acts_visited":["Exordium","TheCity"],"potions_floor_usage":[13],"damage_taken":[{"damage":0.0,"enemies":"Cultist","floor":1.0,"turns":1.0},{"damage":0.0,"enemies":"Small Slimes","floor":3.0,"turns":1.0},{"damage":0.0,"enemies":"Gremlin Nob","floor":7.0,"turns":1.0},{"damage":0.0,"enemies":"Jaw Worm","floor":10.0,"turns":3.0},{"damage":4,"enemies":"Lots of Slimes","floor":12,"turns":3},{"damage":12,"enemies":"3 Sentries","floor":13,"turns":7},{"damage":54,"enemies":"Fading Forest","floor":16,"turns":11},{"damage":17,"enemies":"2 Thieves","floor":18,"turns":4},{"damage":13,"enemies":"Shell Parasite","floor":19,"turns":5},{"damage":6,"enemies":"Snake Plant","floor":22,"turns":4},{"damage":14,"enemies":"Chosen and Byrds","floor":24,"turns":6},{"damage":0,"enemies":"Centurion and Healer","floor":31,"turns":1}],"seed_played":"-689761030245728927","potions_obtained":[{"floor":10.0,"key":"PowerPotion"},{"floor":12,"key":"SpeedPotion"},{"floor":13,"key":"LifebloodPotion"},{"floor":16,"key":"DistilledChaos"},{"floor":18,"key":"Fire Potion"}],"is_trial":false,"path_per_floor":["M","T","M","?","$","R","E","R","T","M","?","M","E","$","R","B",null,"M","M","$","?","M","R","M","R","T","?","?","R","?","M"],"character_chosen":"THE_SILENT","items_purchased":["Tactician","Sling","Calculated Gamble"],"campfire_rested":2,"item_purchase_floors":[5,5,14],"current_hp_per_floor":[63,73,73,73,73,73,73,73,73,73,73,69,57,57,57,11,63,46,33,33,33,27,27,13,37,37,5,5,29,13,13,13],"gold":234,"neow_bonus":"THREE_ENEMY_KILL","is_daily":false,"chose_seed":false,"campfire_upgraded":4,"win_rate":0.0,"timestamp":1613459643,"path_taken":["M","?","M","?","?","R","E","R","T","?","?","M","E","$","R","BOSS","M","M","$","?","M","R","M","R","T","?","?","R","?","M"],"items_purchased_type":["Card","Relic","Card"],"build_version":"2020-12-22","purchased_purges":2,"victory":false,"max_hp_per_floor":[70,80,80,80,80,80,80,80,80,80,80,80,80,80,80,80,80,80,80,80,80,80,80,80,80,80,80,80,80,80,80,80],"card_choices":[{"not_picked":["Deadly Poison","Dagger Throw"],"picked":"Acrobatics","floor":1.0},{"not_picked":["Deadly Poison","Flechettes"],"picked":"Blade Dance","floor":3.0},{"not_picked":["Setup","Sucker Punch"],"picked":"Phantasmal Killer","floor":7.0},{"not_picked":["Quick Slash","Underhanded Strike","Masterful Stab"],"picked":"SKIP","floor":10.0},{"not_picked":["Quick Slash","Deflect","Poisoned Stab"],"picked":"SKIP","floor":12},{"not_picked":["Deadly Poison","Slice","Dagger Throw"],"picked":"SKIP","floor":13},{"not_picked":["Tools of the Trade","Unload"],"picked":"Adrenaline","floor":16},{"not_picked":["Quick Slash","Catalyst+1","Noxious Fumes"],"picked":"SKIP","floor":18},{"not_picked":["Dagger Throw","Predator"],"picked":"Backflip","floor":19},{"not_picked":["Cloak And Dagger","Sneak Up+1","Venomology"],"picked":"SKIP","floor":22},{"not_picked":["Underhanded Strike","Quick Slash"],"picked":"Acrobatics","floor":24}],"player_experience":382955,"relics_obtained":[{"floor":2.0,"key":"Pear"},{"floor":7.0,"key":"Boot"},{"floor":9.0,"key":"Simple Rune"},{"floor":13,"key":"Art of War"},{"floor":26,"key":"Gremlin Food"},{"floor":27,"key":"Molten Egg 2"},{"floor":30,"key":"Necronomicon"}],"event_choices":[{"damage_healed":0.0,"max_hp_gain":0.0,"max_hp_loss":0.0,"gold_gain":175.0,"event_name":"Liars Game","player_choice":"AGREE","floor":4.0,"gold_loss":0.0,"damage_taken":0.0,"cards_obtained":["Doubt"]},{"damage_healed":0.0,"max_hp_gain":0.0,"max_hp_loss":0.0,"gold_gain":0.0,"event_name":"Big Fish","player_choice":"Box","floor":11.0,"gold_loss":0.0,"damage_taken":0.0,"relics_obtained":["Anchor"],"cards_obtained":["Regret"]},{"damage_healed":0,"gold_gain":0,"player_choice":"Read","damage_taken":0,"max_hp_gain":0,"max_hp_loss":0,"event_name":"The Library","floor":28,"gold_loss":0,"cards_obtained":["Prepared"]},{"damage_healed":0,"gold_gain":0,"player_choice":"Obtained Book","damage_taken":16,"max_hp_gain":0,"max_hp_loss":0,"event_name":"Cursed Tome","floor":30,"gold_loss":0}],"is_beta":false,"boss_relics":[{"not_picked":["Ectoplasm","ChewingGum"],"picked":"Black Star"}],"items_purged_floors":[5,20],"is_endless":false,"potions_floor_spawned":[10,12,13,16,18,22],"killed_by":"Centurion and Healer","ascension_level":8}}