{"host":"7zq0fgva91iwgkd5","time":1613516523,"event":{"mods":["AchievementEnabler","BaseMod","Bestiary","Colored Map","Curses Come First","DeckTracker","Minty Spire (QoL Compilation)","Rare Cards Sparkle","StSLib","Unceasing Turn Reminder"],"gold_per_floor":[117,137,137,37,37,37,53,53,76,107,107,107,123,162,162,162,162],"floor_reached":16,"language":"ENG","playtime":433,"items_purged":[],"score":189,"play_id":"e143942b-9f03-4d8e-917b-cbe023bfc09a","local_time":"20210217000203","is_ascension_mode":true,"campfire_choices":[{"data":"Armaments","floor":6,"key":"SMITH"},{"floor":8,"key":"REST"},{"floor":11,"key":"REST"},{"floor":15,"key":"REST"}],"circlet_count":0,"master_deck":["AscendersBane","Strike_R","Strike_R","Strike_R","Strike_R","Strike_R","Defend_R","Defend_R","Defend_R","Defend_R","Bash+1","Flame Barrier+1","Armaments+1","Cleave","Uppercut","Shockwave","Clothesline","Iron Wave"],"relics":["Burning Blood","Golden Idol","Red Skull","Strawberry","Omamori"],"acts_visited":["Exordium"],"potions_floor_usage":[7,16],"damage_taken":[{"damage":8,"enemies":"Jaw Worm","floor":1,"turns":4},{"damage":7,"enemies":"Small Slimes","floor":2,"turns":4},{"damage":2,"enemies":"2 Louse","floor":7,"turns":4},{"damage":42,"enemies":"3 Sentries","floor":10,"turns":9},{"damage":15,"enemies":"Gremlin Gang","floor":13,"turns":4},{"damage":25,"enemies":"Lagavulin","floor":14,"turns":7},{"damage":72,"enemies":"Hexaghost","floor":16,"turns":9}],"seed_played":"-7389332124103691653","potions_obtained":[{"floor":1,"key":"GamblersBrew"},{"floor":7,"key":"Fruit Juice"},{"floor":13,"key":"Ancient Potion"}],"is_trial":false,"path_per_floor":["M","M","?","$","?","R","M","R","T","E","R","$","M","E","R","B"],"character_chosen":"IRONCLAD","items_purchased":["Cleave","Uppercut"],"campfire_rested":3,"item_purchase_floors":[4,4],"current_hp_per_floor":[73,72,72,72,50,50,59,79,79,50,75,75,66,47,72,0,0],"gold":162,"neow_bonus":"TEN_PERCENT_HP_BONUS","is_daily":false,"chose_seed":false,"campfire_upgraded":1,"win_rate":0.0,"timestamp":1613516523,"path_taken":["M","M","?","$","?","R","M","R","T","E","R","$","M","E","R","BOSS"],"items_purchased_type":["Card","Card"],"build_version":"2020-12-22","purchased_purges":0,"victory":false,"max_hp_per_floor":[82,82,74,74,74,74,79,79,79,86,86,86,86,86,86,86,86],"card_choices":[{"not_picked":["Blood for Blood","Sever Soul"],"picked":"Flame Barrier","floor":1},{"not_picked":["Iron Wave","Fire Breathing"],"picked":"Armaments","floor":2},{"not_picked":["Armaments","Whirlwind"],"picked":"Shockwave","floor":7},{"not_picked":["Sever Soul","Dropkick","Corruption"],"picked":"SKIP","floor":10},{"not_picked":["Evolve","Warcry"],"picked":"Clothesline","floor":13},{"not_picked":["Twin Strike","Bloodletting"],"picked":"Iron Wave","floor":14}],"player_experience":167293,"relics_obtained":[{"floor":9,"key":"Red Skull"},{"floor":10,"key":"Strawberry"},{"floor":14,"key":"Omamori"}],"event_choices":[{"damage_healed":0,"gold_gain":0,"player_choice":"Lose Max HP","damage_taken":0,"relics_obtained":["Golden Idol"],"max_hp_gain":0,"max_hp_loss":8,"event_name":"Golden Idol","floor":3,"gold_loss":0},{"damage_healed":0,"gold_gain":0,"player_choice":"Entered Light","damage_taken":22,"max_hp_gain":0,"max_hp_loss":0,"event_name":"Shining Light","floor":5,"gold_loss":0,"cards_upgraded":["Bash","Flame Barrier"]}],"is_beta":false,"boss_relics":[],"items_purged_floors":[],"is_endless":false,"potions_floor_spawned":[1,7,13],"killed_by":"Hexaghost","ascension_level":15}}