{"host":"h3ogdo6no3ehk88q","time":1613436864,"event":{"mods":["AchievementEnabler","BaseMod","Minty Spire (QoL Compilation)","StSLib","SuperFastMode"],"gold_per_floor":[113,124,135,149,224,255,255,283,283,283,309,309,321,339,339,350,363,363,363,363,363],"floor_reached":20,"language":"ENG","playtime":409,"items_purged":[],"score":218,"play_id":"537d986f-a865-4379-b570-d41bb82a6d5a","local_time":"20210215195424","is_ascension_mode":true,"campfire_choices":[{"floor":7,"key":"REST"},{"data":"Inflame","floor":9,"key":"SMITH"},{"data":"Combust","floor":12,"key":"SMITH"},{"data":"Dark Embrace","floor":18,"key":"SMITH"},{"data":"Power Through","floor":19,"key":"SMITH"}],"circlet_count":0,"master_deck":["AscendersBane","Strike_R","Strike_R","Strike_R","Strike_R","Strike_R","Defend_R","Defend_R","Defend_R","Defend_R","Bash","Spot Weakness","Combust+1","Twin Strike","Sword Boomerang","Inflame+1","Power Through+1","Dark Embrace+1"],"relics":["Burning Blood","NeowsBlessing","The Courier","Meat on the Bone","Charon\u0027s Ashes","Bag of Preparation"],"acts_visited":["Exordium"],"potions_floor_usage":[6,8,20,20],"damage_taken":[{"damage":0,"enemies":"Cultist","floor":1,"turns":1},{"damage":0,"enemies":"Small Slimes","floor":2,"turns":1},{"damage":0,"enemies":"2 Louse","floor":3,"turns":1},{"damage":9,"enemies":"2 Fungi Beasts","floor":4,"turns":3},{"damage":35,"enemies":"3 Sentries","floor":6,"turns":7},{"damage":35,"enemies":"Gremlin Nob","floor":8,"turns":4},{"damage":5,"enemies":"Exordium Wildlife","floor":13,"turns":4},{"damage":9,"enemies":"3 Louse","floor":14,"turns":3},{"damage":8,"enemies":"Looter","floor":16,"turns":3},{"damage":21,"enemies":"Large Slime","floor":17,"turns":6},{"damage":63,"enemies":"Slime Boss","floor":20,"turns":8}],"seed_played":"9079172105843990519","potions_obtained":[{"floor":1,"key":"AttackPotion"},{"floor":6,"key":"Regen Potion"},{"floor":8,"key":"AttackPotion"},{"floor":16,"key":"PowerPotion"}],"is_trial":false,"path_per_floor":["M","M","M","M","?","E","R","E","R","T","T","R","M","M","?","M","M","R","R","B"],"character_chosen":"IRONCLAD","items_purchased":[],"campfire_rested":1,"item_purchase_floors":[],"current_hp_per_floor":[78,80,80,77,66,37,61,46,46,46,46,46,47,56,56,54,51,51,51,0,0],"gold":363,"neow_bonus":"THREE_ENEMY_KILL","is_daily":false,"chose_seed":false,"campfire_upgraded":4,"win_rate":0.0,"timestamp":1613436864,"path_taken":["M","M","?","?","?","E","R","E","R","T","T","R","M","M","?","M","M","R","R","BOSS"],"items_purchased_type":[],"build_version":"2020-12-22","purchased_purges":0,"victory":false,"max_hp_per_floor":[80,80,80,80,80,80,80,80,80,80,80,80,80,80,80,80,80,80,80,80,80],"card_choices":[{"not_picked":["Fire Breathing","Body Slam"],"picked":"Spot Weakness","floor":1},{"not_picked":["Pommel Strike","Second Wind"],"picked":"Combust","floor":2},{"not_picked":["Thunderclap","Body Slam","Entrench"],"picked":"SKIP","floor":3},{"not_picked":["Wild Strike","Sever Soul"],"picked":"Twin Strike","floor":4},{"not_picked":["Clash","Iron Wave"],"picked":"Sword Boomerang","floor":6},{"not_picked":["Havoc","Clash"],"picked":"Inflame","floor":8},{"not_picked":["Havoc","Evolve"],"picked":"Power Through","floor":13},{"not_picked":["Anger","Havoc","Clash"],"picked":"SKIP","floor":14},{"not_picked":["Pommel Strike","Second Wind"],"picked":"Dark Embrace","floor":16},{"not_picked":["Wild Strike","Anger","Fire Breathing"],"picked":"SKIP","floor":17}],"player_experience":861368,"relics_obtained":[{"floor":6,"key":"The Courier"},{"floor":8,"key":"Meat on the Bone"},{"floor":10,"key":"Charon\u0027s Ashes"},{"floor":11,"key":"Bag of Preparation"}],"event_choices":[{"damage_healed":0,"gold_gain":75,"player_choice":"Gather Gold","damage_taken":11,"max_hp_gain":0,"max_hp_loss":0,"event_name":"World of Goop","floor":5,"gold_loss":0},{"damage_healed":0,"gold_gain":0,"player_choice":"Ignored","damage_taken":0,"max_hp_gain":0,"max_hp_loss":0,"event_name":"Liars Game","floor":15,"gold_loss":0}],"is_beta":false,"boss_relics":[],"items_purged_floors":[],"is_endless":false,"potions_floor_spawned":[1,6,8,16,17],"killed_by":"Slime Boss","ascension_level":12}}