{"host":"ukjd55ldumo8te1z","time":1613442938,"event":{"mods":["AchievementEnabler","BaseMod","Bestiary","Better Third Choice","BetterRewards","Bossed Relics","Colored Powertips","Conspire","Curses Come First","Energized Spire","Highlight Path","Hubris","Infinite Spire","Marked Mod","Minty Spire (QoL Compilation)","Permanent Neow","Quick Restart","Reliquary","Shop Mod","StSLib","Together in Spire","Waifu the Spire","??????REMEMod"],"gold_per_floor":[109,122,132,132,148,148,158,26,26,36,36,36,56,66,66,166,166,179,179,194,194,209,209,219,219,244,244,244,277,181,195,195,290,290,300,300,316,331,348,348,375,390,390,402,402,417,417,330,330,330,330],"floor_reached":50,"language":"ENG","playtime":2853,"items_purged":[],"score":415,"play_id":"617e9161-2d21-4041-9505-88ac2344dc7a","local_time":"20210215213538","is_ascension_mode":false,"campfire_choices":[{"data":"REME_LeechingPoison","floor":6,"key":"SMITH"},{"data":"conspire:Banana","floor":11,"key":"SMITH"},{"data":"Outmaneuver","floor":15,"key":"SMITH"},{"data":"Outmaneuver","floor":23,"key":"SMITH"},{"data":"Adrenaline","floor":25,"key":"SMITH"},{"data":"Distraction","floor":27,"key":"SMITH"},{"floor":32,"key":"REST"},{"data":"Enlightenment","floor":40,"key":"SMITH"},{"floor":49,"key":"REST"}],"circlet_count":0,"master_deck":["Strike_G","Strike_G","Strike_G","Strike_G","Strike_G","Defend_G","Defend_G","Defend_G","Defend_G","Defend_G","Survivor","Neutralize","REME_LeechingPoison+1","Escape Plan","Outmaneuver+1","Underhanded Strike","Underhanded Strike","Distraction","Distraction+1","conspire:Banana+1","Blade Dance","Outmaneuver+1","Flying Knee","Dagger Spray","Adrenaline+1","Prepared","Deadly Poison","Slice","Quick Slash","Endless Agony","Enlightenment+1","Masterful Stab+1","Adrenaline","All Out Attack","Poisoned Stab+1","Dash","Blade Dance","Blade Dance","Outmaneuver+1","Blur","Bane+1","Acrobatics","Dodge and Roll+1","Dagger Throw+1","Infinite Blades","REME_TheoryOfElimination"],"relics":["Ring of the Snake","REME_ComplimentaryCards","Oddly Smooth Stone","Shuriken","Vajra","Runic Pyramid","hubris:AncientText","reliquary:FerryPass","reliquary:Craggleroot","REME_IWantAll","reliquary:QuartzCube"],"acts_visited":["Exordium","TheCity","TheBeyond"],"potions_floor_usage":[33,33,41,41,44],"damage_taken":[{"damage":0,"enemies":"Jaw Worm","floor":1,"turns":2},{"damage":0,"enemies":"2 Louse","floor":2,"turns":1},{"damage":0,"enemies":"Cultist","floor":3,"turns":2},{"damage":0,"enemies":"2 Fungi Beasts","floor":5,"turns":2},{"damage":0,"enemies":"Large Slime","floor":7,"turns":2},{"damage":0,"enemies":"Exordium Thugs","floor":10,"turns":1},{"damage":0,"enemies":"Blue Slaver","floor":13,"turns":3},{"damage":0,"enemies":"3 Louse","floor":14,"turns":2},{"damage":20,"enemies":"The Guardian","floor":16,"turns":5},{"damage":0,"enemies":"Shell Parasite","floor":18,"turns":1},{"damage":15,"enemies":"Spheric Guardian","floor":20,"turns":3},{"damage":4,"enemies":"Snake Plant","floor":22,"turns":2},{"damage":34,"enemies":"Cultist and Chosen","floor":24,"turns":3},{"damage":3,"enemies":"Slavers","floor":29,"turns":3},{"damage":36,"enemies":"Centurion and Healer","floor":31,"turns":3},{"damage":30,"enemies":"conspire:MysteriousRune","floor":33,"turns":6},{"damage":6,"enemies":"3 Darklings","floor":35,"turns":2},{"damage":0,"enemies":"Orb Walker","floor":37,"turns":2},{"damage":0,"enemies":"Jaw Worm Horde","floor":38,"turns":1},{"damage":49,"enemies":"Sphere and 2 Shapes","floor":39,"turns":4},{"damage":3,"enemies":"Reptomancer","floor":41,"turns":3},{"damage":30,"enemies":"4 Shapes","floor":42,"turns":3},{"damage":27,"enemies":"Jaw Worm Horde","floor":44,"turns":6},{"damage":29,"enemies":"Maw","floor":46,"turns":6},{"damage":48,"enemies":"conspire:OrnateMirror","floor":50,"turns":1}],"seed_played":"-1528954757130454044","potions_obtained":[{"floor":1,"key":"GamblersBrew"},{"floor":7,"key":"FairyPotion"},{"floor":13,"key":"Block Potion"},{"floor":16,"key":"infinitespire:BlackPotion"},{"floor":31,"key":"Ancient Potion"},{"floor":33,"key":"CunningPotion"},{"floor":37,"key":"CultistPotion"},{"floor":42,"key":"Ancient Potion"},{"floor":46,"key":"SmokeBomb"}],"is_trial":false,"path_per_floor":["M","M","M","?","M","R","M","$","T","M","R","?","M","M","R","B",null,"M","?","M","$","M","R","M","R","T","R","$","E","$","M","R","B",null,"M","?","M","M","M","R","E","M","T","M","?","M","?","$","R","B"],"character_chosen":"THE_SILENT","items_purchased":["conspire:Banana","Blade Dance","Enlightenment","REME_TheoryOfElimination"],"campfire_rested":2,"item_purchase_floors":[8,8,30,48],"current_hp_per_floor":[70,70,70,65,65,65,65,65,65,65,65,65,67,67,67,68,74,74,74,61,61,65,65,42,42,42,42,42,41,41,16,40,20,84,80,80,88,88,41,41,41,14,14,23,23,2,2,2,32,0,0],"gold":330,"neow_bonus":"ONE_RANDOM_RARE_CARD","is_daily":false,"chose_seed":false,"campfire_upgraded":7,"win_rate":0.0,"timestamp":1613442938,"path_taken":["M","M","M","?","M","R","M","$","T","M","R","?","?","M","R","BOSS","M","?","M","$","M","R","M","R","T","R","$","E","?","M","R","BOSS","M","?","M","M","M","R","E","M","T","?","?","M","?","$","R","BOSS"],"items_purchased_type":["Card","Card","Card","Card"],"build_version":"2020-12-22","purchased_purges":0,"victory":false,"max_hp_per_floor":[70,70,70,70,70,70,70,70,70,70,70,70,72,72,72,74,74,74,74,76,76,76,76,78,78,78,78,78,80,80,82,82,84,84,86,86,88,88,90,90,93,96,96,98,98,100,100,100,100,100,100],"card_choices":[{"not_picked":["hubris:TrickCloak","hubris:SlightOfHand"],"picked":"Outmaneuver","floor":1},{"not_picked":["Dodge and Roll","Quick Slash"],"picked":"Underhanded Strike","floor":2},{"not_picked":["Slice","hubris:SlightOfHand"],"picked":"Underhanded Strike","floor":3},{"not_picked":["Acrobatics","Corpse Explosion"],"picked":"Distraction","floor":5},{"not_picked":["Flechettes","Expertise"],"picked":"Distraction","floor":7},{"not_picked":["Deflect","Slice"],"picked":"Outmaneuver","floor":10},{"not_picked":["conspire:PoisonWeapons","Dagger Throw"],"picked":"Flying Knee","floor":13},{"not_picked":["Finisher","Backflip"],"picked":"Dagger Spray","floor":14},{"not_picked":["Bullet Time","Tools of the Trade"],"picked":"Adrenaline","floor":16},{"not_picked":["Deflect","Poisoned Stab"],"picked":"Prepared","floor":18},{"not_picked":["Underhanded Strike","Backflip"],"picked":"Slice","floor":20},{"not_picked":["Underhanded Strike+1","Outmaneuver"],"picked":"Quick Slash","floor":22},{"not_picked":["Tactician","PiercingWail+1"],"picked":"Catalyst","floor":24},{"not_picked":["Backstab","Choke+1"],"picked":"Endless Agony","floor":29},{"not_picked":["Finisher","conspire:PoisonWeapons"],"picked":"Masterful Stab+1","floor":31},{"not_picked":["infinitespire:Neurotoxin","Night Terror"],"picked":"Adrenaline","floor":33},{"not_picked":["Dodge and Roll","Choke"],"picked":"All Out Attack","floor":35},{"not_picked":["Escape Plan+1","Leg Sweep+1"],"picked":"Poisoned Stab+1","floor":37},{"not_picked":["Bouncing Flask","Deadly Poison+1"],"picked":"Dash","floor":38},{"not_picked":["PiercingWail+1","Malaise"],"picked":"Blade Dance","floor":39},{"not_picked":["Blade Dance","Outmaneuver+1","Blur"],"picked":"Singing Bowl","floor":41},{"not_picked":["Bane+1","Acrobatics","Dodge and Roll+1"],"picked":"Singing Bowl","floor":42},{"not_picked":["Quick Slash+1","hubris:SlightOfHand+1"],"picked":"Dagger Throw+1","floor":44},{"not_picked":["Dagger Throw","Backflip"],"picked":"Infinite Blades","floor":46}],"player_experience":18458,"relics_obtained":[{"floor":9,"key":"Shuriken"},{"floor":26,"key":"hubris:AncientText"},{"floor":29,"key":"reliquary:FerryPass"},{"floor":41,"key":"REME_IWantAll"},{"floor":43,"key":"reliquary:QuartzCube"}],"event_choices":[{"damage_healed":0,"gold_gain":0,"player_choice":"Relic ","damage_taken":5,"max_hp_gain":0,"max_hp_loss":0,"event_name":"betterThird:BetterScrap","floor":4,"gold_loss":0,"cards_obtained":["MarkedMod:OneThousandNeedles"]},{"damage_healed":0,"gold_gain":0,"player_choice":"Gave Potion","damage_taken":0,"relics_obtained":["Vajra"],"max_hp_gain":0,"max_hp_loss":0,"event_name":"WeMeetAgain","floor":12,"gold_loss":0},{"damage_healed":0,"gold_gain":0,"player_choice":"Read","damage_taken":0,"max_hp_gain":0,"max_hp_loss":0,"event_name":"The Library","floor":19,"gold_loss":0,"cards_obtained":["Deadly Poison"]},{"cards_removed":["Catalyst"],"damage_healed":0,"gold_gain":0,"player_choice":"Card Removal","damage_taken":0,"max_hp_gain":0,"max_hp_loss":0,"event_name":"Wheel of Change","floor":36,"gold_loss":0},{"damage_healed":0,"gold_gain":0,"player_choice":"Leave","damage_taken":0,"max_hp_gain":0,"max_hp_loss":0,"event_name":"conspire:Investor","floor":45,"gold_loss":0}],"is_beta":false,"boss_relics":[{"not_picked":["reliquary:WritOfMandamus","energizedSpire:SpiderWeb"],"picked":"Runic Pyramid"},{"not_picked":["Snecko Eye","Busted Crown"],"picked":"reliquary:Craggleroot"}],"items_purged_floors":[],"is_endless":false,"potions_floor_spawned":[1,7,13,16,20,31,33,37,39,42,46],"killed_by":"conspire:OrnateMirror","ascension_level":0}}