{"host":"omio3a71jojnapwg","time":1613473166,"event":{"mods":["Act Like it!","BaseMod","BetterRewards","Colored Map","Colored Powertips","Hermit","Hubris","Infinite Spire","Mad Scientist","Magitek Elite","Minty Spire (QoL Compilation)","Railgun Mod","ReimuÅiîé??öÎÅj","Replay The Spire","Robot Space Explorer","Spikes Relics","StSLib","Td1madao Mod","The Gatherer","The Necromancer","The Runesmith","The Servant 0.9.4","TheBandit","TheVacant"],"gold_per_floor":[114,35,135,152,169,197,197,208,208,173,173,191,208,65,65,161,161,178,178,178,195,112,127,127,145,171,188,200,217,217,217,217,320,320,330,330,344,344,362,362,168,179,179,210,66,93,93,107,107,107],"floor_reached":51,"language":"ENG","playtime":1998,"items_purged":["TheRailgun:Strike"],"score":1011,"play_id":"8fd43d09-1b6a-4842-aeeb-d8a4736c8edb","local_time":"20210216025926","is_ascension_mode":false,"campfire_choices":[{"data":"TheRailgun:Battery_Pack","floor":7,"key":"SMITH"},{"data":"TheRailgun:Oneesama","floor":11,"key":"SMITH"},{"floor":15,"key":"REST"},{"data":"TheRailgun:Sister_Noise","floor":24,"key":"SMITH"},{"floor":32,"key":"REST"},{"data":"TheRailgun:Level_6","floor":40,"key":"SMITH"},{"data":"TheRailgun:Supercharge","floor":47,"key":"SMITH"},{"data":"TheRailgun:Judgement_Officer","floor":49,"key":"SMITH"}],"circlet_count":0,"master_deck":["TheRailgun:Strike","TheRailgun:Strike","TheRailgun:Strike","TheRailgun:Defend","TheRailgun:Defend","TheRailgun:Defend","TheRailgun:Defend","TheRailgun:Static","TheRailgun:Zip","TheRailgun:Battery_Pack+1","TheRailgun:Heroinism","TheRailgun:Oneesama+1","TheRailgun:Lightning_Speed","TheRailgun:Magnetic_Movement","TheRailgun:Iron_Dust_Shield","TheRailgun:Hypercharge","TheRailgun:Stun_Shock","TheRailgun:Negative_Field","TheRailgun:Coin_Flip","TheRailgun:Judgement_Officer+1","TheRailgun:Mental_Out","TheRailgun:Lightning_Speed","TheRailgun:Sister_Noise","TheRailgun:Sister_Noise+1","TheRailgun:Negative_Field","TheRailgun:Supercharge+1","TheRailgun:Level_6+1","TheRailgun:Sister_Noise","TheRailgun:Sister_Noise","Parasite","TheRailgun:Sister_Noise+1","TheRailgun:Judgement_Officer","TheRailgun:Negative_Field","TheRailgun:Gekotamania","TheRailgun:Iron_Dust_Field"],"relics":["TheRailgun:CoinRelic","hubris:BundleOfHerbs","infinitespire:EmpoweringShard","Sandwich","Replay:Mystery Machine","Angel_Ring","Replay:Grab Bag","Painkiller Herb","hubris:CrackedHourglass","Golden_Hairpin","hubris:Towel","Meat on the Bone","CherryCoatedStake","InkBottle"],"acts_visited":["Exordium","TheCity","TheBeyond"],"potions_floor_usage":[33,33],"damage_taken":[{"damage":13,"enemies":"Jaw Worm","floor":1,"turns":4},{"damage":0,"enemies":"Cultist","floor":4,"turns":3},{"damage":0,"enemies":"Small Slimes","floor":5,"turns":3},{"damage":28,"enemies":"Gremlin Nob","floor":6,"turns":4},{"damage":13,"enemies":"Blue Slaver","floor":8,"turns":4},{"damage":4,"enemies":"Looter","floor":12,"turns":3},{"damage":33,"enemies":"Gremlin Gang","floor":13,"turns":6},{"damage":19,"enemies":"Hexaghost","floor":16,"turns":9},{"damage":4,"enemies":"Chosen","floor":18,"turns":4},{"damage":14,"enemies":"2 Thieves","floor":21,"turns":3},{"damage":20,"enemies":"Centurion and Healer","floor":23,"turns":5},{"damage":14,"enemies":"Cultist and Chosen","floor":25,"turns":4},{"damage":9,"enemies":"Shelled Parasite and Fungi","floor":27,"turns":4},{"damage":7,"enemies":"Snecko","floor":28,"turns":3},{"damage":11,"enemies":"Cultist and Chosen","floor":29,"turns":4},{"damage":4,"enemies":"Pondfish","floor":33,"turns":6},{"damage":0,"enemies":"3 Shapes","floor":35,"turns":2},{"damage":2,"enemies":"Orb Walker","floor":37,"turns":2},{"damage":9,"enemies":"Writhing Mass","floor":39,"turns":4},{"damage":10,"enemies":"4 Shapes","floor":42,"turns":2},{"damage":7,"enemies":"Reptomancer","floor":44,"turns":3},{"damage":0,"enemies":"Nemesis","floor":46,"turns":3},{"damage":16,"enemies":"3 Darklings","floor":48,"turns":3},{"damage":7,"enemies":"Donu and Deca","floor":50,"turns":3}],"seed_played":"6271377611098699468","potions_obtained":[{"floor":5,"key":"SkillPotion"},{"floor":6,"key":"Block Potion"},{"floor":12,"key":"SkillPotion"},{"floor":33,"key":"Regen Potion"},{"floor":39,"key":"Adrenaline Potion"},{"floor":42,"key":"PowerPotion"}],"is_trial":false,"path_per_floor":["M","$","?","M","M","E","R","M","T","?","R","M","M","$","R","B",null,"M","?","?","M","$","M","R","M","T","M","M","M","?","?","R","B",null,"?","?","?","?","?","T","T","?","T","E","T","E","T","?","T","B",null],"character_chosen":"THE_DEFAULT","items_purchased":["TheRailgun:Heroinism","TheRailgun:Negative_Field","TheRailgun:Coin_Flip","TheRailgun:Sister_Noise","TheRailgun:Negative_Field","TheRailgun:Judgement_Officer","TheRailgun:Negative_Field","TheRailgun:Gekotamania","TheRailgun:Iron_Dust_Field"],"campfire_rested":2,"item_purchase_floors":[2,14,14,22,22,41,41,45,45],"current_hp_per_floor":[64,64,64,64,64,36,36,23,23,42,42,38,5,5,28,15,77,73,59,64,50,50,30,30,16,16,13,6,10,10,10,34,30,82,82,82,80,80,71,71,71,72,72,75,75,82,82,82,82,82],"gold":107,"neow_bonus":"TEN_PERCENT_HP_BONUS","is_daily":false,"chose_seed":false,"campfire_upgraded":6,"win_rate":0.0,"timestamp":1613473166,"path_taken":["M","$","?","M","?","E","R","M","T","?","R","M","M","$","R","BOSS","M","?","?","?","$","M","R","M","T","M","M","M","?","?","R","BOSS","?","?","?","?","?","T","T","?","T","E","T","E","T","?","T","BOSS"],"items_purchased_type":["Card","Card","Card","Card","Card","Card","Card","Card","Card"],"build_version":"2020-12-22","purchased_purges":1,"victory":true,"max_hp_per_floor":[77,77,77,77,77,77,77,77,77,77,77,77,77,77,77,77,77,77,82,82,82,82,82,82,82,82,82,82,82,82,82,82,82,82,82,82,82,82,82,82,82,82,82,82,82,82,82,82,82,82],"card_choices":[{"not_picked":["TheRailgun:Discharge","TheRailgun:Charge"],"picked":"TheRailgun:Battery_Pack","floor":1},{"not_picked":["TheRailgun:Crackle","TheRailgun:Gekotamania"],"picked":"TheRailgun:Oneesama","floor":4},{"not_picked":["TheRailgun:Stun_Shock","TheRailgun:Teleporter"],"picked":"TheRailgun:Lightning_Speed","floor":5},{"not_picked":["TheRailgun:Gekota_Phone","TheRailgun:Mental_Out"],"picked":"TheRailgun:Magnetic_Movement","floor":6},{"not_picked":["TheRailgun:Scatter_Railgun","TheRailgun:Circuitous"],"picked":"TheRailgun:Iron_Dust_Shield","floor":8},{"not_picked":["TheRailgun:Sister_Network","TheRailgun:Oneesama"],"picked":"TheRailgun:Hypercharge","floor":12},{"not_picked":["TheRailgun:Recharge","TheRailgun:Lightningbolt"],"picked":"TheRailgun:Stun_Shock","floor":13},{"not_picked":["TheRailgun:Thundervolt","TheRailgun:Magnetic_Flight"],"picked":"TheRailgun:Judgement_Officer","floor":16},{"not_picked":["TheRailgun:Circuit_Breaker","TheRailgun:Spark+1"],"picked":"TheRailgun:Mental_Out","floor":18},{"not_picked":["TheRailgun:Positive_Field","TheRailgun:Thundershock"],"picked":"TheRailgun:Lightning_Speed","floor":21},{"not_picked":["TheRailgun:Sister_Network","TheRailgun:Hypercharge","TheRailgun:Discharge"],"picked":"SKIP","floor":23},{"not_picked":["TheRailgun:Spark","TheRailgun:Recharge+1","TheRailgun:Scatter_Railgun"],"picked":"SKIP","floor":25},{"not_picked":["TheRailgun:Lightning_Speed+1","TheRailgun:Crackle"],"picked":"TheRailgun:Supercharge","floor":27},{"not_picked":["TheRailgun:Zap","TheRailgun:Electrical_Storm","TheRailgun:Hypercharge"],"picked":"SKIP","floor":28},{"not_picked":["TheRailgun:Push","TheRailgun:Sister_Network+1","TheRailgun:Crackle"],"picked":"SKIP","floor":29},{"not_picked":["TheRailgun:Rewiring","TheRailgun:Railgun"],"picked":"TheRailgun:Level_6","floor":33},{"not_picked":["TheRailgun:Electrical_Storm","TheRailgun:Thundershock"],"picked":"TheRailgun:Sister_Noise","floor":35},{"not_picked":["TheRailgun:Mental_Out+1","TheRailgun:Lightning_Speed+1"],"picked":"TheRailgun:Sister_Noise","floor":37},{"not_picked":["TheRailgun:Heroinism+1","TheRailgun:Gekotamania+1"],"picked":"TheRailgun:Sister_Noise+1","floor":39},{"not_picked":["TheRailgun:Discharge+1","TheRailgun:Electrical_Storm","TheRailgun:Charge+1"],"picked":"SKIP","floor":42},{"not_picked":["TheRailgun:Railgun","TheRailgun:Thundershock","TheRailgun:Positive_Field+1"],"picked":"SKIP","floor":44},{"not_picked":["TheRailgun:Iron_Dust_Shield","TheRailgun:Scatter_Railgun+1","TheRailgun:Mental_Out"],"picked":"SKIP","floor":46},{"not_picked":["TheRailgun:Iron_Dust_Field","TheRailgun:Electric_Fence+1","TheRailgun:Lightningbolt"],"picked":"SKIP","floor":48}],"player_experience":271840,"relics_obtained":[{"floor":6,"key":"hubris:BundleOfHerbs"},{"floor":9,"key":"infinitespire:EmpoweringShard"},{"floor":26,"key":"Replay:Mystery Machine"},{"floor":43,"key":"Meat on the Bone"},{"floor":44,"key":"CherryCoatedStake"},{"floor":46,"key":"InkBottle"}],"event_choices":[{"damage_healed":0,"gold_gain":100,"player_choice":"Pray","damage_taken":0,"max_hp_gain":0,"max_hp_loss":0,"event_name":"Golden Shrine","floor":3,"gold_loss":0},{"damage_healed":19,"gold_gain":0,"player_choice":"Healed","damage_taken":0,"max_hp_gain":0,"max_hp_loss":0,"event_name":"The Cleric","floor":10,"gold_loss":35},{"damage_healed":0,"gold_gain":0,"player_choice":"Shed Blood","damage_taken":19,"max_hp_gain":5,"max_hp_loss":0,"event_name":"Forgotten Altar","floor":19,"gold_loss":0},{"cards_removed":["TheRailgun:Discharge"],"damage_healed":5,"gold_gain":0,"player_choice":"Offered Common","damage_taken":0,"max_hp_gain":0,"max_hp_loss":0,"event_name":"Bonfire Elementals","floor":20,"gold_loss":0},{"cards_removed":["TheRailgun:Discharge"],"damage_healed":5,"gold_gain":0,"player_choice":"Offered Special","damage_taken":0,"max_hp_gain":0,"max_hp_loss":0,"event_name":"Bonfire Elementals","floor":20,"gold_loss":0},{"damage_healed":0,"gold_gain":0,"player_choice":"Got Potions","damage_taken":0,"max_hp_gain":0,"max_hp_loss":0,"event_name":"Lab","floor":31,"gold_loss":0}],"is_beta":false,"boss_relics":[{"not_picked":["Runic Pyramid","Abe\u0027s Treasure"],"picked":"Sandwich"},{"not_picked":["Snecko Eye","Tiny House"],"picked":"Replay:Grab Bag"},{"not_picked":["Velvet Choker","hubris:GrandSneckoEye"],"picked":"Painkiller Herb"},{"not_picked":["Runic Dome","Coffee Dripper"],"picked":"hubris:CrackedHourglass"},{"not_picked":["Ring of Chaos","ReplayTheSpireMod:SealedPack"],"picked":"Golden_Hairpin"}],"items_purged_floors":[14],"is_endless":false,"potions_floor_spawned":[5,6,12,18,23,28,33,39,42,44,46],"ascension_level":0}}