{"host":"hpn0uxah5qjr7pa6","time":1613467726,"event":{"mods":["2.2 Compatiblity","Act Like it!","Aspiration","BaseMod","Better Third Choice","BetterRewards","Challenge The Spire","Colored Powertips","Conspire","DeckTracker","Downfall","Energized Spire","Hallownest","Hermit","Highlight Path","Hubris","Infinite Spire","Minty Spire (QoL Compilation)","Permanent Neow","Quick Restart","Rare Cards Sparkle","Replay The Spire","Spicy Shops","StSLib"],"gold_per_floor":[116,75,87,101,117,149,149,165,165,178,178,21,21,21,40,51,114,213,213,223,223,223,223,223,223,238,238,238,249,249,263,263,277,277,372,372,392,392,408,424,436,436,468,487,487,487,487,502,502,515,515,515],"floor_reached":53,"language":"ENG","playtime":1479,"items_purged":[],"score":920,"play_id":"333ac2bb-6c7c-4644-9d5f-85a95210ce74","local_time":"20210216012846","daily_mods":["SealedDeck"],"is_ascension_mode":false,"campfire_choices":[{"data":"bronze:ChosenStrike","floor":7.0,"key":"SMITH"},{"data":"bronze:ChosenStrike","floor":11.0,"key":"SMITH"},{"data":"bronze:OilSpill","floor":25.0,"key":"SMITH"},{"data":"bronze:BronzeOrb","floor":27.0,"key":"SMITH"},{"data":"bronze:BronzeOrb","floor":34.0,"key":"SMITH"},{"data":"bronze:BronzeOrb","floor":42.0,"key":"SMITH"},{"data":"bronze:Overheat","floor":47.0,"key":"SMITH"},{"data":"bronze:FollowUp","floor":51.0,"key":"SMITH"}],"circlet_count":0,"master_deck":["bronze:Shield","bronze:Overheat","bronze:OilSpill+1","bronze:FollowUp+1","bronze:DigitalCarnage+1","bronze:Overheat+1","bronze:ChosenStrike+1","bronze:Branch","bronze:BronzeOrb+1","bronze:BronzeOrb+1","bronze:Branch","bronze:ChosenStrike+1","bronze:DigitalCarnage+1","bronze:OilSpill+1","bronze:BronzeOrb+1","bronze:Shield","bronze:Frontload+1","bronze:Branch","bronze:Branch","bronze:OilSpill","bronze:Overheat+1","bronze:OilSpill+1","bronze:BronzeOrb+1"],"relics":["bronze:BronzeCore","aspiration:FetidBarrel","hubris:TinFlute","aspiration:VileToxins","Cursed Key","ChewingGum","Juzu Bracelet","conspire:SeveredTorchhead","Replay:Mystery Machine","hubris:CrystalStatue"],"acts_visited":["Exordium","TheCity","TheBeyond"],"potions_floor_usage":[52,52],"damage_taken":[{"damage":0.0,"enemies":"Small Slimes","floor":1.0,"turns":3.0},{"damage":0.0,"enemies":"Cultist","floor":3.0,"turns":1.0},{"damage":0.0,"enemies":"2 Louse","floor":4.0,"turns":1.0},{"damage":0.0,"enemies":"Red Slaver","floor":5.0,"turns":2.0},{"damage":0.0,"enemies":"Lagavulin","floor":6.0,"turns":4.0},{"damage":0.0,"enemies":"Gremlin Gang","floor":8.0,"turns":2.0},{"damage":0.0,"enemies":"Blue Slaver","floor":10.0,"turns":1.0},{"damage":0.0,"enemies":"2 Fungi Beasts","floor":15.0,"turns":1.0},{"damage":0.0,"enemies":"Looter","floor":16.0,"turns":1.0},{"damage":14.0,"enemies":"Fading Forest","floor":18.0,"turns":11.0},{"damage":0.0,"enemies":"conspire:FuzzyDice","floor":20.0,"turns":2.0},{"damage":0.0,"enemies":"Spheric Guardian","floor":26.0,"turns":2.0},{"damage":0.0,"enemies":"Snake Plant","floor":29.0,"turns":1.0},{"damage":0.0,"enemies":"Centurion and Healer","floor":31.0,"turns":2.0},{"damage":0.0,"enemies":"Snecko","floor":33.0,"turns":1.0},{"damage":0.0,"enemies":"conspire:MysteriousRune","floor":35.0,"turns":5.0},{"damage":0.0,"enemies":"3 Darklings","floor":37.0,"turns":2.0},{"damage":0.0,"enemies":"3 Shapes","floor":39.0,"turns":2.0},{"damage":0.0,"enemies":"3 Darklings","floor":40.0,"turns":2.0},{"damage":0.0,"enemies":"Jaw Worm Horde","floor":41.0,"turns":2.0},{"damage":0.0,"enemies":"Reptomancer","floor":43.0,"turns":2.0},{"damage":0.0,"enemies":"Writhing Mass","floor":44.0,"turns":1.0},{"damage":0.0,"enemies":"3 Darklings","floor":48.0,"turns":2.0},{"damage":0.0,"enemies":"Maw","floor":50.0,"turns":2.0},{"damage":70,"enemies":"infinitespire:MassOfShapes","floor":52,"turns":10}],"seed_played":"-139763928999617045","potions_obtained":[{"floor":3.0,"key":"Weak Potion"},{"floor":4.0,"key":"ColorlessPotion"},{"floor":6.0,"key":"bronze:FreeFunctionsPotion"},{"floor":20.0,"key":"CultistPotion"},{"floor":26.0,"key":"Adrenaline Potion"},{"floor":29.0,"key":"SteroidPotion"},{"floor":37.0,"key":"Cursed Concoction"},{"floor":40.0,"key":"Fruit Juice"},{"floor":41.0,"key":"bronze:BuildAFunctionPotion"},{"floor":44.0,"key":"hexamod:SoulburnPotion"}],"is_trial":true,"path_per_floor":["M","$","M","M","M","E","R","M","T","M","R","$","PTL","PTL","M","M","R","B",null,"M","?","?","AVR","?","R","M","R","T","M","?","M","?","M","R","B",null,"M","T","M","M","M","R","E","M","T","AVR","R","M","?","M","R","B",null],"character_chosen":"THE_AUTOMATON","items_purchased":["bronze:BronzeOrb","aspiration:VileToxins"],"campfire_rested":0,"item_purchase_floors":[2,12],"current_hp_per_floor":[70,70,70,70,70,70,70,70,70,70,70,70,70,70,70,70,70,56,70,70,70,70,70,70,70,70,70,70,70,70,70,70,70,70,70,70,70,70,70,75,75,75,75,75,75,75,75,75,75,75,75,5],"gold":515,"neow_bonus":"","is_daily":false,"chose_seed":false,"campfire_upgraded":8,"win_rate":0.0,"timestamp":1613467726,"path_taken":["M","$","M","M","M","E","R","M","T","M","R","$","PTL","PTL","M","M","R","BOSS","M","?","?","AVR","?","R","M","R","T","M","?","M","?","M","R","BOSS","M","?","M","M","M","R","E","M","T","AVR","R","M","?","M","R","BOSS"],"items_purchased_type":["Card","Relic"],"build_version":"2020-12-22","purchased_purges":0,"victory":true,"max_hp_per_floor":[70,70,70,70,70,70,70,70,70,70,70,70,70,70,70,70,70,70,70,70,70,70,70,70,70,70,70,70,70,70,70,70,70,70,70,70,70,70,70,75,75,75,75,75,75,75,75,75,75,75,75,75],"card_choices":[{"not_picked":["bronze:CloningBeam","bronze:DarkDash","bronze:WildBeam"],"picked":"SKIP","floor":1.0},{"not_picked":["bronze:BronzeArmor","bronze:Overheat"],"picked":"bronze:Branch","floor":3.0},{"not_picked":["bronze:DelayedGuard","bronze:Terminator"],"picked":"bronze:ChosenStrike","floor":4.0},{"not_picked":["bronze:ClassDefault","bronze:Frontload","bronze:FollowUp"],"picked":"SKIP","floor":5.0},{"not_picked":["bronze:Repulsor","bronze:Safeguard"],"picked":"bronze:DigitalCarnage","floor":6.0},{"not_picked":["bronze:ForceShield","bronze:Invalidate"],"picked":"bronze:OilSpill","floor":8.0},{"not_picked":["bronze:DigitalCarnage","bronze:FineTuning"],"picked":"bronze:BronzeOrb","floor":10.0},{"not_picked":["bronze:WhirlingStrike","bronze:DigitalCarnage"],"picked":"bronze:Shield","floor":15.0},{"not_picked":["bronze:Iterate","bronze:Terminator","bronze:Deprecate"],"picked":"SKIP","floor":16.0},{"not_picked":["bronze:Boost","bronze:Repair"],"picked":"bronze:Frontload+1","floor":20.0},{"not_picked":["bronze:Frontload","bronze:DelayedGuard","bronze:Boost"],"picked":"SKIP","floor":26.0},{"not_picked":["bronze:Optimize","bronze:Constructor+1"],"picked":"bronze:Branch","floor":29.0},{"not_picked":["bronze:Overheat","bronze:GetLatest","bronze:Shield"],"picked":"SKIP","floor":31.0},{"not_picked":["bronze:Overheat","bronze:ItsAFeature","bronze:DelayedSlice"],"picked":"SKIP","floor":33.0},{"not_picked":["bronze:Overheat+1","bronze:DarkDash"],"picked":"bronze:Branch","floor":37.0},{"not_picked":["bronze:Invalidate+1","bronze:Iterate+1","bronze:Boost"],"picked":"SKIP","floor":39.0},{"not_picked":["bronze:Invalidate+1","bronze:Deprecate+1"],"picked":"bronze:OilSpill","floor":40.0},{"not_picked":["bronze:GetLatest+1","bronze:MaxOutput","bronze:BugBarrage"],"picked":"SKIP","floor":41.0},{"not_picked":["bronze:Verify","bronze:HardenedForm"],"picked":"bronze:Overheat+1","floor":43.0},{"not_picked":["bronze:Refactor","bronze:FollowUp+1","bronze:Shield"],"picked":"SKIP","floor":44.0},{"not_picked":["bronze:Constructor","bronze:WildBeam+1"],"picked":"bronze:OilSpill+1","floor":48.0},{"not_picked":["bronze:Branch","bronze:Iterate+1"],"picked":"bronze:BronzeOrb+1","floor":50.0}],"player_experience":254270,"relics_obtained":[{"floor":6.0,"key":"aspiration:FetidBarrel"},{"floor":9.0,"key":"hubris:TinFlute"},{"floor":43.0,"key":"Replay:Mystery Machine"}],"event_choices":[{"damage_healed":0.0,"max_hp_gain":0.0,"max_hp_loss":0.0,"gold_gain":0.0,"event_name":"Cursed Tome","player_choice":"Ignored","floor":21.0,"gold_loss":0.0,"damage_taken":0.0},{"damage_healed":0.0,"max_hp_gain":0.0,"max_hp_loss":0.0,"gold_gain":0.0,"event_name":"WeMeetAgain","player_choice":"Gave Potion","floor":24.0,"gold_loss":0.0,"damage_taken":0.0,"relics_obtained":["Juzu Bracelet"]}],"is_beta":false,"boss_relics":[{"not_picked":["conspire:RoyalGoblet","Velvet Choker"],"picked":"Cursed Key"},{"not_picked":["energizedSpire:MagnifyingGlass","hubris:Stopwatch"],"picked":"conspire:SeveredTorchhead"}],"items_purged_floors":[],"is_endless":false,"potions_floor_spawned":[3,4,6,20,26,29,37,40,41,44],"ascension_level":0}}