{"host":"Vert","time":1613488093,"event":{"mods":["AlwaysNeverKeys","BaseMod","Better Note","Colored Powertips","Hermit","Marisa????????","Minty Spire (QoL Compilation)","Replay The Spire","StSLib","Td1madao Mod","The Gatherer","The Marked","The Servant 0.9.4","Transform Curses"],"gold_per_floor":[14,14,44,44,144,144,181,240,240,240,275,313,313,355,355,477,477,514,514,514,532,447,447,466,519,544,544,591,591,640,366,366,512,512,569,569,628,658,658,733,780,780,805,805,805,853,853,84,84,114],"floor_reached":51,"language":"ENG","playtime":2922,"items_purged":["Strike_MRS","TreasureHunter+1"],"score":672,"play_id":"ac3f9df6-8719-4184-88e9-d50a6f077d21","local_time":"20210216180813","is_ascension_mode":false,"campfire_choices":[{"data":"WitchOfGreed","floor":6.0,"key":"SMITH"},{"floor":10.0,"key":"REST"},{"floor":13.0,"key":"REST"},{"floor":15,"key":"REST"},{"data":"CollectingQuirk","floor":23,"key":"SMITH"},{"floor":27,"key":"REST"},{"floor":29,"key":"REST"},{"floor":32,"key":"REST"},{"floor":42,"key":"REST"},{"floor":44,"key":"REST"},{"floor":49,"key":"REST"}],"circlet_count":0,"master_deck":["Strike_MRS","Strike_MRS","Strike_MRS","Defend_MRS","Defend_MRS","Defend_MRS","Defend_MRS","MasterSpark","UpSweep","WitchOfGreed+1","PowerUp","EarthLightRay","GalacticHalo","SporeBomb","CollectingQuirk+1","IllusionStar+1","Necronomicurse","MagicAbsorber","ChargeUpSpray+1","NonDirectionalLaser+1","StarBarrage+1","6A","Flash of Steel","MilkyWay+1","AsteroidBelt","EnergyRecoil+1"],"relics":["BewitchedHakkero","Mummified Hand","Replay:WaspNest","SlaversCollar","Necronomicon","Durian","Replay:Bandana","Blood Vial","Boot","ReplayTheSpireMod:Ninjato","PreservedInsect","SproutingBranch"],"acts_visited":["Exordium","TheCity","TheBeyond"],"potions_floor_usage":[24,25,28,33,33,38,38,41,48,50,50,50],"damage_taken":[{"damage":5.0,"enemies":"Small Slimes","floor":1.0,"turns":3.0},{"damage":1.0,"enemies":"Cultist","floor":3.0,"turns":3.0},{"damage":10.0,"enemies":"Jaw Worm","floor":7.0,"turns":5.0},{"damage":35.0,"enemies":"Lagavulin","floor":8.0,"turns":8.0},{"damage":23.0,"enemies":"3 Louse","floor":11.0,"turns":3.0},{"damage":13.0,"enemies":"2 Fungi Beasts","floor":12.0,"turns":4.0},{"damage":10.0,"enemies":"Red Slaver","floor":14.0,"turns":4.0},{"damage":68,"enemies":"Fading Forest","floor":16,"turns":11},{"damage":28,"enemies":"3 Byrds","floor":18,"turns":3},{"damage":12,"enemies":"Shell Parasite","floor":21,"turns":4},{"damage":28,"enemies":"Shelled Parasite and Fungi","floor":24,"turns":4},{"damage":25,"enemies":"Book of Stabbing","floor":25,"turns":4},{"damage":25,"enemies":"Centurion and Healer","floor":28,"turns":7},{"damage":24,"enemies":"Snecko","floor":30,"turns":5},{"damage":60,"enemies":"Champ","floor":33,"turns":8},{"damage":42,"enemies":"3 Darklings","floor":35,"turns":5},{"damage":39,"enemies":"3 Shapes","floor":37,"turns":4},{"damage":18,"enemies":"Maw","floor":38,"turns":7},{"damage":56,"enemies":"Nemesis","floor":40,"turns":7},{"damage":42,"enemies":"Jaw Worm Horde","floor":41,"turns":5},{"damage":31,"enemies":"Writhing Mass","floor":46,"turns":6},{"damage":89,"enemies":"Replay:Hell Engine","floor":50,"turns":8}],"seed_played":"157535109092473641","potions_obtained":[{"floor":1.0,"key":"Elixir"},{"floor":7.0,"key":"DuplicationPotion"},{"floor":8.0,"key":"BlessingOfTheForge"},{"floor":8.0,"key":"Swift Potion"},{"floor":24,"key":"Dexterity Potion"},{"floor":25,"key":"FairyPotion"},{"floor":25,"key":"Milkshake"},{"floor":28,"key":"Fruit Juice"},{"floor":30,"key":"Regen Potion"},{"floor":33,"key":"BottledSpark"},{"floor":35,"key":"DuplicationPotion"},{"floor":37,"key":"LifebloodPotion"},{"floor":40,"key":"Fire Potion"},{"floor":46,"key":"Death Potion"}],"is_trial":false,"path_per_floor":["M","$","M","?","?","R","M","E","T","R","M","M","R","M","R","B",null,"M","?","?","M","?","R","M","E","T","R","M","R","M","$","R","B",null,"M","?","M","M","?","E","M","R","T","R","?","M","?","$","R","B",null],"character_chosen":"MARISA","items_purchased":["Boot","6A","Fruit Juice","Milkshake","SproutingBranch","Flashbang"],"campfire_rested":9,"item_purchase_floors":[31,31,48,48,48,48],"current_hp_per_floor":[84,84,83,83,83,83,73,38,38,64,45,36,62,56,82,35,89,65,65,49,41,46,46,22,1,1,29,15,44,26,26,55,16,99,57,57,24,12,87,35,26,52,52,78,78,49,49,54,81,13],"gold":114,"neow_bonus":"TWENTY_PERCENT_HP_BONUS","is_daily":false,"chose_seed":false,"campfire_upgraded":2,"win_rate":0.0,"timestamp":1613488093,"path_taken":["M","$","M","?","?","R","M","E","T","R","M","M","R","?","R","BOSS","M","?","?","M","?","R","M","E","T","R","M","R","M","$","R","BOSS","M","?","M","M","?","E","M","R","T","R","?","?","?","?","R","BOSS"],"items_purchased_type":["Relic","Card","Potion","Potion","Relic","Potion"],"build_version":"2020-12-18","purchased_purges":2,"victory":true,"max_hp_per_floor":[89,89,89,89,89,89,89,89,89,89,89,89,89,89,89,89,89,89,89,89,89,94,94,94,94,94,94,99,99,99,99,99,99,99,99,99,99,99,87,87,87,87,87,87,87,87,87,92,92,92],"card_choices":[{"not_picked":["SporeBomb","DC"],"picked":"WitchOfGreed","floor":1.0},{"not_picked":["DeepEcoloBomb","DC","WitchLeyline"],"picked":"SKIP","floor":3.0},{"not_picked":["DarkSpark","EnergyRecoil"],"picked":"PowerUp","floor":7.0},{"not_picked":["UnstableBomb","NonDirectionalLaser"],"picked":"EarthLightRay","floor":8.0},{"not_picked":["OneTimeOff","MagicAbsorber"],"picked":"GalacticHalo","floor":11.0},{"not_picked":["NonDirectionalLaser","ShootingEcho","DarkSpark"],"picked":"SKIP","floor":12.0},{"not_picked":["ShootingEcho","Singularity"],"picked":"SporeBomb","floor":14.0},{"not_picked":["ManaRampage","CasketOfStar"],"picked":"CollectingQuirk","floor":16},{"not_picked":["PropBag","PowerUp"],"picked":"IllusionStar+1","floor":18},{"not_picked":["ManaConvection","GravityBeat"],"picked":"MagicAbsorber","floor":21},{"not_picked":["GalacticHalo+1","EnergyRecoil","WitchLeyline"],"picked":"SKIP","floor":24},{"not_picked":["GalacticHalo+1","EnergyRecoil","WitchLeyline"],"picked":"SKIP","floor":24},{"not_picked":["IllusionStar","JA"],"picked":"ChargeUpSpray+1","floor":25},{"not_picked":["MagicChant","MeteoricShower"],"picked":"NonDirectionalLaser+1","floor":28},{"not_picked":["MachineGunSpark","OneTimeOff"],"picked":"StarBarrage","floor":30},{"not_picked":["JA","BigCrunch"],"picked":"TreasureHunter","floor":33},{"not_picked":["Occultation","PowerUp+1","WitchLeyline"],"picked":"SKIP","floor":35},{"not_picked":["Replay:Sssssssssstrike","Dark Shackles"],"picked":"Flash of Steel","floor":36},{"not_picked":["MeteoricShower","Acceleration+1"],"picked":"MilkyWay+1","floor":37},{"not_picked":["PowerUp","OneTimeOff+1"],"picked":"AsteroidBelt","floor":38},{"not_picked":["DC","CollectingQuirk"],"picked":"EnergyRecoil+1","floor":40},{"not_picked":["MilkyWay","MysteriousBeam","GravityBeat+1"],"picked":"SKIP","floor":41},{"not_picked":["ChargeUpSpray+1","NonDirectionalLaser+1","DC"],"picked":"SKIP","floor":46}],"player_experience":536923,"relics_obtained":[{"floor":8.0,"key":"Mummified Hand"},{"floor":9.0,"key":"Replay:WaspNest"},{"floor":20,"key":"Necronomicon"},{"floor":25,"key":"Replay:Bandana"},{"floor":26,"key":"Blood Vial"},{"floor":40,"key":"ReplayTheSpireMod:Ninjato"},{"floor":43,"key":"PreservedInsect"}],"event_choices":[{"damage_healed":0.0,"max_hp_gain":0.0,"max_hp_loss":0.0,"gold_gain":0.0,"event_name":"The Cleric","player_choice":"Leave","floor":4.0,"gold_loss":0.0,"damage_taken":0.0},{"damage_healed":0.0,"max_hp_gain":0.0,"max_hp_loss":0.0,"gold_gain":100.0,"event_name":"Wheel of Change","player_choice":"Gold","floor":5.0,"gold_loss":0.0,"damage_taken":0.0},{"damage_healed":0,"gold_gain":0,"player_choice":"Ignored","damage_taken":0,"max_hp_gain":0,"max_hp_loss":0,"event_name":"betterNote:BetterNote","floor":19,"gold_loss":0,"cards_obtained":["Run Through"]},{"damage_healed":0,"gold_gain":0,"player_choice":"Obtained Book","damage_taken":16,"max_hp_gain":0,"max_hp_loss":0,"event_name":"Cursed Tome","floor":20,"gold_loss":0},{"damage_healed":0,"gold_gain":0,"player_choice":"Obtained Relic","damage_taken":0,"relics_obtained":["Durian"],"max_hp_gain":0,"max_hp_loss":0,"event_name":"Addict","floor":22,"gold_loss":85},{"damage_healed":0,"gold_gain":0,"player_choice":"Memory 1","damage_taken":0,"max_hp_gain":0,"max_hp_loss":0,"event_name":"SensoryStone","floor":36,"gold_loss":0},{"damage_healed":87,"gold_gain":0,"player_choice":"Heal","damage_taken":0,"max_hp_gain":0,"max_hp_loss":12,"event_name":"The Moai Head","floor":39,"gold_loss":0},{"damage_healed":0,"gold_gain":0,"player_choice":"Forge","damage_taken":0,"max_hp_gain":0,"max_hp_loss":0,"event_name":"Accursed Blacksmith","floor":45,"gold_loss":0,"cards_upgraded":["TreasureHunter"]},{"damage_healed":0,"gold_gain":0,"player_choice":"Upgraded","damage_taken":0,"max_hp_gain":0,"max_hp_loss":0,"event_name":"Upgrade Shrine","floor":47,"gold_loss":0,"cards_upgraded":["StarBarrage"]}],"is_beta":true,"boss_relics":[{"not_picked":["SacredBark","Replay:Wanted Poster"],"picked":"SlaversCollar"},{"not_picked":["Sozu","Velvet Choker"],"picked":"BewitchedHakkero"}],"items_purged_floors":[31,48],"is_endless":false,"potions_floor_spawned":[1,8,11,24,25,30,35,37],"ascension_level":0}}