{"host":"upxqlvf2ge1xt4sa","time":1613458437,"event":{"mods":["2.2 Compatiblity","AchievementEnabler","Act Like it!","Bard","BaseMod","Better Third Choice","BetterRewards","Colored Powertips","Curses Come First","Downfall","Energized Spire","Friendly Minions","Hallownest","Hermit","Highlight Path","Hubris","Infinite Spire","Jorbs\u0027s Wanderer Trilogy","Mad Scientist","Minty Spire (QoL Compilation)","Rare Cards Sparkle","Relic Filter","Reliquary","Shade Mod","StSLib","The Blackbeard","The Bug Knight","The Construct","The Cursed","The Disciple","The Hierophant","The Jungle","The Marked","The Mystic","The Necromancer","The Runesmith","The Servant 0.9.4"],"gold_per_floor":[114,114,131,131,148,148,165,165,165,165,193,193,213,232,232,336,336,355,355,99,115,115,115,133,133,133,133,159,159,159,175,175,278,278,292,292,252,62,0,0,50,83,83,7,7,42,54,54,54,54],"floor_reached":51,"language":"ENG","playtime":4702,"items_purged":[],"score":859,"play_id":"152db555-b7a2-443a-9ce2-d35009753ca6","local_time":"20210215225357","daily_mods":["SealedDeck"],"is_ascension_mode":true,"campfire_choices":[{"data":"SilverBlades","floor":6,"key":"SMITH"},{"data":"SilverBlades","floor":8,"key":"SMITH"},{"data":"Shuttle","floor":10,"key":"SMITH"},{"data":"Shuttle","floor":15,"key":"SMITH"},{"data":"Solidify","floor":23,"key":"SMITH"},{"data":"Starlight","floor":25,"key":"SMITH"},{"data":"Starlight","floor":27,"key":"SMITH"},{"data":"BottledTime","floor":29,"key":"SMITH"},{"data":"BottledTime","floor":32,"key":"SMITH"},{"data":"Revamp","floor":40,"key":"SMITH"},{"data":"InstantArmor","floor":45,"key":"SMITH"},{"data":"TimeWarp","floor":49,"key":"SMITH"}],"circlet_count":0,"master_deck":["Moonlight","InstantArmor+1","InstantArmor+1","BottledTime+1","BottledTime","BottledTime","Shuttle+1","SilverBlades+1","SilverBlades+1","TimeWarp+1","TimeWarp+1","Starlight+1","TimeWarp","Starlight+1","Shuttle+1","BottledTime+1","Solidify+1","BottledTime+1","Potential+1","Ricochet+1","Starlight+1","PendulumOfEternity","Revamp+1","Dilation","Foresight+1","hubris:InfiniteBlow+1","RealityMarble+1","BottledTime"],"relics":["Uniform","Happy Flower","reliquary:BoilingFlask","expansioncontent:StudyCardRelic","Frozen Egg 2","Mercury Hourglass","sneckomod:BlankCard","Runic Dome","Membership Card","Red Mask","hubris:64BitClover","reliquary:Knoch","Runesmith:Nanobots","hubris:EmptyBottle","Omamori","hubris:Icosahedron"],"acts_visited":["Exordium","TheCity","TheBeyond"],"potions_floor_usage":[],"damage_taken":[{"damage":0,"enemies":"Cultist","floor":1,"turns":2},{"damage":0,"enemies":"2 Louse","floor":3,"turns":1},{"damage":0,"enemies":"Small Slimes","floor":5,"turns":2},{"damage":2,"enemies":"3 Louse","floor":7,"turns":2},{"damage":3,"enemies":"3 Sentries","floor":11,"turns":3},{"damage":0,"enemies":"Blue Slaver","floor":13,"turns":1},{"damage":0,"enemies":"Exordium Wildlife","floor":14,"turns":2},{"damage":9,"enemies":"Hexaghost","floor":16,"turns":3},{"damage":0,"enemies":"Shell Parasite","floor":18,"turns":1},{"damage":0,"enemies":"2 Thieves","floor":21,"turns":2},{"damage":0,"enemies":"Snake Plant","floor":24,"turns":2},{"damage":0,"enemies":"Gremlin Leader","floor":28,"turns":2},{"damage":5,"enemies":"Centurion and Healer","floor":31,"turns":2},{"damage":0,"enemies":"Champ","floor":33,"turns":2},{"damage":0,"enemies":"3 Shapes","floor":35,"turns":1},{"damage":0,"enemies":"Mind Bloom Boss Battle","floor":41,"turns":3},{"damage":19,"enemies":"Nightmare","floor":42,"turns":7},{"damage":0,"enemies":"Reptomancer","floor":46,"turns":2},{"damage":0,"enemies":"Orb Walker","floor":47,"turns":1},{"damage":38,"enemies":"Awakened One","floor":50,"turns":5}],"seed_played":"2640909662755787596","potions_obtained":[{"floor":3,"key":"CultistPotion"},{"floor":7,"key":"Guardian:BlockOnCardUsePotion"},{"floor":11,"key":"Explosive Potion"},{"floor":28,"key":"DuplicationPotion"},{"floor":47,"key":"infinitespire:BlackPotion"}],"is_trial":true,"path_per_floor":["M","?","M","?","M","R","M","R","T","R","E","?","M","M","R","B",null,"M","?","$","M","?","R","M","R","T","R","E","R","?","M","R","B",null,"M","AVR","?","$","?","R","?","NM","T","$","R","E","M","?","R","B",null],"character_chosen":"THE_SERVANT","items_purchased":["Frozen Egg 2","Membership Card","RealityMarble+1","hubris:EmptyBottle"],"campfire_rested":0,"item_purchase_floors":[20,38,38,44],"current_hp_per_floor":[65,65,65,52,52,52,50,50,50,50,47,47,47,47,47,38,65,65,54,54,54,54,54,54,54,54,54,54,54,54,49,49,49,70,70,70,70,70,70,70,70,51,51,51,51,51,51,51,51,13],"gold":54,"neow_bonus":"","is_daily":false,"chose_seed":false,"campfire_upgraded":12,"win_rate":0.0,"timestamp":1613458437,"path_taken":["M","?","?","?","M","R","M","R","T","R","E","?","M","M","R","BOSS","M","?","$","M","?","R","M","R","T","R","E","R","?","?","R","BOSS","M","AVR","?","?","?","R","?","NM","T","$","R","E","M","?","R","BOSS"],"items_purchased_type":["Relic","Relic","Card","Relic"],"build_version":"2020-12-22","purchased_purges":0,"victory":true,"max_hp_per_floor":[65,65,65,65,65,65,65,65,65,65,65,65,65,65,65,65,65,65,70,70,70,70,70,70,70,70,70,70,70,70,70,70,70,70,70,70,70,70,70,70,70,70,70,70,70,70,70,70,70,70],"card_choices":[{"not_picked":["Gouge","Defy"],"picked":"TimeWarp","floor":1},{"not_picked":["Alleviate","Gouge"],"picked":"TimeWarp","floor":3},{"not_picked":["Spin","Unruled"],"picked":"Starlight","floor":5},{"not_picked":["Collapse","SpecialFormula"],"picked":"TimeWarp","floor":7},{"not_picked":["Snipe","Alleviate"],"picked":"Starlight","floor":11},{"not_picked":["Contraction","FastForward"],"picked":"Shuttle","floor":13},{"not_picked":["Gouge","Duplication"],"picked":"BottledTime","floor":14},{"not_picked":["Initiator","TheWorld"],"picked":"Solidify","floor":16},{"not_picked":["Rewind","Potential"],"picked":"BottledTime+1","floor":18},{"not_picked":["Barrier","Collapse+1"],"picked":"Potential+1","floor":21},{"not_picked":["Potential+1","TimeWarp"],"picked":"Starlight+1","floor":24},{"not_picked":["Sabotage","BestPractice+1"],"picked":"PendulumOfEternity","floor":28},{"not_picked":["Desolation","ShatteredReality"],"picked":"Revamp","floor":31},{"not_picked":["MurderousAura+1","TheWorld"],"picked":"Dilation","floor":33},{"not_picked":["Rewind+1","GearUp+1"],"picked":"Foresight+1","floor":35},{"not_picked":["Defy+1","Sabotage+1"],"picked":"BottledTime","floor":41},{"not_picked":["DoubleEdge","Rewind+1","ForgedInTime"],"picked":"SKIP","floor":42},{"not_picked":["Gouge+1","FastForward","Comet"],"picked":"SKIP","floor":46},{"not_picked":["Ricochet+1","ShatteredReality","Misdirection+1"],"picked":"SKIP","floor":47}],"player_experience":161485,"relics_obtained":[{"floor":9,"key":"Happy Flower"},{"floor":11,"key":"reliquary:BoilingFlask"},{"floor":26,"key":"Mercury Hourglass"},{"floor":28,"key":"sneckomod:BlankCard"},{"floor":41,"key":"hubris:64BitClover"},{"floor":42,"key":"reliquary:Knoch"},{"floor":43,"key":"Runesmith:Nanobots"},{"floor":46,"key":"Omamori"}],"event_choices":[{"cards_removed":["Luminosity"],"damage_healed":0,"gold_gain":0,"player_choice":"Purged","damage_taken":0,"max_hp_gain":0,"max_hp_loss":0,"event_name":"Purifier","floor":2,"gold_loss":0},{"damage_healed":65,"gold_gain":0,"player_choice":"Upgrade","damage_taken":13,"max_hp_gain":0,"max_hp_loss":65,"event_name":"betterThird:BetterShining","floor":4,"gold_loss":0,"cards_upgraded":["InstantArmor","TimeWarp"]},{"damage_healed":0,"gold_gain":0,"player_choice":"Leave","damage_taken":0,"max_hp_gain":0,"max_hp_loss":0,"event_name":"The Cleric","floor":12,"gold_loss":0},{"damage_healed":0,"gold_gain":0,"player_choice":"Shed Blood","damage_taken":16,"max_hp_gain":5,"max_hp_loss":0,"event_name":"Forgotten Altar","floor":19,"gold_loss":0},{"damage_healed":0,"gold_gain":0,"player_choice":"Ignored","damage_taken":0,"max_hp_gain":0,"max_hp_loss":0,"event_name":"Vampires","floor":30,"gold_loss":0},{"damage_healed":0,"gold_gain":0,"player_choice":"Upgraded Two","damage_taken":0,"max_hp_gain":0,"max_hp_loss":0,"event_name":"Designer","floor":37,"gold_loss":40,"cards_upgraded":["hubris:InfiniteBlow","Ricochet"]},{"damage_healed":0,"gold_gain":0,"player_choice":"Paid","damage_taken":0,"relics_obtained":["Red Mask"],"max_hp_gain":0,"max_hp_loss":0,"event_name":"Tomb of Lord Red Mask","floor":39,"gold_loss":62},{"damage_healed":0,"gold_gain":0,"player_choice":"Fight","damage_taken":0,"max_hp_gain":0,"max_hp_loss":0,"event_name":"MindBloom","floor":41,"gold_loss":0}],"is_beta":false,"boss_relics":[{"not_picked":["energizedSpire:StickyHand","hubris:GrandSneckoEye"],"picked":"expansioncontent:StudyCardRelic"},{"not_picked":["MysterySword","Velvet Choker"],"picked":"Runic Dome"}],"items_purged_floors":[],"is_endless":false,"potions_floor_spawned":[3,7,11,24,28,35,47],"ascension_level":1}}