{"host":"d73an99q9oevilk5","time":1613519971,"event":{"mods":["2.2 Compatiblity","AchievementEnabler","Act Like it!","Aspiration","BaseMod","Beaked The Cultist","Better Third Choice","BetterRewards","Colored Map","Colored Powertips","Conspire","Downfall","GifTheSpireLib","Halation","Hubris","Infinite Spire","Marisa????????","Mimic Mod","Minty Spire (QoL Compilation)","MostiFishMod","Quick Restart","Relic Sorter","Reliquary","Replay The Spire","Shop Mod","Spikes Relics","StSLib","Stuff the Spire","The Cursed","The Jungle","The Necromancer","The Saiyan","Waifu the Spire","egg","slay the spire mod where everything is the same but ironclad has a cowboy hat"],"gold_per_floor":[117,130,130,163,283,311,274,310,382,382,398,412,412,512,512,610,610,629,277,292,292,309,339,368,368,403,416,416,431,453,488,488,590,590,614,614,632,657,757,796,796,810,810,823,845,888,888,906,906,911],"floor_reached":51,"language":"ENG","playtime":2193,"items_purged":[],"score":963,"play_id":"1f8011a8-ac4c-4289-b010-39329f6e39f0","local_time":"20210216165931","is_ascension_mode":false,"campfire_choices":[{"data":"MostiFishMod:WinterMarkForm","floor":10.0,"key":"SMITH"},{"data":"beaked:Evade","floor":13.0,"key":"SMITH"},{"data":"beaked:Foresight","floor":15.0,"key":"SMITH"},{"data":"beaked:ScreechingChant","floor":25,"key":"SMITH"},{"data":"beaked:BloodRitual","floor":32,"key":"SMITH"},{"data":"beaked:ScreechingChant","floor":47,"key":"SMITH"},{"data":"beaked:StickSmack","floor":49,"key":"SMITH"}],"circlet_count":0,"master_deck":["beaked:Strike_Y","beaked:Strike_Y+1","beaked:Strike_Y","beaked:Strike_Y","beaked:Strike_Y","beaked:Strike_Y+1","beaked:Defend_Y","beaked:Defend_Y","beaked:Defend_Y","beaked:Defend_Y","beaked:Ceremony","beaked:Ceremony","beaked:Ceremony","MostiFishMod:FrostNova","MostiFishMod:WinterMarkForm+1","beaked:Hexing","beaked:Foresight+1","beaked:Evade+1","beaked:AwakenedForm","beaked:Brace","beaked:WarriorEssence","beaked:CrazyRituals","beaked:Evade","beaked:CrazyRituals","beaked:ScreechingChant+1","beaked:Pecker+1","beaked:Insight","beaked:CrazyRituals+1","beaked:MachineEssence","beaked:Caw","beaked:BloodRitual+1","beaked:CursingBlood+1","beaked:ScreechingChant+1","infinitespire:Gouge","beaked:MimicHuntress+1","beaked:Foresight+1","beaked:Foresight+1","beaked:CrazyRituals+1","beaked:CrazyRituals+1","beaked:CursingBlood+1","beaked:StickSmack+1"],"relics":["beaked:MendingPlumage","hubris:Icosahedron","DaveBox","Prayer Wheel","ReplayTheSpireMod:TigerMarble","Mango","FrostBlade","SynthV:TestCard","conspire:Dentures","halation:IllGainedPizza","halation:BottledLove","aspiration:FetidBarrel","StuffTheSpire:Kangaroo","Whetstone","StuffTheSpire:Experiment12","Bag of Marbles","ThornShield","Girya","Busted Crown","reliquary:NewFriend","beaked:ThroatLozenge","White Beast Statue","Replay:Bottled Steam"],"acts_visited":["Exordium","Exordium","TheBeyond"],"potions_floor_usage":[16,18,22,40,44,46,50,50,50,50,50,50,50,50,50],"damage_taken":[{"damage":6.0,"enemies":"Cultist","floor":1.0,"turns":4.0},{"damage":4.0,"enemies":"conspire:RoseBush","floor":2.0,"turns":5.0},{"damage":6.0,"enemies":"Jaw Worm","floor":4.0,"turns":3.0},{"damage":6.0,"enemies":"Jaw Worm","floor":5.0,"turns":4.0},{"damage":20.0,"enemies":"Gremlin Nob","floor":6.0,"turns":5.0},{"damage":9.0,"enemies":"Replay:BlueRogue","floor":8.0,"turns":3.0},{"damage":10.0,"enemies":"Exordium Thugs","floor":11.0,"turns":3.0},{"damage":14.0,"enemies":"Exordium Wildlife","floor":12.0,"turns":5.0},{"damage":0,"enemies":"Hexaghost","floor":16,"turns":4},{"damage":16,"enemies":"theJungle:GiantWrat","floor":18,"turns":5},{"damage":10,"enemies":"Shell Parasite","floor":20,"turns":3},{"damage":39,"enemies":"theJungle:2_Snecko_Cultists","floor":22,"turns":5},{"damage":0,"enemies":"theJungle:Cassacara","floor":23,"turns":3},{"damage":18,"enemies":"theJungle:JungleHuntersEncounter","floor":24,"turns":6},{"damage":0,"enemies":"Snake Plant","floor":26,"turns":6},{"damage":0,"enemies":"Snake Plant","floor":27,"turns":3},{"damage":28,"enemies":"theJungle:2_Snecko_Cultists","floor":29,"turns":5},{"damage":10,"enemies":"theJungle:SlimyTreeVines","floor":30,"turns":4},{"damage":11,"enemies":"theJungle:2_Phrogs","floor":31,"turns":5},{"damage":25,"enemies":"theJungle:QueenSpyder","floor":33,"turns":6},{"damage":13,"enemies":"3 Shapes","floor":35,"turns":3},{"damage":22,"enemies":"Orb Walker","floor":37,"turns":3},{"damage":30,"enemies":"4 Shapes","floor":38,"turns":3},{"damage":30,"enemies":"Reptomancer","floor":40,"turns":5},{"damage":4,"enemies":"Spire Growth","floor":42,"turns":4},{"damage":0,"enemies":"Jaw Worm Horde","floor":44,"turns":3},{"damage":21,"enemies":"Sphere and 2 Shapes","floor":45,"turns":5},{"damage":40,"enemies":"Nemesis","floor":46,"turns":8},{"damage":11,"enemies":"4 Shapes","floor":48,"turns":5},{"damage":41,"enemies":"Replay:Hell Engine","floor":50,"turns":4}],"seed_played":"2234751517124062289","potions_obtained":[{"floor":2.0,"key":"EssenceOfSteel"},{"floor":6.0,"key":"sneckomod:MuddlingPotion"},{"floor":11.0,"key":"DistilledChaos"},{"floor":12.0,"key":"Fruit Juice"},{"floor":18,"key":"BlessingOfTheForge"},{"floor":20,"key":"AttackPotion"},{"floor":22,"key":"conspire:TimeTravelPotion"},{"floor":28,"key":"EntropicBrew"},{"floor":31,"key":"beaked:MendingBrew"},{"floor":40,"key":"BlessingOfTheForge"},{"floor":44,"key":"sneckomod:MuddlingPotion"},{"floor":46,"key":"Strength Potion"},{"floor":48,"key":"Death Potion"}],"is_trial":false,"path_per_floor":["M","M","?","MIM","M","E","$","E","T","R","M","M","R","?","R","B",null,"M","$","M","?","M","E","M","R","MIM","M","?","M","M","E","R","B",null,"M","AVR","M","M","?","E","R","M","T","M","M","E","R","M","R","B",null],"character_chosen":"BEAKED_THE_CULTIST","items_purchased":["ReplayTheSpireMod:TigerMarble","beaked:CrazyRituals","Whetstone","StuffTheSpire:Experiment12","beaked:Insight"],"campfire_rested":0,"item_purchase_floors":[0,7,19,19,19],"current_hp_per_floor":[62,64,64,64,64,56,56,62,62,62,59,65,65,65,65,69,69,61,61,66,66,44,60,70,70,71,71,71,51,64,71,71,71,71,67,67,62,41,41,63,63,71,71,74,67,74,74,70,70,55],"gold":911,"neow_bonus":"","is_daily":false,"chose_seed":false,"campfire_upgraded":7,"win_rate":0.0,"timestamp":1613519971,"path_taken":["M","?","?","?","?","E","?","E","T","R","M","M","R","?","R","BOSS","M","$","M","?","M","E","M","R","MIM","?","?","M","M","E","R","BOSS","M","AVR","M","M","?","E","R","M","T","M","M","E","R","?","R","BOSS"],"items_purchased_type":["Relic","Card","Relic","Relic","Card"],"build_version":"2020-12-22","purchased_purges":0,"victory":true,"max_hp_per_floor":[64,64,64,64,64,64,64,64,64,64,64,69,69,69,69,69,69,69,69,69,69,69,69,71,71,71,71,71,71,71,71,71,71,71,71,71,71,71,71,71,71,71,71,74,74,74,74,74,74,74],"card_choices":[{"not_picked":["beaked:Windmill","beaked:BounceBack"],"picked":"beaked:Hexing","floor":1.0},{"not_picked":["beaked:WindBringer","beaked:MimicMachine","beaked:Redirect"],"picked":"SKIP","floor":1.0},{"not_picked":["beaked:Tradeoff","beaked:Cower","beaked:Brace","beaked:DigDeep"],"picked":"beaked:Foresight","floor":2.0},{"not_picked":["beaked:WarriorEssence","beaked:BounceBack","beaked:Redirect","beaked:BraceForImpact","beaked:Pecker"],"picked":"SKIP","floor":2.0},{"not_picked":["beaked:DigDeep","beaked:Roost","beaked:Windmill","beaked:RitualOfBody"],"picked":"beaked:Evade","floor":4.0},{"not_picked":["beaked:Brace","beaked:Tradeoff","beaked:BounceBack","beaked:StickSmack"],"picked":"beaked:AwakenedForm","floor":5.0},{"not_picked":["beaked:TuckingFeathers","beaked:StunningBlow","beaked:Overpower","beaked:SurvivalInstinct"],"picked":"beaked:Brace","floor":5.0},{"not_picked":["beaked:Poke","beaked:FeelMyPain","beaked:BloodForTheGods","beaked:Tweet","beaked:WarriorEssence"],"picked":"SKIP","floor":6.0},{"not_picked":["beaked:Poke","beaked:FeelMyPain","beaked:BloodForTheGods","beaked:Tweet"],"picked":"beaked:WarriorEssence","floor":6.0},{"not_picked":["beaked:SurvivalInstinct","beaked:FeelMyPain","beaked:Brace","ReplayTheSpireMod:Prepare the Ceremony","beaked:SacrificialScars"],"picked":"SKIP","floor":8.0},{"not_picked":["beaked:Negation","beaked:Mantra","beaked:Tradeoff","beaked:HuntressEssence","beaked:Poke"],"picked":"SKIP","floor":11.0},{"not_picked":["beaked:Tweet","beaked:Daydream","beaked:Resilience","beaked:CursingBlood","beaked:DigDeeper"],"picked":"SKIP","floor":11.0},{"not_picked":["beaked:RitualOfBody","ReplayTheSpireMod:RavenHex","beaked:Molting","beaked:CursingBlood"],"picked":"beaked:Evade","floor":12.0},{"not_picked":["beaked:Daydream","beaked:Sacrifice","beaked:Flinch","beaked:TuckingFeathers"],"picked":"beaked:CrazyRituals","floor":12.0},{"not_picked":["ReplayTheSpireMod:Owlgaze","beaked:Sacrifice","beaked:SacrificialScars","beaked:CheekyTricks"],"picked":"beaked:ScreechingChant","floor":16},{"not_picked":["beaked:FeelMyPain","beaked:Poke","beaked:Recite","beaked:VolatileMisfortune"],"picked":"beaked:Pecker+1","floor":18},{"not_picked":["beaked:TuckingFeathers","beaked:Devastation","beaked:BraceForImpact+1","beaked:Daydream+1","beaked:SurvivalInstinct"],"picked":"SKIP","floor":18},{"not_picked":["beaked:Flinch","beaked:MimicMachine","beaked:SurvivalInstinct","beaked:Tweet","beaked:TuckingFeathers+1"],"picked":"SKIP","floor":20},{"not_picked":["beaked:DesperateSwing","beaked:TuckingFeathers+1","beaked:BounceBack+1","beaked:SurvivalInstinct+1","beaked:Mantra+1"],"picked":"SKIP","floor":20},{"not_picked":["beaked:Overexert","beaked:WarriorSpirit","beaked:Windmill","beaked:Redirect"],"picked":"beaked:CrazyRituals+1","floor":22},{"not_picked":["beaked:Recite","beaked:Cower","beaked:SacrificialAttack","beaked:VigorBurst","beaked:Insight"],"picked":"SKIP","floor":22},{"not_picked":["beaked:HuntressSpirit+1","beaked:Cower","beaked:Molting","beaked:VigorBurst"],"picked":"beaked:MachineEssence","floor":23},{"not_picked":["beaked:TuckingFeathers+1","beaked:Tweet","beaked:Poke","beaked:Windmill","beaked:Resilience+1"],"picked":"SKIP","floor":24},{"not_picked":["beaked:BraceForImpact","beaked:Flinch","beaked:Windmill+1","beaked:Insight","beaked:Molting"],"picked":"SKIP","floor":24},{"not_picked":["beaked:BloodRitual","beaked:DarkPact","beaked:WarriorSpirit","beaked:MaddeningMurmurs+1","beaked:Redirect+1"],"picked":"SKIP","floor":27},{"not_picked":["beaked:Resilience","beaked:DigDeep","beaked:BraceForImpact","beaked:Cower","beaked:MimicMachine"],"picked":"SKIP","floor":27},{"not_picked":["beaked:Poke","beaked:WarriorEssence","beaked:Redirect","beaked:Daydream"],"picked":"beaked:Caw","floor":29},{"not_picked":["beaked:Tweet+1","beaked:Poke","beaked:HuntressSpirit","beaked:SurvivalInstinct","ReplayTheSpireMod:Wings of Steel"],"picked":"SKIP","floor":29},{"not_picked":["beaked:Flinch","beaked:Daydream","beaked:Windmill+1","beaked:WarriorEssence"],"picked":"beaked:BloodRitual","floor":30},{"not_picked":["beaked:SurvivalInstinct","beaked:DigDeeper","beaked:Brace","beaked:BraceForImpact","beaked:Replenish"],"picked":"SKIP","floor":30},{"not_picked":["beaked:DigDeep+1","beaked:WarriorEssence","beaked:Brainwash","beaked:Recite"],"picked":"beaked:CursingBlood+1","floor":31},{"not_picked":["beaked:AwakenedForm","beaked:DarkPact","ReplayTheSpireMod:Owlgaze","beaked:FullHouse"],"picked":"beaked:ScreechingChant","floor":33},{"not_picked":["beaked:Insight","beaked:BarbedWire","beaked:MaddeningMurmurs+1"],"picked":"SKIP","floor":35},{"not_picked":["beaked:Evade","beaked:Windmill","beaked:DesperateSwing+1"],"picked":"SKIP","floor":35},{"not_picked":["beaked:Cower+1","beaked:Insight+1"],"picked":"beaked:MimicHuntress+1","floor":37},{"not_picked":["beaked:SurvivalInstinct","beaked:FeelMyPain+1","beaked:Struggle"],"picked":"SKIP","floor":37},{"not_picked":["beaked:FakeOut","beaked:TuckingFeathers+1"],"picked":"beaked:Foresight+1","floor":38},{"not_picked":["beaked:CrazyRituals+1","beaked:CursingBlood+1"],"picked":"beaked:Foresight+1","floor":38},{"not_picked":["beaked:Molting","beaked:BraceForImpact+1","beaked:DigDeep"],"picked":"SKIP","floor":40},{"not_picked":["beaked:Tradeoff+1","beaked:SacrificialDive"],"picked":"beaked:CrazyRituals+1","floor":42},{"not_picked":["beaked:StickSmack","beaked:Windmill"],"picked":"beaked:CrazyRituals+1","floor":42},{"not_picked":["beaked:TuckingFeathers","beaked:Poke","beaked:Struggle"],"picked":"SKIP","floor":44},{"not_picked":["beaked:Tweet+1","beaked:Sacrifice","beaked:Daydream"],"picked":"SKIP","floor":44},{"not_picked":["beaked:Flinch","beaked:StunningBlow+1","beaked:Daydream"],"picked":"SKIP","floor":45},{"not_picked":["beaked:Resilience","beaked:BarbedWire+1","beaked:Flinch+1"],"picked":"SKIP","floor":45},{"not_picked":["beaked:Cower+1","beaked:BarbedWire"],"picked":"beaked:CursingBlood+1","floor":46},{"not_picked":["beaked:Brace","beaked:CursingBlood+1"],"picked":"beaked:StickSmack","floor":48},{"not_picked":["beaked:Cower+1","beaked:Windmill","beaked:SurvivalInstinct"],"picked":"SKIP","floor":48}],"player_experience":1926469,"relics_obtained":[{"floor":1.0,"key":"SynthV:TestCard"},{"floor":4.0,"key":"conspire:Dentures"},{"floor":6.0,"key":"halation:IllGainedPizza"},{"floor":8.0,"key":"halation:BottledLove"},{"floor":9.0,"key":"aspiration:FetidBarrel"},{"floor":23,"key":"Bag of Marbles"},{"floor":26,"key":"ThornShield"},{"floor":31,"key":"Girya"},{"floor":40,"key":"beaked:ThroatLozenge"},{"floor":43,"key":"White Beast Statue"},{"floor":46,"key":"Replay:Bottled Steam"}],"event_choices":[{"damage_healed":0.0,"max_hp_gain":0.0,"max_hp_loss":0.0,"gold_gain":100.0,"event_name":"Wheel of Change","player_choice":"Gold","floor":14.0,"gold_loss":0.0,"damage_taken":0.0},{"damage_healed":0,"gold_gain":0,"player_choice":"Got Potions","damage_taken":0,"max_hp_gain":0,"max_hp_loss":0,"event_name":"Lab","floor":28,"gold_loss":0},{"damage_healed":0,"gold_gain":100,"player_choice":"Pray","damage_taken":0,"max_hp_gain":0,"max_hp_loss":0,"event_name":"Golden Shrine","floor":39,"gold_loss":0}],"is_beta":false,"boss_relics":[{"not_picked":["Ectoplasm","ReplayTheSpireMod:SealedPack"],"picked":"StuffTheSpire:Kangaroo"},{"not_picked":["halation:HeavySnake","StuffTheSpire:RunicConfusion"],"picked":"Busted Crown"}],"items_purged_floors":[],"is_endless":false,"potions_floor_spawned":[2,6,11,12,18,20,22,29,31,40,42,44,45,46,48],"ascension_level":0}}