{"host":"wshey5htrz8rni6u","time":1613453827,"event":{"mods":["2.2 Compatiblity","BaseMod","Block Reminder","Colored Map","Colored Powertips","Current Relic Mod","Curses Come First","Dark Map","Key Reminder","Keyboard Shortcuts","Minty Spire (QoL Compilation)","Potion Indicator Mod","Quick Restart","Random Character Button","Relic Sorter","Relic Stats","StSLib","SuperFastMode","Twitch Utils","Unceasing Turn Reminder","Weighted Paths","everything is the same but u backflip on backflip"],"gold_per_floor":[110,110,129,54,70,99,99,124,149,184,184,203,203,216,216,315,315,296,296,316,328,328,328,328],"floor_reached":23,"language":"ENG","playtime":1617,"items_purged":["Zap"],"score":243,"play_id":"3ab08b8c-3efa-416e-865d-307cc65e8430","local_time":"20210215213707","is_ascension_mode":true,"campfire_choices":[{"floor":7.0,"key":"REST"},{"floor":11.0,"key":"REST"},{"floor":13.0,"key":"REST"},{"data":"Hologram","floor":15.0,"key":"SMITH"}],"circlet_count":0,"master_deck":["Strike_B","Strike_B","Strike_B","Strike_B","Defend_B","Defend_B","Defend_B","Defend_B","Dualcast","Hyperbeam+1","White Noise","Recycle","Genetic Algorithm","Gash","Hologram+1","Melter","Beam Cell","Leap","Rebound","Meteor Strike","Steam+1","Double Energy","Auto Shields","RitualDagger"],"relics":["Cracked Core","Nunchaku","Dream Catcher","MealTicket","Tiny Chest","Cursed Key"],"acts_visited":[],"potions_floor_usage":[23,23],"damage_taken":[{"damage":0.0,"enemies":"Small Slimes","floor":1.0,"turns":2.0},{"damage":0.0,"enemies":"Cultist","floor":3.0,"turns":2.0},{"damage":2.0,"enemies":"Jaw Worm","floor":5.0,"turns":3.0},{"damage":35.0,"enemies":"Gremlin Nob","floor":6.0,"turns":5.0},{"damage":24.0,"enemies":"Lagavulin","floor":8.0,"turns":5.0},{"damage":16.0,"enemies":"Gremlin Nob","floor":10.0,"turns":3.0},{"damage":5.0,"enemies":"Red Slaver","floor":12.0,"turns":4.0},{"damage":0.0,"enemies":"Large Slime","floor":14.0,"turns":2.0},{"damage":50.0,"enemies":"Hexaghost","floor":16.0,"turns":11.0},{"damage":6.0,"enemies":"2 Thieves","floor":18.0,"turns":4.0},{"damage":6,"enemies":"Shell Parasite","floor":20,"turns":4},{"damage":12,"enemies":"Snake Plant","floor":21,"turns":5},{"damage":45,"enemies":"Book of Stabbing","floor":23,"turns":5}],"seed_played":"-677431525596644435","potions_obtained":[{"floor":1.0,"key":"EntropicBrew"},{"floor":3.0,"key":"AttackPotion"},{"floor":5.0,"key":"Energy Potion"},{"floor":18.0,"key":"LiquidMemories"}],"is_trial":false,"path_per_floor":["M","?","M","$","M","E","R","E","T","E","R","M","R","M","R","B",null,"M","?","M","M","?","E"],"character_chosen":"DEFECT","items_purchased":[],"campfire_rested":3,"item_purchase_floors":[],"current_hp_per_floor":[75,75,75,75,73,38,60,36,36,20,42,37,59,59,59,9,75,69,69,63,51,45,0,0],"gold":328,"neow_bonus":"THREE_RARE_CARDS","is_daily":false,"chose_seed":false,"campfire_upgraded":1,"win_rate":0.0,"timestamp":1613453827,"path_taken":["M","?","M","$","?","E","R","E","T","E","R","M","R","M","R","BOSS","M","?","?","M","?","E"],"items_purchased_type":[],"build_version":"2020-12-13","purchased_purges":1,"victory":false,"max_hp_per_floor":[75,75,75,75,75,75,75,75,75,75,75,75,75,75,75,75,75,75,75,75,75,75,75,75],"relic_stats":{"Nunchaku":[3],"Dream Catcher":0,"counters":[3,14],"MealTicket":0,"Tiny Chest":0,"Cursed Key":0,"obtain_stats":[{"Nunchaku":0,"Dream Catcher":0,"MealTicket":0,"Tiny Chest":0,"Cracked Core":0,"Cursed Key":0},{"Nunchaku":0,"Dream Catcher":0,"MealTicket":0,"Tiny Chest":0,"Cracked Core":0,"Cursed Key":0},{"Nunchaku":0,"Dream Catcher":0,"MealTicket":0,"Tiny Chest":0,"Cracked Core":0,"Cursed Key":0}]},"card_choices":[{"not_picked":["Creative AI","Seek"],"picked":"Hyperbeam","floor":0.0},{"not_picked":["Conserve Battery","Streamline"],"picked":"White Noise","floor":1.0},{"not_picked":["Loop","Coolheaded"],"picked":"Recycle","floor":3.0},{"not_picked":["Auto Shields","Coolheaded"],"picked":"Genetic Algorithm","floor":5.0},{"not_picked":["Go for the Eyes","Streamline"],"picked":"Gash","floor":6.0},{"not_picked":["Chill","Biased Cognition"],"picked":"Hologram","floor":8.0},{"not_picked":["Static Discharge","BootSequence"],"picked":"Melter","floor":10.0},{"not_picked":["Heatsinks","Compile Driver"],"picked":"Beam Cell","floor":11.0},{"not_picked":["Redo","Sunder"],"picked":"Leap","floor":12.0},{"not_picked":["Beam Cell","Coolheaded"],"picked":"Rebound","floor":13.0},{"not_picked":["Compile Driver","Static Discharge","Redo"],"picked":"SKIP","floor":14.0},{"not_picked":["Fission","Creative AI"],"picked":"Meteor Strike","floor":16.0},{"not_picked":["Beam Cell","Darkness+1"],"picked":"Steam+1","floor":18.0},{"not_picked":["Compile Driver","Redo"],"picked":"Double Energy","floor":20},{"not_picked":["Gash","Rebound"],"picked":"Auto Shields","floor":21}],"player_experience":60782,"relics_obtained":[{"floor":6.0,"key":"Nunchaku"},{"floor":8.0,"key":"Dream Catcher"},{"floor":9.0,"key":"MealTicket"},{"floor":10.0,"key":"Tiny Chest"}],"event_choices":[{"cards_removed":["Injury"],"damage_healed":0.0,"max_hp_gain":0.0,"max_hp_loss":0.0,"gold_gain":0.0,"event_name":"Purifier","player_choice":"Purged","floor":2.0,"gold_loss":0.0,"damage_taken":0.0},{"damage_healed":0.0,"max_hp_gain":0.0,"max_hp_loss":0.0,"gold_gain":0.0,"event_name":"Upgrade Shrine","player_choice":"Upgraded","floor":19.0,"gold_loss":0.0,"damage_taken":0.0,"cards_upgraded":["Hyperbeam"]},{"damage_healed":0,"gold_gain":0,"player_choice":"Joined the Cult","damage_taken":6,"max_hp_gain":0,"max_hp_loss":0,"event_name":"Nest","floor":22,"gold_loss":0,"cards_obtained":["RitualDagger"]}],"is_beta":false,"boss_relics":[{"not_picked":["Pandora\u0027s Box","SacredBark"],"picked":"Cursed Key"}],"items_purged_floors":[4],"is_endless":false,"potions_floor_spawned":[1,3,5,18],"killed_by":"Book of Stabbing","ascension_level":3}}