{"host":"d76q0rb9a0s9bgr5","time":1613514493,"event":{"mods":["BaseMod","Downfall","Hubris","Minty Spire (QoL Compilation)","StSLib"],"gold_per_floor":[110,110,35,35,48,83,83,99,99,124,124,142,142,142,142,142,142],"floor_reached":16,"language":"ENG","playtime":540,"items_purged":["Strike_G"],"score":146,"play_id":"722d2d4d-577e-402f-adbb-ca708254bdc4","local_time":"20210216232813","is_ascension_mode":true,"campfire_choices":[{"data":"Cloak And Dagger","floor":11,"key":"SMITH"},{"data":"Infinite Blades","floor":13,"key":"SMITH"},{"data":"Neutralize","floor":15,"key":"SMITH"}],"circlet_count":0,"master_deck":["Strike_G","Strike_G","Strike_G","Defend_G","Defend_G","Defend_G","Defend_G","Defend_G","Survivor","Neutralize+1","Cloak And Dagger+1","Decay","Infinite Blades+1"],"relics":["Ring of the Snake","NeowsBlessing","Boot","Toy Ornithopter","Letter Opener","Lantern"],"acts_visited":["Exordium"],"potions_floor_usage":[16],"damage_taken":[{"damage":0,"enemies":"2 Louse","floor":1,"turns":1},{"damage":0,"enemies":"Jaw Worm","floor":5,"turns":1},{"damage":0,"enemies":"Gremlin Nob","floor":6,"turns":1},{"damage":0,"enemies":"Cultist","floor":8,"turns":5},{"damage":19,"enemies":"3 Sentries","floor":10,"turns":12},{"damage":1,"enemies":"2 Fungi Beasts","floor":12,"turns":4},{"damage":37,"enemies":"Slime Boss","floor":16,"turns":9}],"seed_played":"-2798711380730094993","potions_obtained":[{"floor":1,"key":"LiquidMemories"}],"is_trial":false,"path_per_floor":["M","?","$","?","M","E","?","M","T","E","R","M","R","?","R","B"],"character_chosen":"THE_SILENT","items_purchased":[],"campfire_rested":0,"item_purchase_floors":[],"current_hp_per_floor":[70,70,70,52,52,52,52,52,52,33,33,32,32,32,32,0,0],"gold":142,"neow_bonus":"THREE_ENEMY_KILL","is_daily":false,"chose_seed":false,"campfire_upgraded":3,"win_rate":0.0,"timestamp":1613514493,"path_taken":["M","?","$","?","M","E","?","?","T","E","R","M","R","?","R","BOSS"],"items_purchased_type":[],"build_version":"2020-12-22","purchased_purges":1,"victory":false,"max_hp_per_floor":[70,70,70,70,70,70,70,70,70,70,70,70,70,70,70,70,70],"card_choices":[{"not_picked":["Dash","Masterful Stab"],"picked":"Cloak And Dagger","floor":1},{"not_picked":["Underhanded Strike","hubris:SlightOfHand","Acrobatics"],"picked":"SKIP","floor":5},{"not_picked":["Outmaneuver","Dodge and Roll","Well Laid Plans"],"picked":"SKIP","floor":6},{"not_picked":["Quick Slash","Prepared","Underhanded Strike"],"picked":"SKIP","floor":8},{"not_picked":["Flying Knee","Phantasmal Killer"],"picked":"Infinite Blades","floor":10},{"not_picked":["Poisoned Stab","Backflip","Dagger Spray"],"picked":"SKIP","floor":12}],"player_experience":155277,"relics_obtained":[{"floor":6,"key":"Toy Ornithopter"},{"floor":9,"key":"Letter Opener"},{"floor":10,"key":"Lantern"}],"event_choices":[{"damage_healed":0,"gold_gain":0,"player_choice":"Ignored","damage_taken":0,"max_hp_gain":0,"max_hp_loss":0,"event_name":"Liars Game","floor":2,"gold_loss":0},{"damage_healed":0,"gold_gain":0,"player_choice":"Success","damage_taken":18,"relics_obtained":["Boot"],"max_hp_gain":0,"max_hp_loss":0,"event_name":"Scrap Ooze","floor":4,"gold_loss":0},{"damage_healed":0,"gold_gain":0,"player_choice":"Cursed","damage_taken":0,"max_hp_gain":0,"max_hp_loss":0,"event_name":"Wheel of Change","floor":7,"gold_loss":0,"cards_obtained":["Decay"]},{"cards_removed":["Strike_G"],"damage_healed":0,"gold_gain":0,"player_choice":"Forget","damage_taken":0,"max_hp_gain":0,"max_hp_loss":0,"event_name":"Living Wall","floor":14,"gold_loss":0}],"is_beta":false,"boss_relics":[],"items_purged_floors":[3],"is_endless":false,"potions_floor_spawned":[1],"killed_by":"Slime Boss","ascension_level":2}}