{"host":"n08mv44ohivl39d9","time":1613448343,"event":{"mods":["BaseMod","Bestiary","Highlight Path","Minty Spire (QoL Compilation)","Relic Stats","Slay the Relics Exporter"],"gold_per_floor":[20,32,46,64,64,99,99,99,99],"floor_reached":8,"language":"ENG","playtime":466,"items_purged":[],"score":116,"play_id":"73df1d53-c825-4b7d-94e6-c11bd2fe7f7b","local_time":"20210215220543","is_ascension_mode":true,"campfire_choices":[{"data":"Terror","floor":7,"key":"SMITH"}],"circlet_count":0,"master_deck":["AscendersBane","Strike_G","Strike_G","Strike_G","Strike_G","Defend_G","Defend_G","Defend_G","Defend_G","Survivor","Neutralize","Blade Dance","Bane","Flying Knee","Accuracy","Terror+1"],"relics":["Ring of the Snake","Pear"],"acts_visited":["Exordium"],"potions_floor_usage":[6,8],"damage_taken":[{"damage":0,"enemies":"Small Slimes","floor":1,"turns":5},{"damage":1,"enemies":"Cultist","floor":2,"turns":5},{"damage":1,"enemies":"Jaw Worm","floor":3,"turns":4},{"damage":6,"enemies":"Large Slime","floor":4,"turns":6},{"damage":27,"enemies":"Lagavulin","floor":6,"turns":9},{"damage":53,"enemies":"Gremlin Nob","floor":8,"turns":4}],"seed_played":"-1463790466056029016","potions_obtained":[{"floor":1,"key":"Weak Potion"},{"floor":3,"key":"Ancient Potion"}],"is_trial":false,"path_per_floor":["M","M","M","M","?","E","R","E"],"character_chosen":"THE_SILENT","items_purchased":[],"campfire_rested":0,"item_purchase_floors":[],"current_hp_per_floor":[59,58,57,51,66,49,49,0,0],"gold":99,"neow_bonus":"REMOVE_TWO","is_daily":false,"chose_seed":false,"campfire_upgraded":1,"win_rate":0.0,"timestamp":1613448343,"path_taken":["M","M","M","M","?","E","R","E"],"items_purchased_type":[],"build_version":"2020-12-22","purchased_purges":0,"victory":false,"max_hp_per_floor":[66,66,66,66,66,76,76,76,76],"relic_stats":{"counters":[6,33],"obtain_stats":[{"Pear":6,"Ring of the Snake":0},{"Pear":5,"Ring of the Snake":0},{"Pear":29,"Ring of the Snake":0}],"Ring of the Snake":[12]},"card_choices":[{"not_picked":["Bouncing Flask","Outmaneuver"],"picked":"Blade Dance","floor":1},{"not_picked":["Underhanded Strike","Acrobatics"],"picked":"Bane","floor":2},{"not_picked":["Underhanded Strike","Dagger Spray"],"picked":"Flying Knee","floor":3},{"not_picked":["Flechettes","Dagger Throw"],"picked":"Accuracy","floor":4},{"not_picked":["Unload","Quick Slash"],"picked":"Terror","floor":6}],"player_experience":1452451,"relics_obtained":[{"floor":6,"key":"Pear"}],"event_choices":[{"damage_healed":15,"gold_gain":0,"player_choice":"Full Heal","damage_taken":0,"max_hp_gain":0,"max_hp_loss":0,"event_name":"Wheel of Change","floor":5,"gold_loss":0}],"is_beta":false,"boss_relics":[],"items_purged_floors":[],"is_endless":false,"potions_floor_spawned":[1,3],"killed_by":"Gremlin Nob","ascension_level":20}}