{"host":"y0i0tbisecj7yjyn","time":1613449658,"event":{"mods":["2.2 Compatiblity","AchievementEnabler","AlwaysNeverKeys","BaseMod","Better Third Choice","BetterRewards","Colored Map","Colored Powertips","Curses Come First","Disable Question Mark Monsters","Displayed Cursed Tome","Highlight Path","Keyboard Shortcuts","Minty Spire (QoL Compilation)","Quick Restart","Random Character Button","Rare Cards Sparkle","Relic Stats","Reliquary","Smile Girya","StSLib","SuperFastMode","The Marked","Transform Curses","Weighted Paths"],"gold_per_floor":[114,289,289,305,323,323,323,350,350,156,156,156],"floor_reached":11,"language":"ENG","playtime":291,"items_purged":[],"score":85,"play_id":"a3b1c2d1-1d0a-4a39-a369-98a9b8337631","local_time":"20210215222738","is_ascension_mode":true,"campfire_choices":[{"floor":6,"key":"REST"}],"circlet_count":0,"master_deck":["Strike_B","Strike_B","Strike_B","Strike_B","Defend_B","Defend_B","Defend_B","Defend_B","Zap","Dualcast","Beam Cell","Echo Form","Redo","Lockon","Apotheosis"],"relics":["Cracked Core","Shovel","Dead Branch"],"acts_visited":["Exordium"],"potions_floor_usage":[],"damage_taken":[{"damage":9,"enemies":"Jaw Worm","floor":1,"turns":3},{"damage":0,"enemies":"Cultist","floor":4,"turns":2},{"damage":22,"enemies":"Small Slimes","floor":5,"turns":3},{"damage":35,"enemies":"Lagavulin","floor":8,"turns":6},{"damage":35,"enemies":"3 Sentries","floor":11,"turns":6}],"seed_played":"5928786285337117147","potions_obtained":[],"is_trial":false,"path_per_floor":["M","?","?","M","M","R","?","E","T","$","E"],"character_chosen":"DEFECT","items_purchased":["Apotheosis"],"campfire_rested":1,"item_purchase_floors":[10],"current_hp_per_floor":[73,73,73,73,51,75,68,33,33,33,0,0],"gold":156,"neow_bonus":"TEN_PERCENT_HP_BONUS","is_daily":false,"chose_seed":false,"campfire_upgraded":0,"win_rate":0.0,"timestamp":1613449658,"path_taken":["M","?","?","?","M","R","?","E","T","?","E"],"items_purchased_type":["Card"],"build_version":"2020-12-22","purchased_purges":0,"victory":false,"max_hp_per_floor":[82,82,82,82,82,82,82,82,82,82,82,82],"relic_stats":{"Shovel":0,"counters":[5,20],"Dead Branch":[6],"obtain_stats":[{"Shovel":8,"Dead Branch":9,"Cracked Core":0},{"Shovel":4,"Dead Branch":4,"Cracked Core":0},{"Shovel":14,"Dead Branch":14,"Cracked Core":0}]},"card_choices":[{"not_picked":["Cold Snap","Streamline"],"picked":"Beam Cell","floor":1},{"not_picked":["Sweeping Beam","Go for the Eyes"],"picked":"Redo","floor":4},{"not_picked":["Barrage","Auto Shields"],"picked":"Lockon","floor":5},{"not_picked":["Sweeping Beam","Hologram","Chaos"],"picked":"SKIP","floor":8}],"player_experience":468714,"relics_obtained":[{"floor":8,"key":"Shovel"},{"floor":9,"key":"Dead Branch"}],"event_choices":[{"damage_healed":0,"gold_gain":175,"player_choice":"AGREE","damage_taken":114,"max_hp_gain":0,"max_hp_loss":0,"event_name":"betterThird:BetterSerpent","floor":2,"gold_loss":0},{"damage_healed":0,"gold_gain":0,"player_choice":"1 cards matched","damage_taken":0,"max_hp_gain":0,"max_hp_loss":0,"event_name":"Match and Keep!","floor":3,"gold_loss":0,"cards_obtained":["Echo Form"]},{"cards_removed":["Doubt"],"damage_healed":0,"gold_gain":0,"player_choice":"Card Removal","damage_taken":7,"max_hp_gain":0,"max_hp_loss":0,"event_name":"Golden Wing","floor":7,"gold_loss":0}],"is_beta":false,"boss_relics":[],"items_purged_floors":[],"is_endless":false,"potions_floor_spawned":[],"killed_by":"3 Sentries","ascension_level":4}}