{"host":"e1dlxrn9xf91lno8","time":1613490791,"event":{"mods":["AchievementEnabler","Aspiration","Bard","BaseMod","Beaked The Cultist","Bestiary","Better Altar","Better Sensory Stone","Better Third Choice","BetterRewards","Bossed Relics","Colored Map","Colored Powertips","Energized Spire","Filter the Spire","GungeonMod","Hermit","Highlight Path","Hubris","Infinite Spire","Mimic Mod","Minty Spire (QoL Compilation)","Morshu Shopkeeper","Morshu Shopkeeper - ENHANCED","Quick Restart","Rare Cards Sparkle","Reliquary","Replay The Spire","Shop Mod","Smile Girya","Somnambulant","StSLib","The Blue Laboratory","The Cursed","The Disciple","The Runesmith","Together in Spire","Uncapped","everything is the same but u backflip on backflip","slay the spire mod where everything is the same but ironclad has a cowboy hat"],"gold_per_floor":[114,189,189,201,376,376,388,388,437,437,457,457,469,503,503,503,503],"floor_reached":16,"language":"ENG","playtime":459,"items_purged":[],"score":150,"play_id":"f8565c27-8943-4c96-b70d-222b7138c7ae","local_time":"20210216105311","is_ascension_mode":false,"campfire_choices":[{"data":"Wild Strike","floor":6,"key":"SMITH"},{"data":"Replay:Undeath\u0027s Touch","floor":10,"key":"SMITH"},{"data":"Iron Wave","floor":12,"key":"SMITH"}],"circlet_count":0,"master_deck":["Strike_R","Strike_R","Strike_R","Strike_R+1","Defend_R","Defend_R","Defend_R","Defend_R","Bash","Anger","Wild Strike+1","Dark Embrace+1","Thunderclap","Doubt","Replay:Undeath\u0027s Touch+1","Iron Wave+1","Replay:Undeath\u0027s Touch","Cleave","Injury"],"relics":["Burning Blood","DemoMod:GnawedKey","DemoMod:ClearGuonStone","infinitespire:Broken Mirror","Golden Idol"],"acts_visited":["Exordium"],"potions_floor_usage":[],"damage_taken":[{"damage":12,"enemies":"2 Louse","floor":1,"turns":3},{"damage":5,"enemies":"Jaw Worm","floor":4,"turns":3},{"damage":6,"enemies":"Cultist","floor":7,"turns":3},{"damage":3,"enemies":"Looter","floor":11,"turns":3},{"damage":5,"enemies":"Blue Slaver","floor":13,"turns":2},{"damage":31,"enemies":"3 Sentries","floor":14,"turns":8},{"damage":15,"enemies":"Slime Boss","floor":16,"turns":7}],"seed_played":"-3787845168287600909","potions_obtained":[{"floor":1,"key":"DemoMod:LeadSkinPotion"},{"floor":11,"key":"blueLaboratory:BubblePotion"},{"floor":14,"key":"blueLaboratory:BottleOfVodka"}],"is_trial":false,"path_per_floor":["M","?","?","M","?","R","M","?","T","R","M","R","M","E","R_BF","B"],"character_chosen":"IRONCLAD","items_purchased":["DemoMod:GnawedKey","Anger"],"campfire_rested":0,"item_purchase_floors":[0,0],"current_hp_per_floor":[74,63,63,64,64,64,64,64,64,64,67,67,68,43,43,28,28],"gold":503,"neow_bonus":"","is_daily":false,"chose_seed":false,"campfire_upgraded":3,"win_rate":0.0,"timestamp":1613490791,"path_taken":["M","?","?","M","?","R","M","?","T","R","M","R","M","E","R_BF","BOSS"],"items_purchased_type":["Relic","Card"],"build_version":"2020-12-22","purchased_purges":0,"victory":false,"max_hp_per_floor":[80,80,80,80,80,80,80,80,80,80,80,80,80,80,80,80,80],"card_choices":[{"not_picked":["Warcry","Perfected Strike"],"picked":"Wild Strike","floor":1},{"not_picked":["Disarm","Ghostly Armor"],"picked":"Thunderclap","floor":4},{"not_picked":["Pummel","True Grit"],"picked":"Replay:Undeath\u0027s Touch","floor":7},{"not_picked":["Bloodletting","Heavy Blade"],"picked":"Iron Wave","floor":11},{"not_picked":["Impervious","Wild Strike"],"picked":"Replay:Undeath\u0027s Touch","floor":13},{"not_picked":["Clash","Hemokinesis"],"picked":"Cleave","floor":14}],"player_experience":19472,"relics_obtained":[{"floor":9,"key":"DemoMod:ClearGuonStone"},{"floor":14,"key":"infinitespire:Broken Mirror"}],"event_choices":[{"damage_healed":0,"gold_gain":75,"player_choice":"Gold","damage_taken":11,"max_hp_gain":0,"max_hp_loss":0,"event_name":"betterThird:BetterGoop","floor":2,"gold_loss":0},{"damage_healed":0,"gold_gain":175,"player_choice":"AGREE","damage_taken":201,"max_hp_gain":0,"max_hp_loss":0,"event_name":"betterThird:BetterSerpent","floor":5,"gold_loss":0},{"damage_healed":0,"gold_gain":0,"player_choice":"Take Wound","damage_taken":0,"relics_obtained":["Golden Idol"],"max_hp_gain":0,"max_hp_loss":0,"event_name":"Golden Idol","floor":15,"gold_loss":0,"cards_obtained":["Injury"]}],"is_beta":false,"boss_relics":[],"items_purged_floors":[],"is_endless":false,"potions_floor_spawned":[1,11,14],"killed_by":"Slime Boss","ascension_level":0}}