{"host":"7sni158j623xchr2","time":1613459291,"event":{"mods":["BaseMod","Colored Map","Highlight Path","Minty Spire (QoL Compilation)","Permanent Neow","Potion Indicator Mod","Rare Cards Sparkle","Relic Sorter","Relic Stats","StSLib","everything is the same but u backflip on backflip"],"gold_per_floor":[112,112,131,148,148,175,175,206,233,260,260,260,275,57,57,182,182,207,207,220,220,130,130,154,194,194,194,234,234,252,268,268,398,398,418,439,194,194,207,248,248,248,272,335,348,348,348,23,23,23,23,23,23,23,23],"floor_reached":54,"language":"ENG","playtime":1590,"items_purged":["Strike_P","Strike_P+1"],"score":913,"play_id":"f76c1051-eeb5-4a28-99b3-c57e65cfda4e","local_time":"20210216010811","is_ascension_mode":true,"campfire_choices":[{"data":"Eruption","floor":7,"key":"SMITH"},{"data":"Adaptation","floor":12,"key":"SMITH"},{"data":"TalkToTheHand","floor":15,"key":"SMITH"},{"data":"CrushJoints","floor":23,"key":"SMITH"},{"data":"Consecrate","floor":27,"key":"SMITH"},{"data":"Fasting2","floor":29,"key":"SMITH"},{"data":"Ghostly","floor":32,"key":"SMITH"},{"data":"Ragnarok","floor":41,"key":"SMITH"},{"data":"MentalFortress","floor":47,"key":"SMITH"},{"floor":49,"key":"RECALL"},{"data":"Ghostly","floor":52,"key":"SMITH"}],"circlet_count":0,"master_deck":["Strike_P+1","Strike_P+1","Defend_P+1","Defend_P+1","Eruption+1","Vigilance","Judgement+1","EmptyFist","Consecrate+1","CrushJoints+1","Adaptation+1","Fasting2+1","TalkToTheHand+1","Ghostly+1","Ghostly+1","Ghostly+1","Ghostly+1","Ghostly+1","Crescendo+1","Protect+1","Consecrate+1","Ragnarok+1","Halt+1","Halt+1","ThirdEye+1","MentalFortress+1","TalkToTheHand+1","Tantrum"],"relics":["PureWater","Orichalcum","Anchor","Bag of Preparation","Dead Branch","Golden Idol","Potion Belt","VioletLotus","Darkstone Periapt","Turnip","Pantograph","Coffee Dripper","War Paint","Smiling Mask","Peace Pipe","Eternal Feather","DollysMirror"],"acts_visited":["Exordium","TheCity","TheBeyond","TheEnding"],"potions_floor_usage":[10,16,31,33,33,40,50,54,54,54,54],"damage_taken":[{"damage":0,"enemies":"Jaw Worm","floor":1,"turns":1},{"damage":0,"enemies":"Small Slimes","floor":3,"turns":3},{"damage":2,"enemies":"2 Louse","floor":4,"turns":2},{"damage":24,"enemies":"3 Sentries","floor":6,"turns":7},{"damage":10,"enemies":"Gremlin Nob","floor":8,"turns":3},{"damage":0,"enemies":"3 Sentries","floor":10,"turns":3},{"damage":0,"enemies":"2 Fungi Beasts","floor":13,"turns":1},{"damage":0,"enemies":"Slime Boss","floor":16,"turns":3},{"damage":0,"enemies":"Chosen","floor":18,"turns":3},{"damage":16,"enemies":"3 Byrds","floor":20,"turns":4},{"damage":0,"enemies":"Snake Plant","floor":24,"turns":4},{"damage":0,"enemies":"Book of Stabbing","floor":25,"turns":4},{"damage":0,"enemies":"Slavers","floor":28,"turns":4},{"damage":0,"enemies":"Cultist and Chosen","floor":30,"turns":3},{"damage":0,"enemies":"Snecko","floor":31,"turns":4},{"damage":17,"enemies":"Champ","floor":33,"turns":11},{"damage":1,"enemies":"3 Darklings","floor":35,"turns":5},{"damage":0,"enemies":"3 Shapes","floor":36,"turns":4},{"damage":0,"enemies":"3 Darklings","floor":39,"turns":4},{"damage":0,"enemies":"Giant Head","floor":40,"turns":8},{"damage":0,"enemies":"Mind Bloom Boss Battle","floor":44,"turns":4},{"damage":1,"enemies":"4 Shapes","floor":45,"turns":4},{"damage":18,"enemies":"Awakened One","floor":50,"turns":11},{"damage":33,"enemies":"Shield and Spear","floor":54,"turns":3}],"seed_played":"3158706550948003773","potions_obtained":[{"floor":3,"key":"DuplicationPotion"},{"floor":6,"key":"SpeedPotion"},{"floor":13,"key":"SteroidPotion"},{"floor":20,"key":"Weak Potion"},{"floor":24,"key":"StancePotion"},{"floor":25,"key":"Energy Potion"},{"floor":33,"key":"StancePotion"},{"floor":35,"key":"StancePotion"},{"floor":36,"key":"Strength Potion"},{"floor":39,"key":"Strength Potion"}],"is_trial":false,"path_per_floor":["M","?","M","M","?","E","R","E","T","E","?","R","M","$","R","B",null,"M","?","M","?","?","R","M","E","T","R","E","R","M","M","R","B",null,"M","M","$","?","M","E","R","?","T","?","M","T","R","$","R","B",null,"R","$","E"],"character_chosen":"WATCHER","items_purchased":["Potion Belt","War Paint","DollysMirror","CultistPotion","Tantrum"],"campfire_rested":0,"item_purchase_floors":[14,37,48,48,48],"current_hp_per_floor":[65,70,70,68,68,44,44,34,34,34,34,34,34,34,34,34,65,65,32,16,16,16,16,16,16,16,16,16,16,16,16,16,15,32,31,31,31,31,31,31,31,31,31,32,31,31,32,32,32,14,32,32,32,0,0],"gold":23,"neow_bonus":"THREE_RARE_CARDS","is_daily":false,"chose_seed":false,"campfire_upgraded":10,"win_rate":0.0,"timestamp":1613459291,"path_taken":["M","?","M","M","?","E","R","E","T","E","?","R","M","$","R","BOSS","M","?","M","?","?","R","M","E","T","R","E","R","M","?","R","BOSS","M","M","$","?","M","E","R","?","T","?","M","?","R","$","R","BOSS","R","$","E"],"items_purchased_type":["Relic","Relic","Relic","Potion","Card"],"build_version":"2020-12-22","purchased_purges":2,"victory":false,"max_hp_per_floor":[65,70,70,70,70,70,70,70,70,70,65,65,65,65,65,65,65,65,32,32,32,32,32,32,32,32,32,32,32,32,32,32,32,32,32,32,32,32,32,32,32,32,32,32,32,32,32,32,32,32,32,32,32,32,32],"relic_stats":{"Darkstone Periapt":0,"counters":[24,103],"Golden Idol":151,"Dead Branch":[114],"Eternal Feather":1,"Bag of Preparation":[38],"Orichalcum":[96],"War Paint":["Ghostly","Ghostly"],"Smiling Mask":0,"Peace Pipe":0,"Pantograph":17,"VioletLotus":[11],"Turnip":[6],"obtain_stats":[{"Potion Belt":14,"Darkstone Periapt":25,"Golden Idol":11,"Dead Branch":10,"Eternal Feather":46,"Bag of Preparation":9,"Orichalcum":6,"War Paint":37,"Smiling Mask":40,"Peace Pipe":44,"Anchor":8,"DollysMirror":48,"Pantograph":28,"VioletLotus":17,"Turnip":26,"Coffee Dripper":34,"PureWater":0},{"Potion Belt":7,"Darkstone Periapt":12,"Golden Idol":6,"Dead Branch":6,"Eternal Feather":22,"Bag of Preparation":5,"Orichalcum":4,"War Paint":18,"Smiling Mask":20,"Peace Pipe":21,"Anchor":5,"DollysMirror":22,"Pantograph":13,"VioletLotus":8,"Turnip":12,"Coffee Dripper":16,"PureWater":0},{"Potion Belt":20,"Darkstone Periapt":38,"Golden Idol":19,"Dead Branch":19,"Eternal Feather":89,"Bag of Preparation":16,"Orichalcum":13,"War Paint":69,"Smiling Mask":81,"Peace Pipe":85,"Anchor":16,"DollysMirror":89,"Pantograph":42,"VioletLotus":23,"Turnip":38,"Coffee Dripper":60,"PureWater":0}]},"card_choices":[{"not_picked":["Omniscience","Wish"],"picked":"Judgement","floor":0},{"not_picked":["FlyingSleeves","Prostrate"],"picked":"EmptyFist","floor":1},{"not_picked":["Halt","Protect","JustLucky"],"picked":"SKIP","floor":3},{"not_picked":["Judgement","BowlingBash"],"picked":"Consecrate","floor":4},{"not_picked":["Perseverance","Pray"],"picked":"CrushJoints","floor":6},{"not_picked":["ForeignInfluence","CarveReality"],"picked":"Adaptation","floor":8},{"not_picked":["ForeignInfluence","Perseverance"],"picked":"Fasting2","floor":10},{"not_picked":["Weave","FollowUp"],"picked":"TalkToTheHand","floor":13},{"not_picked":["WheelKick+1","FlurryOfBlows","WreathOfFlame"],"picked":"SKIP","floor":18},{"not_picked":["SandsOfTime","EmptyFist+1","Pray+1"],"picked":"SKIP","floor":20},{"not_picked":["CarveReality","Meditate","EmptyFist"],"picked":"SKIP","floor":24},{"not_picked":["CrushJoints+1","CarveReality"],"picked":"Crescendo+1","floor":25},{"not_picked":["CrushJoints","Vault"],"picked":"Protect+1","floor":28},{"not_picked":["FlurryOfBlows+1","EmptyFist"],"picked":"Consecrate+1","floor":30},{"not_picked":["Halt","Swivel","EmptyBody+1"],"picked":"SKIP","floor":31},{"not_picked":["MasterReality","Devotion"],"picked":"Ragnarok","floor":33},{"not_picked":["Consecrate+1","Collect+1","Crescendo"],"picked":"SKIP","floor":35},{"not_picked":["WheelKick","Prostrate"],"picked":"Halt+1","floor":36},{"not_picked":["Consecrate+1","Wireheading"],"picked":"Halt+1","floor":39},{"not_picked":["Ragnarok","DeusExMachina"],"picked":"ThirdEye+1","floor":40},{"not_picked":["EmptyFist","ClearTheMind"],"picked":"MentalFortress","floor":45}],"player_experience":1815645,"relics_obtained":[{"floor":6,"key":"Orichalcum"},{"floor":8,"key":"Anchor"},{"floor":9,"key":"Bag of Preparation"},{"floor":10,"key":"Dead Branch"},{"floor":25,"key":"Darkstone Periapt"},{"floor":26,"key":"Turnip"},{"floor":28,"key":"Pantograph"},{"floor":40,"key":"Smiling Mask"},{"floor":44,"key":"Peace Pipe"},{"floor":46,"key":"Eternal Feather"}],"event_choices":[{"damage_healed":0,"gold_gain":0,"player_choice":"Donut","damage_taken":0,"max_hp_gain":5,"max_hp_loss":0,"event_name":"Big Fish","floor":2,"gold_loss":0},{"damage_healed":0,"gold_gain":0,"player_choice":"Grow","damage_taken":0,"max_hp_gain":0,"max_hp_loss":0,"event_name":"Living Wall","floor":5,"gold_loss":0,"cards_upgraded":["Judgement"]},{"damage_healed":0,"gold_gain":0,"player_choice":"Lose Max HP","damage_taken":0,"relics_obtained":["Golden Idol"],"max_hp_gain":0,"max_hp_loss":5,"event_name":"Golden Idol","floor":11,"gold_loss":0},{"damage_healed":0,"gold_gain":0,"player_choice":"Became a Ghost","damage_taken":0,"max_hp_gain":0,"max_hp_loss":33,"event_name":"Ghosts","floor":19,"gold_loss":0,"cards_obtained":["Ghostly","Ghostly","Ghostly","Ghostly","Ghostly"]},{"damage_healed":0,"gold_gain":0,"player_choice":"Simplicity","damage_taken":0,"max_hp_gain":0,"max_hp_loss":0,"event_name":"Back to Basics","floor":21,"gold_loss":0,"cards_upgraded":["Strike_P","Strike_P","Strike_P","Defend_P","Defend_P","Defend_P","Defend_P"]},{"cards_removed":["Defend_P"],"damage_healed":0,"gold_gain":0,"player_choice":"Upgrade and Remove","damage_taken":0,"max_hp_gain":0,"max_hp_loss":0,"event_name":"Designer","floor":22,"gold_loss":90,"cards_upgraded":["Ghostly"]},{"damage_healed":0,"gold_gain":0,"player_choice":"Ignored","damage_taken":0,"max_hp_gain":0,"max_hp_loss":0,"event_name":"Tomb of Lord Red Mask","floor":38,"gold_loss":0},{"cards_removed":["Defend_P"],"damage_healed":0,"gold_gain":0,"player_choice":"Removed Skill","damage_taken":0,"max_hp_gain":0,"max_hp_loss":0,"event_name":"Falling","floor":42,"gold_loss":0},{"damage_healed":0,"gold_gain":0,"player_choice":"Fight","damage_taken":0,"max_hp_gain":0,"max_hp_loss":0,"event_name":"MindBloom","floor":44,"gold_loss":0}],"is_beta":false,"boss_relics":[{"not_picked":["SacredBark","Black Star"],"picked":"VioletLotus"},{"not_picked":["Pandora\u0027s Box","Runic Dome"],"picked":"Coffee Dripper"}],"items_purged_floors":[14,37],"is_endless":false,"potions_floor_spawned":[3,6,13,20,24,25,33,35,36,39],"killed_by":"Shield and Spear","ascension_level":1}}