{"host":"z4nt7tdd4gjrinn7","time":1613499017,"event":{"mods":["100% Spire Juice","BaseMod","Minty Spire (QoL Compilation)","StS++","StSLib","The Hierophant"],"gold_per_floor":[118,118,218,228,239,239,239,63,63,78,90,100,115,115,115,238,238,257,278,39,39,64,100,100,100,100,100,113,136,136,147,147,147,147],"floor_reached":33,"language":"ENG","playtime":2714,"items_purged":[],"score":261,"play_id":"281c33e7-5553-46e8-a7d2-972ad5c6dc7c","local_time":"20210216131017","is_ascension_mode":false,"campfire_choices":[{"floor":6,"key":"REST"},{"floor":15,"key":"REST"},{"floor":25,"key":"REST"},{"floor":27,"key":"REST"},{"floor":32,"key":"REST"}],"circlet_count":0,"master_deck":["Strike_B","Strike_B","Strike_B","Strike_B","Defend_B","Defend_B","Defend_B","Defend_B","Zap","Dualcast","Chill+1","Gash","Coolheaded","Sweeping Beam","Sweeping Beam","Cold Snap","Darkness","Coolheaded","Injury","Amplify","Chill","Self Repair","Ball Lightning","Defragment","Ball Lightning","Gash+1","Shame","Conserve Battery","Gash+1","Melter+1"],"relics":["Cracked Core","Strawberry","StSpp:SailorCap","Bloody Idol","Cursed Key","Toy Ornithopter","Bottled Lightning","Dead Branch"],"acts_visited":["Exordium","TheCity"],"potions_floor_usage":[23,23,33,33,33],"damage_taken":[{"damage":6,"enemies":"Jaw Worm","floor":1,"turns":4},{"damage":0,"enemies":"Small Slimes","floor":4,"turns":3},{"damage":2,"enemies":"Cultist","floor":5,"turns":4},{"damage":0,"enemies":"Lots of Slimes","floor":10,"turns":4},{"damage":0,"enemies":"3 Louse","floor":11,"turns":3},{"damage":4,"enemies":"Looter","floor":12,"turns":3},{"damage":9,"enemies":"Large Slime","floor":13,"turns":3},{"damage":18,"enemies":"Slime Boss","floor":16,"turns":6},{"damage":13,"enemies":"Spheric Guardian","floor":18,"turns":5},{"damage":4,"enemies":"Shell Parasite","floor":19,"turns":5},{"damage":3,"enemies":"Centurion and Healer","floor":22,"turns":8},{"damage":45,"enemies":"Slavers","floor":23,"turns":5},{"damage":29,"enemies":"Shelled Parasite and Fungi","floor":28,"turns":6},{"damage":26,"enemies":"Snake Plant","floor":29,"turns":5},{"damage":6,"enemies":"Centurion and Healer","floor":31,"turns":6},{"damage":110,"enemies":"Champ","floor":33,"turns":9}],"seed_played":"-7061103631514271371","potions_obtained":[{"floor":1,"key":"FearPotion"},{"floor":10,"key":"Energy Potion"},{"floor":12,"key":"Weak Potion"},{"floor":23,"key":"Energy Potion"},{"floor":29,"key":"Strength Potion"},{"floor":31,"key":"Explosive Potion"}],"is_trial":false,"path_per_floor":["M","?","?","M","M","R","$","$","T","M","M","M","M","?","R","B",null,"M","M","$","?","M","E","?","R","T","R","M","M","?","M","R","B"],"character_chosen":"DEFECT","items_purchased":["Strawberry","Sweeping Beam","Toy Ornithopter","Ball Lightning","Defragment"],"campfire_rested":5,"item_purchase_floors":[8,8,20,20,20],"current_hp_per_floor":[76,76,76,76,74,82,82,89,89,89,89,85,76,76,89,71,89,76,72,72,72,76,48,48,74,74,89,74,55,55,61,87,0,0],"gold":147,"neow_bonus":"TEN_PERCENT_HP_BONUS","is_daily":false,"chose_seed":false,"campfire_upgraded":0,"win_rate":0.0,"timestamp":1613499017,"path_taken":["M","?","?","?","M","R","?","$","T","M","M","M","M","?","R","BOSS","M","M","$","?","M","E","?","R","T","R","M","M","?","M","R","BOSS"],"items_purchased_type":["Relic","Card","Relic","Card","Card"],"build_version":"2020-12-22","purchased_purges":0,"victory":false,"max_hp_per_floor":[82,82,82,82,82,82,82,89,89,89,89,89,89,89,89,89,89,89,89,89,89,89,89,89,89,89,89,89,89,89,89,89,89,89],"card_choices":[{"not_picked":["Cold Snap","Compile Driver"],"picked":"Chill","floor":1},{"not_picked":["Stack","Genetic Algorithm"],"picked":"Gash","floor":4},{"not_picked":["Seek","Turbo"],"picked":"Coolheaded","floor":5},{"not_picked":["Undo","Lockon"],"picked":"Sweeping Beam","floor":10},{"not_picked":["Steam","Sweeping Beam"],"picked":"Cold Snap","floor":11},{"not_picked":["Scrape","Recycle"],"picked":"Darkness","floor":12},{"not_picked":["Seek","Stack"],"picked":"Coolheaded","floor":13},{"not_picked":["All For One","StSpp:CopyPaste"],"picked":"Amplify","floor":16},{"not_picked":["Undo+1","Hello World+1"],"picked":"Chill","floor":18},{"not_picked":["Steam","StSpp:Pointer"],"picked":"Self Repair","floor":19},{"not_picked":["Compile Driver","Barrage+1"],"picked":"Ball Lightning","floor":22},{"not_picked":["Sunder","Barrage"],"picked":"Gash+1","floor":23},{"not_picked":["Amplify","Go for the Eyes"],"picked":"Conserve Battery","floor":28},{"not_picked":["Darkness","Rebound"],"picked":"Gash+1","floor":29},{"not_picked":["Chaos+1","Cold Snap"],"picked":"Melter+1","floor":31}],"player_experience":184492,"relics_obtained":[{"floor":9,"key":"StSpp:SailorCap"},{"floor":23,"key":"Bottled Lightning"},{"floor":26,"key":"Dead Branch"}],"event_choices":[{"damage_healed":0,"gold_gain":0,"player_choice":"Grow","damage_taken":0,"max_hp_gain":0,"max_hp_loss":0,"event_name":"Living Wall","floor":2,"gold_loss":0,"cards_upgraded":["Chill"]},{"damage_healed":0,"gold_gain":100,"player_choice":"Gold","damage_taken":0,"max_hp_gain":0,"max_hp_loss":0,"event_name":"Wheel of Change","floor":3,"gold_loss":0},{"damage_healed":0,"gold_gain":0,"player_choice":"Take Wound","damage_taken":0,"relics_obtained":["Golden Idol"],"max_hp_gain":0,"max_hp_loss":0,"event_name":"Golden Idol","floor":14,"gold_loss":0,"cards_obtained":["Injury"]},{"damage_healed":0,"gold_gain":0,"player_choice":"Ignored","damage_taken":0,"max_hp_gain":0,"max_hp_loss":0,"event_name":"Ghosts","floor":24,"gold_loss":0},{"damage_healed":0,"gold_gain":0,"player_choice":"Gave Idol","damage_taken":0,"relics_obtained":["Bloody Idol"],"max_hp_gain":0,"max_hp_loss":0,"event_name":"Forgotten Altar","floor":30,"relics_lost":["Golden Idol"],"gold_loss":0}],"is_beta":false,"boss_relics":[{"not_picked":["StSpp:CrystalBall","Sozu"],"picked":"Cursed Key"}],"items_purged_floors":[],"is_endless":false,"potions_floor_spawned":[1,10,12,23,29,31],"killed_by":"Champ","ascension_level":0}}