{"host":"mydft8i2zzydgggw","time":1613467541,"event":{"mods":["AchievementEnabler","BaseMod","Colored Map","Colored Powertips","DeckTracker","Keyboard Shortcuts","Minty Spire (QoL Compilation)","Rare Cards Sparkle","StSLib","SuperFastMode","Together in Spire","everything is the same but u backflip on backflip"],"gold_per_floor":[112,125,136,61,61,86,86,116,116,134,134,145,145,145,145,145,145],"floor_reached":16,"language":"KOR","playtime":260,"items_purged":[],"score":207,"play_id":"437e05ad-14d5-4493-bdd5-5a92b2759712","local_time":"20210216182541","is_ascension_mode":true,"campfire_choices":[{"data":"Dualcast","floor":7,"key":"SMITH"},{"data":"Reboot","floor":15,"key":"SMITH"}],"circlet_count":0,"master_deck":["AscendersBane","Strike_B","Strike_B","Strike_B","Defend_B","Defend_B","Defend_B","Defend_B","Zap","Dualcast+1","Compile Driver","Ball Lightning","Beam Cell","Go for the Eyes","Self Repair","Reboot+1","Decay"],"relics":["Cracked Core","Centennial Puzzle","Emotion Chip","Singing Bowl","Oddly Smooth Stone","Question Card"],"acts_visited":["Exordium"],"potions_floor_usage":[8,14,16],"damage_taken":[{"damage":7,"enemies":"Jaw Worm","floor":1,"turns":3},{"damage":0,"enemies":"Small Slimes","floor":2,"turns":2},{"damage":1,"enemies":"Cultist","floor":3,"turns":3},{"damage":26,"enemies":"3 Sentries","floor":6,"turns":5},{"damage":13,"enemies":"Gremlin Nob","floor":8,"turns":3},{"damage":4,"enemies":"Red Slaver","floor":10,"turns":2},{"damage":16,"enemies":"2 Fungi Beasts","floor":12,"turns":3},{"damage":0,"enemies":"3 Louse","floor":14,"turns":1},{"damage":37,"enemies":"Slime Boss","floor":16,"turns":8}],"seed_played":"-4565149062906330316","potions_obtained":[{"floor":1,"key":"SmokeBomb"},{"floor":6,"key":"FocusPotion"},{"floor":10,"key":"PowerPotion"}],"is_trial":false,"path_per_floor":["M","M","M","?","T","E","R","E","T","M","?","M","?","M","R","B"],"character_chosen":"DEFECT","items_purchased":[],"campfire_rested":0,"item_purchase_floors":[],"current_hp_per_floor":[57,57,56,56,56,30,30,17,17,22,46,37,37,37,37,0,0],"gold":145,"neow_bonus":"RANDOM_COMMON_RELIC","is_daily":false,"chose_seed":false,"campfire_upgraded":2,"win_rate":0.0,"timestamp":1613467541,"path_taken":["M","M","M","?","?","E","R","E","T","M","?","M","?","M","R","BOSS"],"items_purchased_type":[],"build_version":"2020-12-22","purchased_purges":0,"victory":false,"max_hp_per_floor":[71,71,71,71,71,71,71,71,71,73,73,73,73,73,73,73,73],"card_choices":[{"not_picked":["Aggregate","Barrage"],"picked":"Compile Driver","floor":1},{"not_picked":["Conserve Battery","Storm"],"picked":"Ball Lightning","floor":2},{"not_picked":["Rebound","White Noise"],"picked":"Beam Cell","floor":3},{"not_picked":["Coolheaded","Redo"],"picked":"Go for the Eyes","floor":6},{"not_picked":["Redo","Turbo"],"picked":"Self Repair","floor":8},{"not_picked":["Cold Snap","Tempest","Stack","Capacitor"],"picked":"Singing Bowl","floor":10},{"not_picked":["Leap","Cold Snap","Sweeping Beam"],"picked":"Reboot","floor":12}],"player_experience":273163,"relics_obtained":[{"floor":5,"key":"Emotion Chip"},{"floor":6,"key":"Singing Bowl"},{"floor":8,"key":"Oddly Smooth Stone"},{"floor":9,"key":"Question Card"}],"event_choices":[{"cards_removed":["Strike_B"],"damage_healed":0,"gold_gain":0,"player_choice":"Card Removal","damage_taken":0,"max_hp_gain":0,"max_hp_loss":0,"event_name":"The Cleric","floor":4,"gold_loss":75},{"damage_healed":24,"gold_gain":0,"player_choice":"Banana","damage_taken":0,"max_hp_gain":0,"max_hp_loss":0,"event_name":"Big Fish","floor":11,"gold_loss":0},{"damage_healed":0,"gold_gain":0,"player_choice":"Cursed","damage_taken":0,"max_hp_gain":0,"max_hp_loss":0,"event_name":"Wheel of Change","floor":13,"gold_loss":0,"cards_obtained":["Decay"]}],"is_beta":false,"boss_relics":[],"items_purged_floors":[],"is_endless":false,"potions_floor_spawned":[1,6,10,14],"killed_by":"Slime Boss","ascension_level":17}}