{"host":"tzwikg9s6mkzv6w0","time":1613481008,"event":{"mods":["BaseMod","Good Game Mod","Minty Spire (QoL Compilation)","Spicy Shops","StSLib"],"gold_per_floor":[115,131,148,161,174,174,203,203,203,51,63,89,89,89,89,192,192,204,214,228,241,241,241],"floor_reached":22,"language":"ZHS","playtime":817,"items_purged":[],"score":220,"play_id":"9a98b308-21f3-430b-8035-89389dad3cc2","local_time":"20210216211008","is_ascension_mode":true,"campfire_choices":[{"data":"Chaos","floor":6.0,"key":"SMITH"},{"data":"Seek","floor":8.0,"key":"SMITH"},{"data":"MasterReality","floor":13,"key":"SMITH"},{"data":"Turbo","floor":15,"key":"SMITH"}],"circlet_count":0,"master_deck":["Zap","Dualcast","MasterReality+1","Reinforced Body","Chaos+1","Seek+1","Turbo+1","White Noise","Amplify","Coolheaded","Consume","Genetic Algorithm","Compile Driver","Genetic Algorithm","Core Surge","Streamline","Ball Lightning","Coolheaded"],"relics":["Cracked Core","REME:ComplimentaryCards","NeowsBlessing","Gambling Chip","Calipers","TheAbacus","Sundial","Pandora\u0027s Box"],"acts_visited":["Exordium","TheCity"],"potions_floor_usage":[12,12,20,21],"damage_taken":[{"damage":0.0,"enemies":"Cultist","floor":1.0,"turns":1.0},{"damage":0.0,"enemies":"Small Slimes","floor":2.0,"turns":1.0},{"damage":0.0,"enemies":"2 Louse","floor":3.0,"turns":1.0},{"damage":15.0,"enemies":"Red Slaver","floor":4.0,"turns":6.0},{"damage":6.0,"enemies":"Exordium Thugs","floor":5.0,"turns":6.0},{"damage":20.0,"enemies":"Lagavulin","floor":7.0,"turns":9.0},{"damage":0,"enemies":"Looter","floor":11,"turns":2},{"damage":5,"enemies":"3 Sentries","floor":12,"turns":6},{"damage":4,"enemies":"The Guardian","floor":16,"turns":15},{"damage":0,"enemies":"Chosen","floor":18,"turns":4},{"damage":19,"enemies":"Shell Parasite","floor":19,"turns":4},{"damage":14,"enemies":"Snake Plant","floor":20,"turns":4},{"damage":39,"enemies":"Chosen and Byrds","floor":21,"turns":5},{"damage":5,"enemies":"Sentry and Sphere","floor":22,"turns":2}],"seed_played":"-7457188108352772254","potions_obtained":[{"floor":2.0,"key":"EssenceOfDarkness"},{"floor":3.0,"key":"SkillPotion"},{"floor":5.0,"key":"SteroidPotion"},{"floor":12,"key":"Weak Potion"},{"floor":20,"key":"Weak Potion"},{"floor":21,"key":"SpeedPotion"}],"is_trial":false,"path_per_floor":["M","M","M","M","M","R","E","R","T","$","M","E","R","?","R","B",null,"M","M","M","M","M"],"character_chosen":"DEFECT","items_purchased":["TheAbacus"],"campfire_rested":0,"item_purchase_floors":[10],"current_hp_per_floor":[75,75,75,60,54,54,34,34,34,34,34,29,29,29,29,25,75,75,56,42,3,0,0],"gold":241,"neow_bonus":"THREE_ENEMY_KILL","is_daily":false,"chose_seed":false,"campfire_upgraded":4,"win_rate":0.0,"timestamp":1613481008,"path_taken":["M","M","?","M","M","R","E","R","T","$","M","E","R","?","R","BOSS","M","M","?","?","M"],"items_purchased_type":["Relic"],"build_version":"2020-12-22","purchased_purges":0,"victory":false,"max_hp_per_floor":[75,75,75,75,75,75,75,75,75,75,75,75,75,75,75,75,75,75,75,75,75,75,75],"card_choices":[{"not_picked":["Reinforced Body","Consume","Fusion"],"picked":"SKIP","floor":1.0},{"not_picked":["Consume","Fusion"],"picked":"Reinforced Body","floor":1.0},{"not_picked":["Gash","Streamline"],"picked":"Chaos","floor":2.0},{"not_picked":["Redo","Genetic Algorithm","Lockon"],"picked":"SKIP","floor":3.0},{"not_picked":["Ball Lightning","Leap"],"picked":"Seek","floor":4.0},{"not_picked":["Streamline","Blizzard"],"picked":"Turbo","floor":5.0},{"not_picked":["Stack","Redo","Compile Driver"],"picked":"SKIP","floor":7.0},{"not_picked":["Steam","Go for the Eyes","Multi-Cast"],"picked":"SKIP","floor":11},{"not_picked":["Reinforced Body","Rip and Tear"],"picked":"White Noise","floor":12},{"not_picked":["Hyperbeam","Thunder Strike"],"picked":"Amplify","floor":16},{"not_picked":["Rebound","Compile Driver+1","BootSequence"],"picked":"SKIP","floor":18},{"not_picked":["Gash","Hyperbeam","Redo"],"picked":"SKIP","floor":19},{"not_picked":["Sweeping Beam+1","Beam Cell"],"picked":"Ball Lightning","floor":20},{"not_picked":["Turbo","Ball Lightning"],"picked":"Coolheaded","floor":21}],"player_experience":98782,"relics_obtained":[{"floor":7.0,"key":"Gambling Chip"},{"floor":9.0,"key":"Calipers"},{"floor":12,"key":"Sundial"}],"event_choices":[{"cards_removed":["Strike_B"],"damage_healed":0,"gold_gain":0,"player_choice":"Purged","damage_taken":0,"max_hp_gain":0,"max_hp_loss":0,"event_name":"Purifier","floor":14,"gold_loss":0}],"is_beta":false,"boss_relics":[{"not_picked":["Calling Bell","Cursed Key"],"picked":"Pandora\u0027s Box"}],"items_purged_floors":[],"is_endless":false,"potions_floor_spawned":[2,3,5,12,20,21],"killed_by":"Sentry and Sphere","ascension_level":2}}