{"host":"clf2hd4adhiiw0zf","time":1613449932,"event":{"mods":["AchievementEnabler","BaseMod","Beaked The Cultist","Bestiary","Dark Map","Downfall","Gremlin Mod","Hermit","Jorbs\u0027s Wanderer Trilogy","Marisa????????","Minty Spire (QoL Compilation)","Shop Mod","StSLib","The Cursed","Wide Potions"],"gold_per_floor":[99,99,99,99,99,133,133,152,166,66,97,97,130,130,147,222,222,122,136,136,136,188,243,243,243,301,358,358,368,368,433,488,601,601,601,641,691,743,458,478,503,516,416,461,478,478,552,318,378,418,418,445,37,37,37,37,37,37],"floor_reached":56,"language":"ENG","playtime":2881,"items_purged":[],"score":1892,"play_id":"c4f1176d-4114-4931-ad2e-43fd0062bb52","local_time":"20210215213212","is_ascension_mode":true,"campfire_choices":[{"floor":1.0,"key":"RECALL"},{"floor":10.0,"key":"REST"},{"floor":12.0,"key":"REST"},{"data":"champ:Improvising","floor":18.0,"key":"SMITH"},{"data":"champ:LastStand","floor":28.0,"key":"SMITH"},{"floor":30.0,"key":"REST"},{"data":"champ:PerfectedStrike","floor":35.0,"key":"SMITH"},{"floor":43,"key":"REST"},{"floor":46,"key":"REST"},{"floor":54,"key":"REST"}],"circlet_count":0,"master_deck":["AscendersBane","champ:Strike","champ:Strike","champ:Defend","champ:Defend","champ:Defend","champ:Execute","champ:Taunt","champ:BringItOn","champ:BladeFlurry","champ:Duel","champ:LastStand","champ:Backstep","champ:StanceDance","champ:Circumvent","champ:PerfectedStrike","champ:PerfectedStrike+1","champ:TripleStrike","champ:PreciseThrust","champ:TornadoPunch","champ:Improvising+1","champ:ShieldSigil","champ:LastStand+1","champ:PerfectedStrike","champ:CheapShot","champ:BringItOn+1","champ:Circumvent+1","champ:ShieldWall","champ:IgnorePain","champ:AdrenalArmor+1","champ:HeavySlash+1","champ:CheapShot+1","champ:StanceDance+1","champ:GladiatorStyle","champ:VampiricStrike","champ:HoldFirm"],"relics":["champ:ChampionCrown","downfall:HeartsMalice","Prayer Wheel","Ice Cream","downfall:HeartBlessingRed","Orichalcum","Incense Burner","Calipers","bronze:MakeshiftBattery","downfall:HeartBlessingGreen","downfall:KnowingSkull","White Beast Statue","champ:DuelingGlove","Astrolabe","Membership Card","beaked:ShinyBauble","downfall:HeartBlessingBlue","Potion Belt","FossilizedHelix","Bottled Lightning","hexamod:CandleOfCauterizing","Akabeko","Bronze Scales","Frozen Eye","Bottled Flame"],"acts_visited":["Exordium","TheCity","TheBeyond","TheEnding"],"potions_floor_usage":[42,42,45,45,45,47,47,50,50,52,52,55,56],"damage_taken":[{"damage":0.0,"enemies":"Cultist","floor":2.0,"turns":1.0},{"damage":0.0,"enemies":"Small Slimes","floor":3.0,"turns":1.0},{"damage":0.0,"enemies":"Jaw Worm","floor":5.0,"turns":1.0},{"damage":59.0,"enemies":"Lagavulin","floor":6.0,"turns":7.0},{"damage":11.0,"enemies":"Blue Slaver","floor":8.0,"turns":4.0},{"damage":12.0,"enemies":"Lots of Slimes","floor":9.0,"turns":5.0},{"damage":23.0,"enemies":"Gremlin Nob","floor":11.0,"turns":4.0},{"damage":6.0,"enemies":"Lagavulin","floor":13.0,"turns":5.0},{"damage":8.0,"enemies":"Exordium Wildlife","floor":15.0,"turns":3.0},{"damage":0.0,"enemies":"SI_SHIV_ARCHETYPE","floor":16.0,"turns":5.0},{"damage":1.0,"enemies":"downfall:LooterAlt2","floor":19.0,"turns":4.0},{"damage":0.0,"enemies":"Chosen","floor":20.0,"turns":1.0},{"damage":11.0,"enemies":"3 Cultists","floor":22.0,"turns":5.0},{"damage":3.0,"enemies":"Snake Plant","floor":23.0,"turns":3.0},{"damage":3.0,"enemies":"Cultist and Chosen","floor":26.0,"turns":5.0},{"damage":3.0,"enemies":"Centurion and Healer","floor":27.0,"turns":5.0},{"damage":12.0,"enemies":"Snake Plant","floor":29.0,"turns":4.0},{"damage":31.0,"enemies":"Gremlin Leader","floor":31.0,"turns":7.0},{"damage":19.0,"enemies":"Chosen and Byrds","floor":32.0,"turns":4.0},{"damage":5.0,"enemies":"DF_ARCHETYPE_CLAW","floor":33.0,"turns":5.0},{"damage":3.0,"enemies":"3 Shapes","floor":36.0,"turns":5.0},{"damage":47.0,"enemies":"3 Darklings","floor":37.0,"turns":7.0},{"damage":10.0,"enemies":"Transient","floor":38.0,"turns":6.0},{"damage":14.0,"enemies":"downfall:FleeingMerchant","floor":39.0,"turns":5.0},{"damage":4.0,"enemies":"Sphere and 2 Shapes","floor":40.0,"turns":3.0},{"damage":3,"enemies":"3 Darklings","floor":42,"turns":5},{"damage":3,"enemies":"downfall:FleeingMerchant","floor":44,"turns":4},{"damage":24,"enemies":"Spire Growth","floor":45,"turns":3},{"damage":10,"enemies":"Giant Head","floor":47,"turns":6},{"damage":0,"enemies":"Sphere and 2 Shapes","floor":49,"turns":4},{"damage":15,"enemies":"IC_BLOCK_ARCHETYPE","floor":50,"turns":6},{"damage":88,"enemies":"downfall:CharBossMerchant","floor":52,"turns":11},{"damage":77,"enemies":"downfall:NeowBoss","floor":55,"turns":19},{"damage":100,"enemies":"downfall:NeowBossFinal","floor":56,"turns":8}],"seed_played":"6588538946935539637","potions_obtained":[{"floor":8.0,"key":"LiquidBronze"},{"floor":9.0,"key":"champ:OpenerPotion"},{"floor":11.0,"key":"BlessingOfTheForge"},{"floor":13.0,"key":"SpeedPotion"},{"floor":16.0,"key":"SteroidPotion"},{"floor":22.0,"key":"LiquidBronze"},{"floor":26.0,"key":"SpeedPotion"},{"floor":29.0,"key":"bronze:BurnAndBuffPotion"},{"floor":32.0,"key":"BlessingOfTheForge"},{"floor":33.0,"key":"SmokeBomb"},{"floor":37.0,"key":"SneckoOil"},{"floor":38.0,"key":"PowerPotion"},{"floor":40.0,"key":"LiquidBronze"},{"floor":42,"key":"Weak Potion"},{"floor":44,"key":"Energy Potion"},{"floor":45,"key":"SkillPotion"},{"floor":47,"key":"BlessingOfTheForge"},{"floor":49,"key":"PowerPotion"},{"floor":52,"key":"SpeedPotion"}],"is_trial":false,"path_per_floor":["R","M","M","?","M","E","T","M","M","R","E","R","E","?","M","B",null,"R","M","M","?","M","M","T","?","M","M","R","M","R","E","M","B",null,"R","M","M","M","$","M","T","M","R","$","M","R","E","$","M","B",null,"E","$","R","B","B"],"character_chosen":"THE_CHAMP","items_purchased":["Membership Card","beaked:ShinyBauble","Potion Belt","FossilizedHelix","SkillPotion","PowerPotion","hexamod:CandleOfCauterizing","Explosive Potion","Weak Potion","Guardian:BlockOnCardUsePotion","Bronze Scales","Frozen Eye","Bottled Flame","champ:HoldFirm","Energy Potion","AttackPotion"],"campfire_rested":6,"item_purchase_floors":[39,39,44,44,44,44,48,48,48,48,53,53,53,53,53,53],"current_hp_per_floor":[73,73,73,73,73,24,24,13,8,32,9,33,27,16,8,8,63,63,72,72,54,43,40,40,40,37,34,34,27,51,30,21,26,67,67,64,27,17,13,9,9,6,43,40,16,43,43,43,43,43,79,22,22,49,68,0,0,0],"gold":37,"neow_bonus":"THREE_ENEMY_KILL","is_daily":false,"chose_seed":false,"campfire_upgraded":3,"win_rate":0.0,"timestamp":1613449932,"path_taken":["R","M","?","?","M","E","T","M","M","R","E","R","E","?","M","BOSS","R","M","M","?","?","?","T","?","M","M","R","?","R","E","M","BOSS","R","M","M","M","$","M","T","M","R","?","M","R","E","$","M","BOSS","E","$","R","BOSS","BOSS"],"items_purchased_type":["Relic","Relic","Relic","Relic","Potion","Potion","Relic","Potion","Potion","Potion","Relic","Relic","Relic","Card","Potion","Potion"],"build_version":"2020-12-22","purchased_purges":0,"victory":false,"max_hp_per_floor":[81,81,81,81,81,81,81,81,81,81,81,81,81,81,81,81,81,81,81,81,81,81,81,81,81,81,81,81,81,81,81,81,81,81,81,81,81,81,81,81,81,81,91,91,91,91,91,91,91,91,91,91,91,91,91,91,91,91],"card_choices":[{"not_picked":["champ:GutPunch","champ:Lariat"],"picked":"champ:BringItOn","floor":2.0},{"not_picked":["champ:ShieldSigil","champ:Circumvent"],"picked":"champ:BladeFlurry","floor":3.0},{"not_picked":["champ:BerserkersShout","champ:CrookedStrike"],"picked":"champ:Duel","floor":5.0},{"not_picked":["champ:Backstep","champ:FocusedBerserking"],"picked":"champ:LastStand","floor":6.0},{"not_picked":["champ:CrownThrow","champ:Parry"],"picked":"champ:Backstep","floor":8.0},{"not_picked":["champ:DefensiveShout","champ:EndlessRage"],"picked":"champ:StanceDance","floor":8.0},{"not_picked":["champ:DefensiveShout","champ:BerserkersShout"],"picked":"champ:Circumvent","floor":9.0},{"not_picked":["champ:GutPunch","champ:Shatter"],"picked":"champ:PerfectedStrike","floor":9.0},{"not_picked":["champ:BringItOn","champ:DefensiveStyle"],"picked":"champ:PerfectedStrike","floor":11.0},{"not_picked":["champ:FancyFootwork","champ:ShieldWall"],"picked":"champ:TripleStrike","floor":13.0},{"not_picked":["champ:Haymaker","champ:DeathBlow"],"picked":"champ:PreciseThrust","floor":15.0},{"not_picked":["champ:GutPunch","champ:BladeFlurry"],"picked":"champ:TornadoPunch","floor":15.0},{"not_picked":["champ:StrikeOfGenius","champ:CheapShot"],"picked":"champ:Improvising","floor":16.0},{"not_picked":["champ:GutPunch+1","champ:Backstep","champ:Parry+1"],"picked":"SKIP","floor":19.0},{"not_picked":["champ:DefensiveShout","champ:Backstep","champ:HeartStrike"],"picked":"SKIP","floor":19.0},{"not_picked":["champ:FlashCut","champ:Haymaker"],"picked":"champ:ShieldSigil","floor":20.0},{"not_picked":["champ:TornadoPunch","champ:FocusedBerserking+1","champ:IronFortress"],"picked":"SKIP","floor":20.0},{"not_picked":["champ:RageSigil","champ:FalseCounter+1"],"picked":"champ:LastStand","floor":22.0},{"not_picked":["champ:GutPunch","champ:RageSigil","champ:AdrenalArmor"],"picked":"SKIP","floor":22.0},{"not_picked":["champ:DefensiveStyle","champ:EnragedBash"],"picked":"champ:PerfectedStrike","floor":23.0},{"not_picked":["champ:CrownThrow","champ:Haymaker","champ:BerserkersShout"],"picked":"SKIP","floor":23.0},{"not_picked":["champ:Haymaker","champ:FanOfKnives","champ:ArenaPreparation"],"picked":"SKIP","floor":26.0},{"not_picked":["champ:DefensiveShout","champ:Backstep","champ:BerserkersShout"],"picked":"SKIP","floor":26.0},{"not_picked":["champ:TornadoPunch","champ:DefensiveShout"],"picked":"champ:BringItOn+1","floor":27.0},{"not_picked":["champ:DeathBlow","champ:StanceDance","champ:FocusedBerserking"],"picked":"SKIP","floor":27.0},{"not_picked":["champ:BladeFlurry","champ:DefensiveShout","champ:GutPunch"],"picked":"SKIP","floor":29.0},{"not_picked":["champ:HeartStrike","champ:EndlessRage","champ:DancingMaster"],"picked":"SKIP","floor":29.0},{"not_picked":["champ:GutPunch","champ:BerserkerStyle+1","champ:ShieldSigil"],"picked":"SKIP","floor":31.0},{"not_picked":["champ:DefensiveShout+1","champ:Shatter"],"picked":"champ:Circumvent+1","floor":32.0},{"not_picked":["champ:ShieldSigil","champ:FlashCut"],"picked":"champ:ShieldWall","floor":32.0},{"not_picked":["champ:MurderStrike","champ:EnchantCrown"],"picked":"champ:IgnorePain","floor":33.0},{"not_picked":["champ:BerserkersShout+1","champ:FocusedBerserking"],"picked":"champ:StanceDance+1","floor":37.0},{"not_picked":["champ:GutPunch","champ:ShieldSigil","champ:FanOfKnives"],"picked":"SKIP","floor":37.0},{"not_picked":["champ:FanOfKnives","champ:BringItOn+1","champ:PreemptiveStrike"],"picked":"SKIP","floor":38.0},{"not_picked":["champ:EnGarde","champ:StanceDance","champ:Shatter"],"picked":"SKIP","floor":38.0},{"not_picked":["champ:FlashCut+1","champ:Parry","champ:FanOfKnives"],"picked":"SKIP","floor":39.0},{"not_picked":["champ:GutPunch","champ:EnGarde","champ:CrownThrow"],"picked":"SKIP","floor":40.0},{"not_picked":["champ:CrownThrow","champ:FlashCut","champ:Backstep+1"],"picked":"SKIP","floor":40.0},{"not_picked":["champ:FocusedDefense+1","champ:ShieldThrow"],"picked":"champ:GladiatorStyle","floor":42},{"not_picked":["champ:StanceDance","champ:FanOfKnives+1","champ:Lariat"],"picked":"SKIP","floor":42},{"not_picked":["champ:DancingMaster","champ:RapidStrikes","champ:BladeFlurry+1"],"picked":"SKIP","floor":44},{"not_picked":["champ:ShieldSlam","champ:RageSigil","champ:CalledShot"],"picked":"SKIP","floor":45},{"not_picked":["champ:Circumvent","champ:DeathBlow","champ:FanOfKnives"],"picked":"SKIP","floor":45},{"not_picked":["champ:FocusedDefense","champ:EnGarde","champ:ShieldSigil"],"picked":"SKIP","floor":47},{"not_picked":["champ:PreciseThrust","champ:EndlessRage+1","champ:StanceDance"],"picked":"SKIP","floor":49},{"not_picked":["champ:CalledShot","champ:PerfectedStrike","champ:StanceDance"],"picked":"SKIP","floor":49},{"not_picked":["champ:AdrenalArmor","champ:CrookedStrike"],"picked":"champ:VampiricStrike","floor":52}],"player_experience":321580,"relics_obtained":[{"floor":6.0,"key":"Prayer Wheel"},{"floor":7.0,"key":"Ice Cream"},{"floor":11.0,"key":"Orichalcum"},{"floor":13.0,"key":"Incense Burner"},{"floor":24.0,"key":"White Beast Statue"},{"floor":31.0,"key":"champ:DuelingGlove"},{"floor":47,"key":"Bottled Lightning"},{"floor":52,"key":"Akabeko"}],"event_choices":[{"damage_healed":0.0,"max_hp_gain":0.0,"max_hp_loss":0.0,"gold_gain":0.0,"event_name":"Scrap Ooze","player_choice":"Success","floor":14.0,"gold_loss":0.0,"damage_taken":11.0,"relics_obtained":["Calipers"]}],"is_beta":false,"boss_relics":[{"not_picked":["champ:ChampionCrownUpgraded","Calling Bell"],"picked":"bronze:MakeshiftBattery"},{"not_picked":["Coffee Dripper","Snecko Eye"],"picked":"Astrolabe"}],"items_purged_floors":[],"is_endless":false,"potions_floor_spawned":[8,9,11,13,16,22,26,27,29,31,32,33,36,37,38,39,40,42,44,45,47,49,52],"killed_by":"downfall:NeowBossFinal","ascension_level":19}}