{"host":"uv5ws9rdk87e8i5k","time":1613485104,"event":{"mods":["AchievementEnabler","BaseMod","Colored Map","Minty Spire (QoL Compilation)","Permanent Neow","Quick Restart","StSLib","SuperFastMode","The Necromancer"],"gold_per_floor":[109,126,140,151,151,182,182,212,235,235,235],"floor_reached":10,"language":"ENG","playtime":271,"items_purged":[],"score":101,"play_id":"9e1cfceb-eba2-4c48-ab70-4e75cdf21039","local_time":"20210216081824","is_ascension_mode":true,"campfire_choices":[{"data":"White Noise","floor":7.0,"key":"SMITH"}],"circlet_count":0,"master_deck":["Strike_B","Strike_B","Strike_B","Strike_B","Defend_B","Defend_B","Defend_B","Defend_B","Zap","Dualcast","Electrodynamics","Coolheaded","Turbo","Capacitor","White Noise+1","Echo Form"],"relics":["Cracked Core","Juzu Bracelet","Dream Catcher","Anchor"],"acts_visited":["Exordium"],"potions_floor_usage":[],"damage_taken":[{"damage":8.0,"enemies":"Small Slimes","floor":1.0,"turns":2.0},{"damage":0.0,"enemies":"Jaw Worm","floor":2.0,"turns":4.0},{"damage":0.0,"enemies":"2 Louse","floor":3.0,"turns":2.0},{"damage":7.0,"enemies":"Looter","floor":4.0,"turns":4.0},{"damage":24.0,"enemies":"Lagavulin","floor":6.0,"turns":7.0},{"damage":33.0,"enemies":"Gremlin Nob","floor":8.0,"turns":4.0},{"damage":13,"enemies":"Lagavulin","floor":10,"turns":5}],"seed_played":"-5174087744859265497","potions_obtained":[{"floor":1.0,"key":"DistilledChaos"},{"floor":3.0,"key":"SpeedPotion"}],"is_trial":false,"path_per_floor":["M","M","M","M","?","E","R","E","T","E"],"character_chosen":"DEFECT","items_purchased":[],"campfire_rested":0,"item_purchase_floors":[],"current_hp_per_floor":[60,60,60,53,68,44,44,11,11,0,0],"gold":235,"neow_bonus":"THREE_RARE_CARDS","is_daily":false,"chose_seed":false,"campfire_upgraded":1,"win_rate":0.0,"timestamp":1613485104,"path_taken":["M","M","M","M","?","E","R","E","T","E"],"items_purchased_type":[],"build_version":"2020-12-22","purchased_purges":0,"victory":false,"max_hp_per_floor":[68,68,68,68,68,68,68,68,68,68,68],"card_choices":[{"not_picked":["Reboot","All For One"],"picked":"Electrodynamics","floor":0.0},{"not_picked":["Rip and Tear","Gash"],"picked":"Coolheaded","floor":1.0},{"not_picked":["Chaos","Auto Shields"],"picked":"Turbo","floor":2.0},{"not_picked":["Lockon","Rebound","Fusion"],"picked":"SKIP","floor":3.0},{"not_picked":["Go for the Eyes","Coolheaded"],"picked":"Capacitor","floor":4.0},{"not_picked":["Barrage","Hologram"],"picked":"White Noise","floor":6.0},{"not_picked":["Tempest","Recycle"],"picked":"Echo Form","floor":8.0}],"player_experience":205778,"relics_obtained":[{"floor":6.0,"key":"Juzu Bracelet"},{"floor":8.0,"key":"Dream Catcher"},{"floor":9.0,"key":"Anchor"}],"event_choices":[{"damage_healed":22.0,"max_hp_gain":0.0,"max_hp_loss":0.0,"gold_gain":0.0,"event_name":"Big Fish","player_choice":"Banana","floor":5.0,"gold_loss":0.0,"damage_taken":0.0}],"is_beta":false,"boss_relics":[],"items_purged_floors":[],"is_endless":false,"potions_floor_spawned":[1,3],"killed_by":"Lagavulin","ascension_level":6}}