{"host":"5td1gsj4mnrioltg","time":1613470209,"event":{"mods":["2.2 Compatiblity","AchievementEnabler","Act Like it!","Aspiration","BaseMod","Beaked The Cultist","Better Altar","Better Match","Better Note","Better Sensory Stone","Better Silent Start","Better Skull","Better Third Choice","Better Vampires","BetterRewards","Bossed Relics","Colored Map","Colored Powertips","Displayed Cursed Tome","Downfall","Emptier Cage","Evolution","Friendly Minions","GifTheSpireLib","Highlight Path","Ironclad Rager","Jedi Mod","JesterMod","Mad Scientist","Menagerie","Minty Spire (QoL Compilation)","Permanent Neow","Quick Restart","Reliquary","Replay The Spire","Reworked Bosses","Shade Mod","Shapeshifter Mod","Spicy Shops","StSLib","The Blue Laboratory","The Dragon Tamer","The Dragonkin","The Druid","The Elementalist","The Marked","The Necromancer","The Runesmith","Thieving Mod","Transform Curses","Wandering Minibosses"],"gold_per_floor":[116,130,130,130,150,179,179,194,248,248,264,35,35,51,51,146,146,158,181,181,197,44,44,44],"floor_reached":23,"language":"ENG","playtime":1247,"items_purged":["StSShapeShifter:SunflowerShuriken","StSShapeShifter:SunflowerShuriken"],"score":241,"play_id":"6d121994-5bef-48a0-bfce-dfcb9ae2dad5","local_time":"20210216021009","is_ascension_mode":false,"campfire_choices":[{"data":"StSShapeShifter:UnicornForm","floor":7.0,"key":"SMITH"},{"data":"StSShapeShifter:BloomingSlash","floor":10.0,"key":"SMITH"},{"data":"StSShapeShifter:BaskInBloom","floor":15.0,"key":"SMITH"}],"circlet_count":0,"master_deck":["StSShapeShifter:ShapeShifter_Strike","StSShapeShifter:ShapeShifter_Strike","StSShapeShifter:ShapeShifter_Strike","StSShapeShifter:ShapeShifter_Defend","StSShapeShifter:ShapeShifter_Defend","StSShapeShifter:ShapeShifter_Defend","StSShapeShifter:ShapeShifter_Defend","StSShapeShifter:ShapeShifter_Defend","StSShapeShifter:Tortoise_Form","StSShapeShifter:Lynx_Form","StSShapeShifter:UnicornForm+1","StSShapeShifter:BloomingSlash+1","StSShapeShifter:BaskInBloom+1","StSShapeShifter:AdaptiveStrikes","StSShapeShifter:BarkSkin","Purity","StSShapeShifter:Ensconce"],"relics":["StSShapeShifter:AnimalHeart","StSShapeShifter:TheShapeShiftersMagnolia","EVO:Axolotl","NeowsBlessing","Runesmith:Nanobots","White Beast Statue","Strawberry","jesterMod:MachoBrace","Replay:Baseball","Membership Card"],"acts_visited":["Exordium","TheCity"],"potions_floor_usage":[16,18,18,23],"damage_taken":[{"damage":0.0,"enemies":"Small Slimes","floor":1.0,"turns":1.0},{"damage":0.0,"enemies":"2 Louse","floor":2.0,"turns":1.0},{"damage":0.0,"enemies":"Jaw Worm","floor":5.0,"turns":1.0},{"damage":21.0,"enemies":"Replay:BlueRogue","floor":6.0,"turns":8.0},{"damage":3.0,"enemies":"Exordium Thugs","floor":8.0,"turns":6.0},{"damage":0.0,"enemies":"Blue Slaver","floor":11.0,"turns":3.0},{"damage":8.0,"enemies":"Red Slaver","floor":14.0,"turns":5.0},{"damage":0,"enemies":"The Guardian","floor":16,"turns":11},{"damage":22,"enemies":"Spheric Guardian","floor":18,"turns":7},{"damage":21,"enemies":"Chosen","floor":21,"turns":10},{"damage":49,"enemies":"Book of Stabbing","floor":23,"turns":7}],"seed_played":"5040613266500468697","potions_obtained":[{"floor":1.0,"key":"BlessingOfTheForge"},{"floor":8.0,"key":"SpeedPotion"},{"floor":11.0,"key":"blueLaboratory:LouseDecoction"},{"floor":14.0,"key":"Flashbang"},{"floor":16,"key":"blueLaboratory:FruitPunch"},{"floor":18,"key":"PowerPotion"},{"floor":20,"key":"EssenceOfSteel"}],"is_trial":false,"path_per_floor":["M","M","?","?","M","E","R","M","T","R","M","$","?","M","R","B",null,"M","T","?","M","$","E"],"character_chosen":"SHAPESHIFTER","items_purchased":["StSShapeShifter:AdaptiveStrikes","Membership Card"],"campfire_rested":0,"item_purchase_floors":[12,22],"current_hp_per_floor":[78,78,60,60,60,39,39,36,43,43,43,43,43,35,35,35,85,65,65,65,44,44,0,0],"gold":44,"neow_bonus":"THREE_ENEMY_KILL","is_daily":false,"chose_seed":false,"campfire_upgraded":3,"win_rate":0.0,"timestamp":1613470209,"path_taken":["M","M","?","?","?","E","R","M","T","R","M","$","?","M","R","BOSS","M","?","?","M","$","E"],"items_purchased_type":["Card","Relic"],"build_version":"2020-12-22","purchased_purges":2,"victory":false,"max_hp_per_floor":[78,78,78,78,78,78,78,78,85,85,85,85,85,85,85,85,85,87,87,87,87,87,87,87],"card_choices":[{"not_picked":["StSShapeShifter:TopazSkin","StSShapeShifter:ShiftingStrike","StSShapeShifter:Rest"],"picked":"SKIP","floor":1.0},{"not_picked":["StSShapeShifter:Maul","StSShapeShifter:HippoForm","StSShapeShifter:RockSlide"],"picked":"SKIP","floor":2.0},{"not_picked":["StSShapeShifter:Maul","StSShapeShifter:HippoForm","StSShapeShifter:RockSlide"],"picked":"SKIP","floor":2.0},{"not_picked":["StSShapeShifter:ThornedSkin","StSShapeShifter:ThornToss","StSShapeShifter:ForestFire"],"picked":"SKIP","floor":5.0},{"not_picked":["StSShapeShifter:RitualOfTheExtinct","StSShapeShifter:FlowerShield","StSShapeShifter:Maul"],"picked":"SKIP","floor":6.0},{"not_picked":["StSShapeShifter:ThornedSkin","StSShapeShifter:Rest"],"picked":"StSShapeShifter:BloomingSlash","floor":8.0},{"not_picked":["StSShapeShifter:Maul","StSShapeShifter:FesteringBite"],"picked":"StSShapeShifter:BaskInBloom","floor":11.0},{"not_picked":["Dramatic Entrance","Swift Strike"],"picked":"Purity","floor":13.0},{"not_picked":["StSShapeShifter:BulwarkOfDiscovery","StSShapeShifter:ShiftingStrike","StSShapeShifter:Roar"],"picked":"SKIP","floor":14.0},{"not_picked":["StSShapeShifter:MonkeyForm+1","StSShapeShifter:AdaptiveStrikes","StSShapeShifter:ThornToss"],"picked":"SKIP","floor":18},{"not_picked":["StSShapeShifter:BulwarkOfDiscovery","StSShapeShifter:PorcupineForm"],"picked":"StSShapeShifter:Ensconce","floor":21}],"player_experience":1361952,"relics_obtained":[{"floor":6.0,"key":"White Beast Statue"},{"floor":9.0,"key":"Strawberry"},{"floor":19,"key":"Replay:Baseball"}],"event_choices":[{"damage_healed":0.0,"max_hp_gain":0.0,"max_hp_loss":0.0,"gold_gain":1.0,"event_name":"betterThird:BetterScrap","player_choice":"Relic ","floor":3.0,"gold_loss":0.0,"damage_taken":18.0,"cards_obtained":["After Image"]},{"damage_healed":0.0,"max_hp_gain":0.0,"max_hp_loss":0.0,"gold_gain":1.0,"event_name":"betterStone:BetterStone","player_choice":"1","floor":13.0,"gold_loss":0.0,"damage_taken":0.0},{"damage_healed":0,"gold_gain":0,"player_choice":"Got Potions","damage_taken":0,"max_hp_gain":0,"max_hp_loss":0,"event_name":"Lab","floor":20,"gold_loss":0}],"is_beta":false,"boss_relics":[{"not_picked":["Honey Jar","ChewingGum"],"picked":"jesterMod:MachoBrace"}],"items_purged_floors":[12,12],"is_endless":false,"potions_floor_spawned":[1,8,11,14,16,18,21],"killed_by":"Book of Stabbing","ascension_level":0}}