{"host":"ecuvtzmejf7hhjpv","time":1613442129,"event":{"mods":["AchievementEnabler","Act Like it!","Aspiration","BaseMod","Better Altar","Better Match","Better Note","Better Sensory Stone","Better Skull","Better Third Choice","BetterRewards","Conspire","Custom Start","Downfall","Gensokyo","GifTheSpireLib","Hallownest","Hermit","Hubris","Kratos Character Expansion","Luminous","Marisa????????","Minty Spire (QoL Compilation)","Prisma Mod","Remilia??????","Replay The Spire","Robot Space Explorer","Spicy Shops","StSLib","The Animator","The Blackbeard","The Bug Knight","The Construct","The Cursed","The Disciple","The Dragon Tamer","The Forsaken","The Hierophant","The Jungle","The Marked","The Necromancer","The Poker Player","The Wild Card","TheSwordswoman"],"gold_per_floor":[117,142,158,8,27,27,44,77,151,169,182,215,215,215,215,310,310,326,340,351,195,120,152,152,167,194,228,238,85,85,111,111,208,208,298,298,280,280,280,280,386,333,359,359,359,359],"floor_reached":44,"language":"ENG","playtime":1398,"items_purged":["Writhe"],"score":659,"play_id":"ef21ca8f-3b96-423d-a2ac-8ceb9438637c","local_time":"20210215202209","is_ascension_mode":true,"metric_token":2835,"campfire_choices":[{"data":"DTMod:SwitchingTactic","floor":6,"key":"SMITH"},{"data":"Armaments","floor":24,"key":"SMITH"},{"data":"DTMod:Training","floor":32,"key":"SMITH"},{"floor":40,"key":"RECALL"}],"dtmod_dragon_data":[0,50,2,4,12,7],"circlet_count":0,"master_deck":["DTMod:Strike","DTMod:Strike","DTMod:Strike","DTMod:Strike","DTMod:DoubleHit","DTMod:TargetDefense","DTMod:TargetDefense","DTMod:TargetDefense","DTMod:TargetDefense","DTMod:SwitchingTactic+1","DTMod:Weaken","DTMod:QuickFly","DTMod:InvisibleFlame+1","DTMod:QuickFly","DTMod:ShieldDrain","DTMod:FlameSlash","DTMod:ComboAttack","DTMod:Training+1","DTMod:DarkBreath","DTMod:EchoTactic","Inflame+1","DTMod:DragonDance","Discovery+1","Armaments+1","Shrug It Off+1","DTMod:Multitask","DTMod:HeatWave+1","Demon Form","DTMod:DragonDance+1","DTMod:CalculatedDefense","Finesse","Finesse"],"relics":["DTMod:PactStone","aspiration:Nostalgia","PrismaMod:PrismaRuby","Blue Doll","hubris:SlimyHat","Sundial","aspiration:ArtOfWarUpgrade","aspiration:IroncladSkillbook","Tiny Chest","Bag of Preparation","aspiration:SeaSaltIceCream","hubris:CuriousFeather","ReplayFunnel","Shuriken","Replay:Bronze Core","ReplayTheSpireMod:CursedCoin","Gremlin Food","hubris:ToyBattleship"],"acts_visited":["Exordium","TheCity","TheBeyond"],"potions_floor_usage":[12,19,28,28,31,44,44],"damage_taken":[{"damage":0,"enemies":"Cultist","floor":1,"turns":4},{"damage":0,"enemies":"2 Louse","floor":3,"turns":2},{"damage":0,"enemies":"conspire:RoseBush","floor":5,"turns":2},{"damage":0,"enemies":"3 Louse","floor":7,"turns":2},{"damage":1,"enemies":"HollowMod:MossKnight","floor":8,"turns":5},{"damage":0,"enemies":"Blue Slaver","floor":10,"turns":3},{"damage":0,"enemies":"Red Slaver","floor":11,"turns":2},{"damage":0,"enemies":"3 Sentries","floor":12,"turns":3},{"damage":0,"enemies":"The Guardian","floor":16,"turns":7},{"damage":8,"enemies":"Shell Parasite","floor":18,"turns":5},{"damage":5,"enemies":"Snecko","floor":19,"turns":5},{"damage":0,"enemies":"conspire:HollyBat","floor":20,"turns":7},{"damage":6,"enemies":"Replay:Snechameleon","floor":23,"turns":6},{"damage":1,"enemies":"Chosen and Byrds","floor":25,"turns":6},{"damage":0,"enemies":"HollowMod:Nosk","floor":27,"turns":6},{"damage":0,"enemies":"Centurion and Healer","floor":28,"turns":5},{"damage":4,"enemies":"Gremlin Leader","floor":31,"turns":4},{"damage":30,"enemies":"Automaton","floor":33,"turns":7},{"damage":0,"enemies":"Orb Walker","floor":35,"turns":3},{"damage":9,"enemies":"Giant Head","floor":41,"turns":7},{"damage":43,"enemies":"Reptomancer","floor":44,"turns":2}],"seed_played":"-8934980772469265259","potions_obtained":[{"floor":3,"key":"Weak Potion"},{"floor":10,"key":"AttackPotion"},{"floor":11,"key":"Guardian:BlockOnCardUsePotion"},{"floor":20,"key":"hexamod:SoulburnPotion"},{"floor":25,"key":"Toxic Potion"},{"floor":31,"key":"LifebloodPotion"},{"floor":33,"key":"GamblersBrew"}],"is_trial":false,"path_per_floor":["M","T","M","$","M","R","M","E","T","M","M","E","R","?","R","B",null,"M","M","M","$","?","E","R","M","T","E","M","$","?","E","R","B",null,"M","?","$","T","?","R","E","$","T","E"],"character_chosen":"THE_DT","items_purchased":["DTMod:InvisibleFlame+1","Tiny Chest","ReplayFunnel","DTMod:CalculatedDefense","ReplayTheSpireMod:CursedCoin","Finesse"],"campfire_rested":0,"item_purchase_floors":[4,21,29,37,37,42],"current_hp_per_floor":[45,45,45,45,45,45,45,44,44,44,44,44,44,44,44,44,45,41,40,44,44,44,42,42,45,45,45,45,45,45,45,45,19,45,45,45,45,45,45,45,40,40,40,0,0,0],"gold":359,"neow_bonus":"NOSTALGIA","is_daily":false,"chose_seed":false,"campfire_upgraded":3,"win_rate":0.0,"timestamp":1613442129,"path_taken":["M","?","M","$","?","R","M","E","T","M","M","E","R","?","R","BOSS","M","M","M","$","?","E","R","M","T","E","M","$","?","E","R","BOSS","M","?","$","?","?","R","E","$","T","E"],"items_purchased_type":["Card","Relic","Relic","Card","Relic","Card"],"build_version":"2020-12-22","purchased_purges":1,"victory":false,"max_hp_per_floor":[45,45,45,45,45,45,45,45,45,45,45,45,45,45,45,45,45,45,45,45,45,45,45,45,45,45,45,45,45,45,45,45,45,45,45,45,45,45,45,45,45,45,45,45,45,45],"card_choices":[{"not_picked":["DTMod:MasterPlan","DTMod:Adaptation"],"picked":"DTMod:Weaken","floor":1},{"not_picked":["DTMod:Overwhelm","DTMod:Threaten"],"picked":"DTMod:QuickFly","floor":3},{"not_picked":["DTMod:Cover","DTMod:BizarreTactic"],"picked":"DTMod:QuickFly","floor":5},{"not_picked":["DTMod:Threaten","DTMod:Conduct"],"picked":"DTMod:ShieldDrain","floor":7},{"not_picked":["DTMod:InvisibleFlame","DTMod:BlazingStrike"],"picked":"DTMod:FlameSlash","floor":8},{"not_picked":["DTMod:HeadStart","DTMod:Adaptation"],"picked":"DTMod:ComboAttack","floor":10},{"not_picked":["DTMod:Feint","DTMod:FlameSlash"],"picked":"DTMod:Training","floor":11},{"not_picked":["DTMod:TauntingStrike","DTMod:BuildUp"],"picked":"DTMod:DarkBreath","floor":12},{"not_picked":["DTMod:OpeningTactic","DTMod:StunTrap"],"picked":"DTMod:EchoTactic","floor":16},{"not_picked":["Heavy Blade","Warcry","conspire:Charge"],"picked":"Inflame+1","floor":18},{"not_picked":["DTMod:BizarreTactic","Perfected Strike","Replay:Undeath\u0027s Touch","DTMod:Punisher"],"picked":"SKIP","floor":19},{"not_picked":["Iron Wave+1","Armaments","DTMod:Punisher"],"picked":"DTMod:DragonDance","floor":20},{"not_picked":["Specialist+1","hubris:Ssssneak+1","Survey Options+1"],"picked":"Discovery+1","floor":22},{"not_picked":["DTMod:ComboAttack","DTMod:StarRain+1","DTMod:TauntingStrike"],"picked":"Armaments","floor":23},{"not_picked":["Clothesline","DTMod:Cover","DTMod:MasterPlan","Headbutt"],"picked":"SKIP","floor":25},{"not_picked":["DTMod:BuildUp","Rupture","Entrench"],"picked":"Shrug It Off+1","floor":27},{"not_picked":["DTMod:MasterPlan+1","DTMod:BuildUp+1","DTMod:CleansingStrike+1"],"picked":"DTMod:Multitask","floor":28},{"not_picked":["Offering","DTMod:BurningEnergy","DTMod:TauntingStrike"],"picked":"DTMod:HeatWave+1","floor":31},{"not_picked":["Exhume","DTMod:Prediction","DTMod:GearUp"],"picked":"Demon Form","floor":33},{"not_picked":["Sever Soul","DTMod:Punisher+1","DTMod:CleansingStrike"],"picked":"DTMod:DragonDance+1","floor":35},{"not_picked":["Clash+1","DTMod:Astonish","DTMod:QuickFly+1","DTMod:MagicField+1"],"picked":"SKIP","floor":41}],"player_experience":1194776,"relics_obtained":[{"floor":2,"key":"Blue Doll"},{"floor":8,"key":"hubris:SlimyHat"},{"floor":9,"key":"Sundial"},{"floor":12,"key":"Art of War"},{"floor":26,"key":"Bag of Preparation"},{"floor":27,"key":"aspiration:SeaSaltIceCream"},{"floor":31,"key":"Shuriken"},{"floor":41,"key":"Gremlin Food"},{"floor":43,"key":"hubris:ToyBattleship"}],"event_choices":[{"damage_healed":0,"gold_gain":0,"player_choice":"2","damage_taken":0,"max_hp_gain":0,"max_hp_loss":0,"event_name":"betterMatch:BetterMatch","floor":22,"gold_loss":0,"cards_obtained":["betterMatch:ColorlessUncommonCard"]},{"damage_healed":0,"gold_gain":0,"player_choice":"Ignored","damage_taken":0,"max_hp_gain":0,"max_hp_loss":0,"event_name":"betterNote:BetterNote","floor":30,"gold_loss":0,"cards_obtained":["Strike_G"]},{"damage_healed":0,"gold_gain":0,"player_choice":"Leave","damage_taken":0,"max_hp_gain":0,"max_hp_loss":0,"event_name":"conspire:Investor","floor":36,"gold_loss":0}],"is_beta":false,"boss_relics":[{"not_picked":["aspiration:PoetsPen_weak","construct:ClawGrip"],"picked":"aspiration:IroncladSkillbook"},{"not_picked":["conspire:SeveredTorchhead","SacredBark"],"picked":"Replay:Bronze Core"}],"items_purged_floors":[37],"is_endless":false,"potions_floor_spawned":[3,10,11,20,25,31,33],"killed_by":"Reptomancer","ascension_level":1}}