{"host":"rq6soridv5n2augj","time":1613468368,"event":{"mods":["BaseMod","Downfall","Googly Eyes","Hermit","Marisa????????","Minty Spire (QoL Compilation)","READ ME - Guardian Mod","Remilia??????","Replay The Spire","StSLib","The Animator","The Cursed","The Hierophant","The Necromancer","The Senshi","The Servant 0.9.4"],"gold_per_floor":[115,115,132,146,146,146,146],"floor_reached":6,"language":"ENG","playtime":72,"items_purged":[],"score":36,"play_id":"e8121ede-7fe3-4dc1-a7e0-db8c63aaef6f","local_time":"20210216013928","is_ascension_mode":false,"campfire_choices":[],"circlet_count":1,"master_deck":["hierophant:Strike_Hierophant","hierophant:Strike_Hierophant","hierophant:Strike_Hierophant","hierophant:Punish","hierophant:Defend_Hierophant","hierophant:Defend_Hierophant","hierophant:Defend_Hierophant","hierophant:Defend_Hierophant","hierophant:ChurchCoffers","hierophant:Patience","hierophant:AuricBeam","hierophant:MorningPrayer","hierophant:MorningPrayer","Regret"],"relics":["hierophant:PropheticMaskRelic","NeowsBlessing","Circlet"],"acts_visited":[],"potions_floor_usage":[],"damage_taken":[{"damage":0.0,"enemies":"2 Louse","floor":1.0,"turns":1.0},{"damage":0.0,"enemies":"Small Slimes","floor":3.0,"turns":1.0},{"damage":0.0,"enemies":"Cultist","floor":4.0,"turns":1.0},{"damage":0,"enemies":"3 Sentries","floor":6,"turns":1}],"seed_played":"8919647321019798987","potions_obtained":[{"floor":1.0,"key":"Energy Potion"}],"is_trial":false,"path_per_floor":["M","?","M","M","?","E"],"character_chosen":"HIEROPHANT","items_purchased":[],"campfire_rested":0,"item_purchase_floors":[],"current_hp_per_floor":[75,75,75,75,75,75,75],"gold":146,"neow_bonus":"THREE_ENEMY_KILL","is_daily":false,"chose_seed":false,"campfire_upgraded":0,"win_rate":0.0,"timestamp":1613468368,"path_taken":["M","?","M","M","?","E"],"items_purchased_type":[],"build_version":"2020-12-22","purchased_purges":0,"victory":false,"max_hp_per_floor":[75,75,75,75,75,75,75],"card_choices":[{"not_picked":["hierophant:SolarFlare","hierophant:Encroach"],"picked":"hierophant:Patience","floor":1.0},{"not_picked":["hierophant:Patience","hierophant:AuricShield"],"picked":"hierophant:MorningPrayer","floor":3.0},{"not_picked":["hierophant:Encroach","hierophant:Martyrdom"],"picked":"hierophant:MorningPrayer","floor":4.0}],"player_experience":359858,"relics_obtained":[],"event_choices":[{"damage_healed":0.0,"max_hp_gain":0.0,"max_hp_loss":0.0,"gold_gain":0.0,"cards_transformed":["hierophant:Strike_Hierophant"],"event_name":"Living Wall","player_choice":"Change","floor":2.0,"gold_loss":0.0,"damage_taken":0.0,"cards_obtained":["hierophant:AuricBeam"]},{"damage_healed":0.0,"max_hp_gain":0.0,"max_hp_loss":0.0,"gold_gain":0.0,"event_name":"Big Fish","player_choice":"Box","floor":5.0,"gold_loss":0.0,"damage_taken":0.0,"relics_obtained":["Dodecahedron"],"cards_obtained":["Regret"]}],"is_beta":false,"boss_relics":[],"items_purged_floors":[],"is_endless":false,"potions_floor_spawned":[1],"killed_by":"3 Sentries","ascension_level":0}}