{"host":"6affnl2vk6en9o4b","time":1613476695,"event":{"mods":["AchievementEnabler","Aspiration","BaseMod","BetterRewards","Colored Powertips","Conspire","Downfall","Friendly Minions","Googly Eyes","Highlight Path","Hubris","Infinite Spire","Minty Spire (QoL Compilation)","Quick Restart","Replay The Spire","StSLib","Unceasing Turn Reminder"],"gold_per_floor":[99,119,131,142,161,161,161,44,29,29,29,29],"floor_reached":10,"language":"ENG","playtime":1764,"items_purged":[],"score":58,"play_id":"57d07ddc-2c1b-463b-ae5c-4c7e9a465728","local_time":"20210216115815","is_ascension_mode":false,"campfire_choices":[{"floor":1,"key":"RECALL"}],"circlet_count":0,"master_deck":["champ:Strike","champ:Strike","champ:Strike","champ:Strike","champ:Defend","champ:Defend","champ:Defend","champ:Defend","champ:Execute","champ:Taunt","conspire:NecroticWound","champ:Improvising","champ:SwordSigil","champ:AdrenalArmor","champ:Shatter","champ:GladiatorStyle","champ:StanceDance","champ:ShieldWall","champ:Duel","champ:HeavySlash"],"relics":["champ:ChampionCrown"],"acts_visited":["Exordium"],"potions_floor_usage":[8],"damage_taken":[{"damage":15,"enemies":"conspire:RoseBush","floor":2,"turns":4},{"damage":10,"enemies":"Cultist","floor":3,"turns":4},{"damage":26,"enemies":"2 Louse","floor":4,"turns":3},{"damage":17,"enemies":"2 Fungi Beasts","floor":5,"turns":5},{"damage":10,"enemies":"downfall:FleeingMerchant","floor":8,"turns":4},{"damage":40,"enemies":"downfall:FleeingMerchant","floor":9,"turns":4},{"damage":63,"enemies":"3 Sentries","floor":10,"turns":6}],"seed_played":"-2079674826602618180","potions_obtained":[{"floor":2,"key":"Weak Potion"}],"is_trial":false,"path_per_floor":["R","M","M","M","M","?","T","$","$","E"],"character_chosen":"THE_CHAMP","items_purchased":["champ:ShieldWall","champ:Duel"],"campfire_rested":0,"item_purchase_floors":[8,8],"current_hp_per_floor":[90,85,85,84,77,77,77,77,62,0,0,0],"gold":29,"neow_bonus":"THREE_RARE_CARDS","is_daily":false,"chose_seed":false,"campfire_upgraded":0,"win_rate":0.0,"timestamp":1613476695,"path_taken":["R","M","M","M","M","?","T","?","$","E"],"items_purchased_type":["Card","Card"],"build_version":"2020-12-22","purchased_purges":0,"victory":false,"max_hp_per_floor":[90,90,90,90,90,90,90,90,90,90,90,90],"card_choices":[{"not_picked":["champ:TripleStrike","champ:LastStand"],"picked":"champ:Improvising","floor":0},{"not_picked":["champ:GutPunch","champ:DefensiveShout"],"picked":"champ:SwordSigil","floor":2},{"not_picked":["champ:BladeFlurry","champ:Backstep"],"picked":"champ:AdrenalArmor","floor":3},{"not_picked":["champ:BladeFlurry","champ:TornadoPunch"],"picked":"champ:Shatter","floor":4},{"not_picked":["champ:AdrenalArmor","champ:Circumvent"],"picked":"champ:GladiatorStyle","floor":5},{"not_picked":["champ:Circumvent","champ:CrownThrow"],"picked":"champ:StanceDance","floor":8},{"not_picked":["champ:FocusedDefense","champ:Endure"],"picked":"champ:HeavySlash","floor":9}],"player_experience":254234,"relics_obtained":[],"event_choices":[{"damage_healed":0,"gold_gain":0,"player_choice":"Ignored","damage_taken":0,"max_hp_gain":0,"max_hp_loss":0,"event_name":"NoteForYourself","floor":6,"gold_loss":0}],"is_beta":false,"boss_relics":[],"items_purged_floors":[],"is_endless":false,"potions_floor_spawned":[2],"killed_by":"3 Sentries","ascension_level":0}}