{"host":"xp5rvh2jwe2ejyfm","time":1613518317,"event":{"mods":["2.2 Compatiblity","Aspiration","BaseMod","Better Altar","Better Match","Better Note","Better Sensory Stone","Better Skull","BetterRewards","Colored Powertips","Conspire","Downfall","GifTheSpireLib","Gremlin Mod","GungeonMod","Hermit","Hubris","Jorbs\u0027s Wanderer Trilogy","Minty Spire (QoL Compilation)","Potionbrewer","Quick Restart","Replay The Spire","Robot Space Explorer","Shade Mod","Somnambulant","StSLib","The Bug Knight","The Clintock","The Construct","The Cursed","The Disciple","The Forsaken","The Hierophant","The Marked","The Necromancer","The Runesmith","The Servant 0.9.4","The Valiant","The Witch","TheFirefly","thorton"],"gold_per_floor":[112,127,127,37,48,77,77,94,94,19,35,50,50,75,75,171,171,191,142,153,172,172,172,186,186,186,221,221,265,285,313,313,421,421,441,467,105,125,125,125],"floor_reached":39,"language":"ENG","playtime":1541,"items_purged":[],"score":460,"play_id":"ffc1ec9b-78df-46bf-ad2e-64ff3973aca9","local_time":"20210216183157","is_ascension_mode":false,"campfire_choices":[{"floor":13,"key":"REST"},{"floor":15,"key":"REST"},{"floor":23,"key":"RECALL"},{"data":"theMarked:RogueSparks","floor":25,"key":"SMITH"},{"data":"theMarked:EmpowerWeapon","floor":32,"key":"SMITH"}],"circlet_count":0,"master_deck":["theMarked:Strike","theMarked:Strike","theMarked:Strike","theMarked:Strike","theMarked:Strike","theMarked:Defend","theMarked:Defend","theMarked:Defend","theMarked:SoldierOfQuellstein","theMarked:SwordAndMagic","theMarked:ChainLightning","theMarked:SwordAndMagic","theMarked:Opportunist","theMarked:Aftermath","theMarked:EmpowerWeapon","theMarked:BanishingStrike","theMarked:MagusForm+1","theMarked:BanishingWave","theMarked:RogueSparks+1","theMarked:ShockingTouch","theMarked:AttractMetal","theMarked:TunnelVision","theMarked:BiggerThanFate","theMarked:AttractMetal+1","theMarked:BanishingStrike","theMarked:HeightenedSenses","theMarked:ChainLightning+1","theMarked:ResourceFulStrike+1","theMarked:ChainLightning+1","theMarked:Heritage","theMarked:ElectricStrings","theMarked:EmpowerWeapon+1","theMarked:MagusForm","theMarked:Indomitable+1","theMarked:GodGivenPower","theMarked:ComboAttacks","theMarked:LightningStrikesTwice+1"],"relics":["theMarked:ArtifactOfAir","HollowMod:PaleOreRelic","DemoMod:WhiteGuonStone","Eternal Feather","thethorton:BottledFunds","NlothsMask","CeramicFish","Replay:Kaleidoscope","conspire:SpecialSausage","Lantern","Sling"],"acts_visited":["Exordium","TheCity","TheBeyond"],"potions_floor_usage":[11,12,14,20,21,27,33,33,35,35],"damage_taken":[{"damage":6,"enemies":"Jaw Worm","floor":1,"turns":2},{"damage":10,"enemies":"Small Slimes","floor":2,"turns":2},{"damage":3,"enemies":"conspire:RoseBush","floor":5,"turns":2},{"damage":9,"enemies":"Replay:BlueRogue","floor":6,"turns":4},{"damage":8,"enemies":"Looter","floor":8,"turns":2},{"damage":0,"enemies":"Blue Slaver","floor":11,"turns":2},{"damage":12,"enemies":"Exordium Wildlife","floor":12,"turns":3},{"damage":25,"enemies":"Lagavulin","floor":14,"turns":5},{"damage":15,"enemies":"The Guardian","floor":16,"turns":8},{"damage":7,"enemies":"conspire:FuzzyDice","floor":18,"turns":4},{"damage":3,"enemies":"3 Byrds","floor":20,"turns":4},{"damage":20,"enemies":"3 Cultists","floor":21,"turns":5},{"damage":0,"enemies":"Snecko","floor":24,"turns":3},{"damage":1,"enemies":"HollowMod:Nosk","floor":27,"turns":7},{"damage":1,"enemies":"Replay:Snechameleon","floor":29,"turns":5},{"damage":1,"enemies":"Centurion and Healer","floor":30,"turns":5},{"damage":18,"enemies":"Snake Plant","floor":31,"turns":4},{"damage":34,"enemies":"hubris:MusketHawk","floor":33,"turns":8},{"damage":6,"enemies":"3 Darklings","floor":35,"turns":5},{"damage":3,"enemies":"Orb Walker","floor":36,"turns":4},{"damage":39,"enemies":"Spire Growth","floor":38,"turns":5},{"damage":25,"enemies":"Jaw Worm Horde","floor":39,"turns":1}],"seed_played":"-6499793333427119529","potions_obtained":[{"floor":2,"key":"SpeedPotion"},{"floor":11,"key":"BlessingOfTheForge"},{"floor":16,"key":"Energy Potion"},{"floor":20,"key":"LiquidBronze"},{"floor":24,"key":"Fire Potion"},{"floor":31,"key":"PowerPotion"},{"floor":33,"key":"Adrenaline Potion"},{"floor":35,"key":"SteroidPotion"}],"is_trial":false,"path_per_floor":["M","M","?","$","M","E","?","M","T","$","M","M","R","E","R","B",null,"M","$","M","M","?","R","M","R","T","E","?","E","M","M","R","B",null,"M","M","$","M","M"],"character_chosen":"THE_DEFAULT","items_purchased":["theMarked:Opportunist","theMarked:Aftermath","theMarked:RogueSparks","theMarked:BanishingStrike","Lantern","theMarked:ComboAttacks","Sling"],"campfire_rested":2,"item_purchase_floors":[4,4,10,19,37,37,37],"current_hp_per_floor":[64,54,42,42,39,30,30,22,22,22,22,10,31,6,39,24,70,63,63,60,40,40,55,55,70,70,69,69,68,67,49,67,33,70,64,61,61,22,0,0],"gold":125,"neow_bonus":"THREE_CARDS","is_daily":false,"chose_seed":false,"campfire_upgraded":2,"win_rate":0.0,"timestamp":1613518317,"path_taken":["M","M","?","$","M","E","?","M","T","$","M","M","R","E","R","BOSS","M","$","M","M","?","R","M","R","T","E","?","E","M","M","R","BOSS","M","M","$","M","M"],"items_purchased_type":["Card","Card","Card","Card","Relic","Card","Relic"],"build_version":"2020-12-22","purchased_purges":0,"victory":false,"max_hp_per_floor":[70,70,70,70,70,70,70,70,70,70,70,70,70,70,70,70,70,70,70,70,70,70,70,70,70,70,70,70,70,70,70,70,70,70,70,70,70,70,70,70],"card_choices":[{"not_picked":["theMarked:WardOff","theMarked:Memento"],"picked":"theMarked:SwordAndMagic","floor":0},{"not_picked":["theMarked:ElectricStrings","theMarked:Aftermath"],"picked":"theMarked:ChainLightning","floor":1},{"not_picked":["theMarked:ChainLightning","theMarked:PowerFlow"],"picked":"theMarked:SwordAndMagic","floor":2},{"not_picked":["theMarked:HeightenedSenses","theMarked:TakeCover"],"picked":"theMarked:EmpowerWeapon","floor":5},{"not_picked":["theMarked:Panic","theMarked:Memento"],"picked":"theMarked:BanishingStrike","floor":6},{"not_picked":["theMarked:MysticalArsenal","theMarked:RepellingDischarge"],"picked":"theMarked:BanishingWave","floor":8},{"not_picked":["theMarked:Improvise","theMarked:ChannelForce"],"picked":"theMarked:ShockingTouch","floor":11},{"not_picked":["theMarked:Frustration","theMarked:Parkour"],"picked":"theMarked:AttractMetal","floor":12},{"not_picked":["theMarked:ShockingTouch","theMarked:Frustration"],"picked":"theMarked:TunnelVision","floor":14},{"not_picked":["theMarked:Snap","theMarked:DispelDoubt"],"picked":"theMarked:BiggerThanFate","floor":16},{"not_picked":["theMarked:Improvise","theMarked:PowerFlow"],"picked":"theMarked:AttractMetal+1","floor":18},{"not_picked":["theMarked:TakeCover","theMarked:RepellingDischarge+1"],"picked":"theMarked:HeightenedSenses","floor":20},{"not_picked":["theMarked:Parkour+1","theMarked:PowerFlow"],"picked":"theMarked:ChainLightning+1","floor":21},{"not_picked":["theMarked:Frustration+1","theMarked:AttractMetal+1"],"picked":"theMarked:ResourceFulStrike+1","floor":24},{"not_picked":["theMarked:ElectricStrings+1","theMarked:Vacuum"],"picked":"theMarked:ChainLightning+1","floor":27},{"not_picked":["theMarked:SwordAndMagic","theMarked:Parry+1"],"picked":"theMarked:Heritage","floor":29},{"not_picked":["theMarked:Pokerface","theMarked:ChainLightning"],"picked":"theMarked:ElectricStrings","floor":30},{"not_picked":["theMarked:ElectricStrings","theMarked:TakeCover"],"picked":"theMarked:EmpowerWeapon","floor":31},{"not_picked":["theMarked:BiggerThanFate","theMarked:Levitate"],"picked":"theMarked:MagusForm","floor":33},{"not_picked":["theMarked:SwordAndMagic+1","theMarked:MuscleMemory"],"picked":"theMarked:Indomitable+1","floor":35},{"not_picked":["theMarked:HeightenedSenses","theMarked:SwordAndMagic"],"picked":"theMarked:GodGivenPower","floor":36},{"not_picked":["theMarked:HeightenedSenses","theMarked:Overcharge"],"picked":"theMarked:LightningStrikesTwice+1","floor":38}],"player_experience":514507,"relics_obtained":[{"floor":6,"key":"DemoMod:WhiteGuonStone"},{"floor":14,"key":"Eternal Feather"},{"floor":27,"key":"CeramicFish"},{"floor":29,"key":"Replay:Kaleidoscope"}],"event_choices":[{"damage_healed":0,"gold_gain":0,"player_choice":"Success","damage_taken":12,"relics_obtained":["HollowMod:PaleOreRelic"],"max_hp_gain":0,"max_hp_loss":0,"event_name":"Scrap Ooze","floor":3,"gold_loss":0},{"damage_healed":0,"gold_gain":0,"player_choice":"Trade","damage_taken":0,"relics_obtained":["NlothsMask"],"max_hp_gain":0,"max_hp_loss":0,"event_name":"FaceTrader","floor":22,"gold_loss":0},{"damage_healed":0,"gold_gain":0,"player_choice":"Ignored","damage_taken":0,"max_hp_gain":0,"max_hp_loss":0,"event_name":"betterNote:BetterNote","floor":28,"gold_loss":0,"cards_obtained":["hermit:Headshot"]}],"is_beta":false,"boss_relics":[{"not_picked":["Replay:Wanted Poster","hubris:TerracottaHorce"],"picked":"thethorton:BottledFunds"},{"not_picked":["hubris:CrackedHourglass","construct:ClawGrip"],"picked":"conspire:SpecialSausage"}],"items_purged_floors":[],"is_endless":false,"potions_floor_spawned":[2,11,16,20,24,31,33,35],"killed_by":"Jaw Worm Horde","ascension_level":0}}