{"host":"cd25ms2o8pjhjp7m","time":1613434787,"event":{"mods":["Aspiration","BaseMod","Bestiary","Better Third Choice","BetterRewards","Conspire","Curses Come First","Friendly Minions","GifTheSpireLib","Hubris","Infinite Spire","Minty Spire (QoL Compilation)","Rare Cards Sparkle","Relic Stats","Reliquary","Replay The Spire","Robot Space Explorer","StSLib","The Poker Player","The Runesmith","Uncapped","[IsaacMod]????","??????REMEMod"],"gold_per_floor":[112,37,246,265,365,396,413,428,428,439,439,771,771,781,781,877,877,897,897,897,915,935,935,74,87,163,163,175,190,10,24,24,41,141,141,155,166,166,166,178,258,258,271,271,121,121,121,252,252,270,283,333,333,333,333,333,368,368,378,378,378,388,68,68,68,68,68,29,55,55],"floor_reached":56,"language":"DEU","playtime":3324,"items_purged":["RobotSpaceExplorer:Strike","RobotSpaceExplorer:Strike","RobotSpaceExplorer:Strike","RobotSpaceExplorer:MiniLasers","RobotSpaceExplorer:Defend","EpicFetus","RobotSpaceExplorer:Defend","RobotSpaceExplorer:LaserBurst"],"score":1399,"play_id":"0fd1be48-82fa-449a-8a85-fc9fbdc163c2","local_time":"20210216011947","is_ascension_mode":false,"campfire_choices":[{"floor":11,"key":"REST"},{"floor":15,"key":"REST"},{"data":"RobotSpaceExplorer:Electroshield","floor":23,"key":"SMITH"},{"data":"Madness","floor":27,"key":"SMITH"},{"data":"RobotSpaceExplorer:Explosion","floor":27,"key":"SMITH"},{"data":"REME_FirmDetermination","floor":32,"key":"SMITH"},{"data":"REME_Flogging","floor":32,"key":"SMITH"},{"data":"hubris:DuctTapeCard","floor":23,"key":"SMITH"},{"data":"Metamorphosis","floor":23,"key":"SMITH"},{"floor":32,"key":"REST"},{"data":"RobotSpaceExplorer:SwiftStep","floor":40,"key":"PURGE"},{"floor":49,"key":"RECALL"},{"data":"infinitespire:UltimateForm","floor":52,"key":"SMITH"},{"data":"RobotSpaceExplorer:Comet","floor":52,"key":"SMITH"}],"circlet_count":0,"master_deck":["RobotSpaceExplorer:Defend","RobotSpaceExplorer:Scan","Venomology+1","RobotSpaceExplorer:Fix","RobotSpaceExplorer:StarDust","RobotSpaceExplorer:DroneSwarm","RobotSpaceExplorer:PowerCollector","REME_FirmDetermination+1","hubris:DuctTapeCard+2","Metamorphosis+1","REME_Flogging+1","Madness+1","RobotSpaceExplorer:Explosion+1","RobotSpaceExplorer:Comet+1","RobotSpaceExplorer:StarDust+1","RobotSpaceExplorer:Discharger","RobotSpaceExplorer:Multitool","RobotSpaceExplorer:SelfCleaning","RobotSpaceExplorer:SurgingShield+1","RobotSpaceExplorer:SlimeMissile","infinitespire:UltimateForm+1","Runesmith:CreatorForm","RobotSpaceExplorer:PlasmaMissile","RobotSpaceExplorer:Explosion","Runesmith:Refine+1","RobotSpaceExplorer:ShockKick+1","Panacea","Runesmith:FrozenChisel+1","RobotSpaceExplorer:PlasmaMissile+1","RobotSpaceExplorer:PowerCollector","Runesmith:RunicBlueprint"],"relics":["RobotSpaceExplorer:RoboCore","REME_ComplimentaryCards","HushsDoor","GuppysTail","PillsDrop","Old Coin","Ice Cream","HornCleat","conspire:SpecialSausage","Replay:Arrowhead","ReplayTheSpireMod:ShopPack","hubris:DuctTape","aspiration:RitualStick","hubris:PeanutButter","hubris:Towel","Kunai","aspiration:RunesmithSkillbook","Honey Jar","Peace Pipe","Mango","TheBattery","aspiration:SecretTechniqueScroll","Runesmith:Nanobots","Shuriken","infinitespire:Joker Card","BookOfRevelations","REME_PuzzleBoxRelic"],"acts_visited":["Exordium","TheCity","TheBeyond","TheEnding"],"potions_floor_usage":[6,6,6,8,10,12,12,12,18,21,22,25,25,28,29,31,31,18,25,25,28,33,37,37,44,47,47,50,50,50,50,54],"damage_taken":[{"damage":15,"enemies":"2 Louse","floor":1,"turns":3},{"damage":0,"enemies":"Small Slimes","floor":4,"turns":3},{"damage":15,"enemies":"Gremlin Nob","floor":6,"turns":3},{"damage":5,"enemies":"Cultist","floor":7,"turns":6},{"damage":4,"enemies":"Lots of Slimes","floor":8,"turns":3},{"damage":1,"enemies":"2 Fungi Beasts","floor":10,"turns":2},{"damage":39,"enemies":"3 Sentries","floor":12,"turns":9},{"damage":16,"enemies":"Blue Slaver","floor":14,"turns":6},{"damage":14,"enemies":"Fading Forest","floor":16,"turns":11},{"damage":10,"enemies":"Chosen","floor":18,"turns":4},{"damage":12,"enemies":"3 Byrds","floor":21,"turns":5},{"damage":11,"enemies":"Shelled Parasite and Fungi","floor":22,"turns":12},{"damage":0,"enemies":"Centurion and Healer","floor":25,"turns":5},{"damage":18,"enemies":"3 Cultists","floor":28,"turns":5},{"damage":8,"enemies":"Snake Plant","floor":29,"turns":5},{"damage":0,"enemies":"Sentry and Sphere","floor":31,"turns":4},{"damage":10,"enemies":"3 Byrds","floor":18,"turns":3},{"damage":14,"enemies":"Spheric Guardian","floor":21,"turns":5},{"damage":0,"enemies":"Snecko","floor":22,"turns":4},{"damage":0,"enemies":"Centurion and Healer","floor":25,"turns":5},{"damage":35,"enemies":"3 Cultists","floor":28,"turns":5},{"damage":0,"enemies":"conspire:MysteriousRune","floor":33,"turns":6},{"damage":0,"enemies":"Orb Walker","floor":35,"turns":3},{"damage":7,"enemies":"3 Darklings","floor":36,"turns":5},{"damage":0,"enemies":"Mind Bloom Boss Battle","floor":37,"turns":6},{"damage":0,"enemies":"R_Hoarder","floor":42,"turns":6},{"damage":0,"enemies":"Transient","floor":44,"turns":5},{"damage":0,"enemies":"Jaw Worm Horde","floor":47,"turns":3},{"damage":48,"enemies":"conspire:OrnateMirror","floor":50,"turns":5},{"damage":0,"enemies":"Shield and Spear","floor":54,"turns":5},{"damage":0,"enemies":"The Heart","floor":55,"turns":6}],"seed_played":"-7602714599674054133","potions_obtained":[{"floor":4,"key":"RobotSpaceExplorer:PlasmaFlask"},{"floor":8,"key":"REME_GoldPotion"},{"floor":10,"key":"Death Potion"},{"floor":16,"key":"Milkshake"},{"floor":22,"key":"Energy Potion"},{"floor":25,"key":"SkillPotion"},{"floor":29,"key":"Flashbang"},{"floor":31,"key":"Weak Potion"},{"floor":28,"key":"Weak Potion"},{"floor":33,"key":"Swift Potion"},{"floor":36,"key":"Fire Potion"},{"floor":42,"key":"RobotSpaceExplorer:RecyclePotion"},{"floor":44,"key":"Energy Potion"},{"floor":54,"key":"Languid Potion"}],"is_trial":false,"path_per_floor":["M","$","?","M","?","E","M","M","T","M","R","E","?","M","R","B",null,"M","?","?","M","M","R","$","M","T","R","M","M","$","M","R","M","?","?","M","M","R","?","M","T","?","M","?","$","AVR","R","B",null,"M","M","?","?","T","R","AVR","E","T","M","T","?","M","$","R","B",null,"R","$","E","B",null],"character_chosen":"RobotSpaceExplorer","items_purchased":["REME_FirmDetermination","Replay:Arrowhead","ReplayTheSpireMod:ShopPack","hubris:DuctTape","RobotSpaceExplorer:StarDust+1","RobotSpaceExplorer:PlasmaMissile","RobotSpaceExplorer:Explosion","BookOfRevelations","RobotSpaceExplorer:PowerCollector"],"campfire_rested":3,"item_purchase_floors":[24,24,24,24,30,34,34,48,53],"current_hp_per_floor":[60,60,60,60,60,45,44,44,44,43,65,30,30,18,40,52,70,64,64,64,56,49,49,49,53,53,53,42,38,38,47,73,63,63,63,53,53,53,38,42,42,42,7,31,31,31,52,56,61,61,58,61,61,75,75,75,75,75,75,75,75,75,75,75,27,75,75,75,75,75],"gold":55,"neow_bonus":"UPGRADE_CARD","is_daily":false,"chose_seed":false,"campfire_upgraded":9,"win_rate":0.0,"timestamp":1613434787,"path_taken":["M","$","?","?","?","E","M","?","T","M","R","E","?","M","R","BOSS","M","?","?","M","M","R","$","M","T","R","M","M","$","M","R","M","?","?","?","M","R","?","M","T","?","M","?","?","AVR","R","BOSS","M","M","?","?","?","R","AVR","E","T","M","?","?","?","?","R","BOSS","R","$","E","BOSS"],"items_purchased_type":["Card","Relic","Relic","Relic","Card","Card","Card","Relic","Card"],"build_version":"2020-12-22","purchased_purges":8,"victory":true,"max_hp_per_floor":[75,75,75,75,75,75,75,75,75,75,75,75,75,75,75,70,70,70,70,70,70,70,70,70,70,70,70,73,73,73,73,73,73,73,73,73,73,73,73,73,73,73,73,73,73,73,73,73,61,61,61,61,61,75,75,75,75,75,75,75,75,75,75,75,75,75,75,75,75,75],"relic_stats":{"Peace Pipe":1,"counters":[31,158],"Shuriken":[15],"Kunai":[26],"obtain_stats":[{"Ice Cream":13,"GuppysTail":0,"conspire:SpecialSausage":17,"Mango":39,"TheBattery":41,"aspiration:RitualStick":24,"Old Coin":12,"HornCleat":16,"PillsDrop":9,"Honey Jar":34,"Kunai":31,"KeepersGift":0,"Runesmith:Nanobots":42,"hubris:DuctTape":24,"BookOfRevelations":48,"RobotSpaceExplorer:RoboCore":0,"infinitespire:Joker Card":45,"aspiration:SecretTechniqueScroll":41,"hubris:Towel":27,"Replay:Arrowhead":24,"Peace Pipe":37,"Shuriken":43,"ForgetMeNow":6,"aspiration:RunesmithSkillbook":31,"hubris:PeanutButter":26,"REME_PuzzleBoxRelic":54,"HushsDoor":0,"REME_ComplimentaryCards":0,"ReplayTheSpireMod:ShopPack":24},{"Ice Cream":7,"GuppysTail":0,"conspire:SpecialSausage":9,"Mango":25,"TheBattery":25,"aspiration:RitualStick":19,"Old Coin":7,"HornCleat":9,"PillsDrop":5,"Honey Jar":22,"Kunai":21,"KeepersGift":0,"Runesmith:Nanobots":26,"hubris:DuctTape":12,"BookOfRevelations":28,"RobotSpaceExplorer:RoboCore":0,"infinitespire:Joker Card":27,"aspiration:SecretTechniqueScroll":25,"hubris:Towel":20,"Replay:Arrowhead":12,"Peace Pipe":25,"Shuriken":26,"ForgetMeNow":3,"aspiration:RunesmithSkillbook":21,"hubris:PeanutButter":20,"REME_PuzzleBoxRelic":30,"HushsDoor":0,"REME_ComplimentaryCards":0,"ReplayTheSpireMod:ShopPack":12},{"Ice Cream":29,"GuppysTail":0,"conspire:SpecialSausage":46,"Mango":128,"TheBattery":128,"aspiration:RitualStick":98,"Old Coin":29,"HornCleat":46,"PillsDrop":18,"Honey Jar":114,"Kunai":108,"KeepersGift":0,"Runesmith:Nanobots":134,"hubris:DuctTape":67,"BookOfRevelations":142,"RobotSpaceExplorer:RoboCore":0,"infinitespire:Joker Card":139,"aspiration:SecretTechniqueScroll":128,"hubris:Towel":103,"Replay:Arrowhead":67,"Peace Pipe":128,"Shuriken":134,"ForgetMeNow":9,"aspiration:RunesmithSkillbook":108,"hubris:PeanutButter":103,"REME_PuzzleBoxRelic":152,"HushsDoor":0,"REME_ComplimentaryCards":0,"ReplayTheSpireMod:ShopPack":67}],"aspiration:RitualStick":[0]},"card_choices":[{"not_picked":[],"picked":"EpicFetus","floor":0},{"not_picked":["RobotSpaceExplorer:ShovelStrike","RobotSpaceExplorer:SurgingStrike"],"picked":"RobotSpaceExplorer:Electropulse","floor":1},{"not_picked":["RobotSpaceExplorer:LuckyStrike","RobotSpaceExplorer:PowerGlove"],"picked":"RobotSpaceExplorer:Electroshield","floor":3},{"not_picked":["RobotSpaceExplorer:StunGrenade","Bomb"],"picked":"RobotSpaceExplorer:Fix","floor":4},{"not_picked":["RobotSpaceExplorer:ImprovisedAttack","RobotSpaceExplorer:SurgingStrike"],"picked":"RobotSpaceExplorer:StarDust","floor":5},{"not_picked":["RobotSpaceExplorer:MiniBoosters","RobotSpaceExplorer:ShovelStrike"],"picked":"RobotSpaceExplorer:Exploration","floor":6},{"not_picked":["RobotSpaceExplorer:GlueShot","RobotSpaceExplorer:Ammunition","RobotSpaceExplorer:ShovelStrike"],"picked":"SKIP","floor":7},{"not_picked":["RobotSpaceExplorer:ImprovisedAttack","RobotSpaceExplorer:SwiftStep","RobotSpaceExplorer:SurgingShield"],"picked":"SKIP","floor":8},{"not_picked":["RobotSpaceExplorer:Ammunition","RobotSpaceExplorer:ImprovisedAttack","RobotSpaceExplorer:StunGrenade"],"picked":"SKIP","floor":10},{"not_picked":["RobotSpaceExplorer:ShockKick","RobotSpaceExplorer:Electropulse","RobotSpaceExplorer:ShovelStrike"],"picked":"SKIP","floor":12},{"not_picked":["RobotSpaceExplorer:LaserBurst","RobotSpaceExplorer:FreezingShield","RobotSpaceExplorer:Counterblock"],"picked":"SKIP","floor":14},{"not_picked":["RobotSpaceExplorer:BlastShield","RobotSpaceExplorer:ShockMissile"],"picked":"RobotSpaceExplorer:DroneSwarm","floor":16},{"not_picked":["RobotSpaceExplorer:Ammunition+1","RobotSpaceExplorer:Probe","RobotSpaceExplorer:ScrapToss"],"picked":"SKIP","floor":18},{"not_picked":["RobotSpaceExplorer:Scanner","RobotSpaceExplorer:ScrapMissile+1","RobotSpaceExplorer:StunGrenade"],"picked":"SKIP","floor":21},{"not_picked":["RobotSpaceExplorer:Calculate","RobotSpaceExplorer:ShovelStrike"],"picked":"RobotSpaceExplorer:PowerCollector","floor":22},{"not_picked":["Violence","hubris:EnhanceAbility"],"picked":"Metamorphosis","floor":24},{"not_picked":["Purity","Madness"],"picked":"REME_Flogging","floor":24},{"not_picked":["Discovery","Blind"],"picked":"Madness","floor":24},{"not_picked":["RobotSpaceExplorer:ScrapMissile","RobotSpaceExplorer:SurgingStrike"],"picked":"RobotSpaceExplorer:Explosion","floor":25},{"not_picked":["RobotSpaceExplorer:StunGrenade","RobotSpaceExplorer:Ammunition","RobotSpaceExplorer:DoubleFind"],"picked":"SKIP","floor":28},{"not_picked":["RobotSpaceExplorer:ShovelStrike","RobotSpaceExplorer:ScrapMissile"],"picked":"RobotSpaceExplorer:Comet","floor":29},{"not_picked":["RobotSpaceExplorer:Ammunition","RobotSpaceExplorer:Counterblock+1"],"picked":"RobotSpaceExplorer:Discharger","floor":31},{"not_picked":["RobotSpaceExplorer:SelfCleaning","RobotSpaceExplorer:ShockKick"],"picked":"RobotSpaceExplorer:Multitool","floor":18},{"not_picked":["RobotSpaceExplorer:LaserBurst","RobotSpaceExplorer:SurgingStrike"],"picked":"RobotSpaceExplorer:SurgingShield+1","floor":21},{"not_picked":["RobotSpaceExplorer:GearShield","RobotSpaceExplorer:ShockKick"],"picked":"RobotSpaceExplorer:SlimeMissile","floor":22},{"not_picked":["RobotSpaceExplorer:DualCore","RobotSpaceExplorer:ShockKick","RobotSpaceExplorer:ScrapToss"],"picked":"SKIP","floor":25},{"not_picked":["RobotSpaceExplorer:ShovelStrike+1","RobotSpaceExplorer:MetalStrike+1","RobotSpaceExplorer:Counterblock"],"picked":"SKIP","floor":28},{"not_picked":["Runesmith:LastStand","Runesmith:CraftPrismatica","RobotSpaceExplorer:Scanner"],"picked":"Runesmith:CreatorForm","floor":33},{"not_picked":["RobotSpaceExplorer:ScrapMissile","Runesmith:CraftProtectio","Runesmith:HammerThrow+1","Runesmith:Accelerate+1"],"picked":"Runesmith:Refine+1","floor":35},{"not_picked":["Runesmith:HeatedChisel","Runesmith:BackupBattery+1","RobotSpaceExplorer:ScrapToss+1","RobotSpaceExplorer:ImprovisedAttack"],"picked":"RobotSpaceExplorer:ShockKick+1","floor":36},{"not_picked":["Runesmith:ChargedHammer","RobotSpaceExplorer:PowerGlove","RobotSpaceExplorer:SurgingStrike+1","Runesmith:HeatedChisel+1"],"picked":"RobotSpaceExplorer:SwiftStep","floor":37},{"not_picked":["Swift Strike","Flash of Steel","hubris:Ssssneak","Good Instincts"],"picked":"Panacea","floor":38},{"not_picked":["RobotSpaceExplorer:Fix","RobotSpaceExplorer:SwiftStep","RobotSpaceExplorer:PowerGlove+1","Runesmith:Superposition+1"],"picked":"Runesmith:FrozenChisel+1","floor":42},{"not_picked":["Runesmith:Repurpose+1","RobotSpaceExplorer:ShovelStrike+1","RobotSpaceExplorer:Blitz","RobotSpaceExplorer:GlueShot"],"picked":"RobotSpaceExplorer:PlasmaMissile+1","floor":44},{"not_picked":["Runesmith:ChargedHammer","Runesmith:StaticCage","RobotSpaceExplorer:ShockKick","Runesmith:GenerateForcefield"],"picked":"RobotSpaceExplorer:LaserBurst","floor":47},{"not_picked":["Runesmith:MakeshiftArmor","Runesmith:RuneHurl","Runesmith:HeatExchange","Runesmith:HammerThrow"],"picked":"Runesmith:RunicBlueprint","floor":54}],"player_experience":490776,"relics_obtained":[{"floor":6,"key":"ForgetMeNow"},{"floor":9,"key":"PillsDrop"},{"floor":12,"key":"Old Coin"},{"floor":16,"key":"HornCleat"},{"floor":26,"key":"hubris:PeanutButter"},{"floor":37,"key":"Peace Pipe"},{"floor":39,"key":"Mango"},{"floor":42,"key":"Runesmith:Nanobots"},{"floor":43,"key":"Shuriken"},{"floor":45,"key":"infinitespire:Joker Card"},{"floor":54,"key":"REME_PuzzleBoxRelic"}],"event_choices":[{"damage_healed":0,"gold_gain":0,"player_choice":"Gave Potion","damage_taken":0,"relics_obtained":["Ice Cream"],"max_hp_gain":0,"max_hp_loss":0,"event_name":"WeMeetAgain","floor":13,"gold_loss":0},{"damage_healed":0,"gold_gain":0,"player_choice":"Ignored","damage_taken":0,"max_hp_gain":0,"max_hp_loss":0,"event_name":"Vampires","floor":19,"gold_loss":0},{"damage_healed":0,"gold_gain":0,"cards_transformed":["RobotSpaceExplorer:Strike","RobotSpaceExplorer:Defend"],"player_choice":"Became Test Subject","damage_taken":0,"max_hp_gain":0,"max_hp_loss":0,"event_name":"Drug Dealer","floor":20,"gold_loss":0,"cards_obtained":["RobotSpaceExplorer:SelfCleaning","RobotSpaceExplorer:SwiftStep"]},{"damage_healed":24,"gold_gain":0,"player_choice":"Heal","damage_taken":0,"max_hp_gain":0,"max_hp_loss":0,"event_name":"The Library","floor":29,"gold_loss":0},{"damage_healed":0,"gold_gain":0,"player_choice":"Fight","damage_taken":0,"max_hp_gain":0,"max_hp_loss":0,"event_name":"MindBloom","floor":37,"gold_loss":0},{"damage_healed":0,"gold_gain":0,"player_choice":"Memory 1","damage_taken":0,"max_hp_gain":0,"max_hp_loss":0,"event_name":"SensoryStone","floor":38,"gold_loss":0},{"cards_removed":["RobotSpaceExplorer:SwiftStep"],"damage_healed":0,"gold_gain":0,"player_choice":"Removed Skill","damage_taken":0,"max_hp_gain":0,"max_hp_loss":0,"event_name":"Falling","floor":46,"gold_loss":0}],"is_beta":false,"boss_relics":[{"not_picked":["SacredBark","REME_ChargedStone"],"picked":"conspire:SpecialSausage"},{"not_picked":[]},{"not_picked":["reliquary:Craggleroot","hubris:CrackedHourglass"],"picked":"Honey Jar"},{"not_picked":[]}],"items_purged_floors":[2,24,30,30,31,34,41,48],"is_endless":false,"potions_floor_spawned":[4,8,10,16,22,25,29,31,21,28,33,36,42,44,54],"ascension_level":0}}