{"host":"pj7egx7jkoz18hom","time":1613517922,"event":{"mods":["AchievementEnabler","BaseMod","Keyboard Shortcuts","Minty Spire (QoL Compilation)","SuperFastMode"],"gold_per_floor":[115,133,152,162,173,173,173,193,220,236,266,266,14,29,29,124,124,144,163,163,18,29,56,56,67,67,95,114,114,132,147,147,147,147],"floor_reached":33,"language":"KOR","playtime":1512,"items_purged":["Strike_R"],"score":400,"play_id":"cad2bc79-4945-48e3-8fde-74d6d19e3772","local_time":"20210217082522","is_ascension_mode":true,"campfire_choices":[{"data":"Body Slam","floor":6,"key":"SMITH"},{"data":"Body Slam","floor":12,"key":"SMITH"},{"data":"Seeing Red","floor":15,"key":"SMITH"},{"data":"Corruption","floor":29,"key":"SMITH"},{"data":"Armaments","floor":32,"key":"SMITH"}],"circlet_count":0,"master_deck":["Strike_R+1","Strike_R+1","Strike_R+1","Strike_R+1","Defend_R+1","Defend_R+1","Defend_R+1","Defend_R+1","Bash","Impervious","Body Slam+1","Seeing Red+1","Pommel Strike","Cleave+1","Impervious","Body Slam+1","Immolate","Ghostly Armor","Corruption+1","Armaments+1","Evolve+1","Metallicize","Shrug It Off","True Grit+1","Sentinel+1"],"relics":["Burning Blood","Paper Frog","Ancient Tea Set","Vajra","Whetstone","Coffee Dripper","Toy Ornithopter","Dream Catcher","Orichalcum","Sundial","HornCleat"],"acts_visited":["Exordium","TheCity"],"potions_floor_usage":[11,23,27,27,28],"damage_taken":[{"damage":8,"enemies":"2 Louse","floor":1,"turns":3},{"damage":12,"enemies":"Jaw Worm","floor":2,"turns":4},{"damage":0,"enemies":"Cultist","floor":3,"turns":4},{"damage":16,"enemies":"Blue Slaver","floor":4,"turns":5},{"damage":0,"enemies":"Red Slaver","floor":5,"turns":3},{"damage":6,"enemies":"2 Fungi Beasts","floor":8,"turns":3},{"damage":0,"enemies":"Looter","floor":10,"turns":2},{"damage":0,"enemies":"3 Sentries","floor":11,"turns":7},{"damage":0,"enemies":"Gremlin Gang","floor":14,"turns":1},{"damage":51,"enemies":"The Guardian","floor":16,"turns":9},{"damage":0,"enemies":"3 Byrds","floor":18,"turns":4},{"damage":2,"enemies":"Chosen","floor":19,"turns":3},{"damage":22,"enemies":"Centurion and Healer","floor":22,"turns":5},{"damage":52,"enemies":"Book of Stabbing","floor":23,"turns":7},{"damage":4,"enemies":"3 Cultists","floor":25,"turns":3},{"damage":12,"enemies":"Slavers","floor":27,"turns":3},{"damage":18,"enemies":"Snake Plant","floor":28,"turns":4},{"damage":12,"enemies":"Snecko","floor":30,"turns":6},{"damage":8,"enemies":"Centurion and Healer","floor":31,"turns":5},{"damage":38,"enemies":"Champ","floor":33,"turns":10}],"seed_played":"-4429576460169723014","potions_obtained":[{"floor":3,"key":"Fire Potion"},{"floor":4,"key":"Ancient Potion"},{"floor":8,"key":"Block Potion"},{"floor":14,"key":"BloodPotion"},{"floor":25,"key":"BlessingOfTheForge"},{"floor":27,"key":"PowerPotion"}],"is_trial":false,"path_per_floor":["M","M","M","M","M","R","?","M","T","M","E","R","$","M","R","B",null,"M","M","?","$","M","E","?","M","T","E","M","R","M","M","R","B"],"character_chosen":"IRONCLAD","items_purchased":["Ghostly Armor","Whetstone","Toy Ornithopter"],"campfire_rested":0,"item_purchase_floors":[13,13,21],"current_hp_per_floor":[78,72,78,68,74,74,67,67,67,73,79,79,79,80,80,35,69,75,79,79,79,63,38,38,40,40,44,37,37,31,29,29,0,0],"gold":147,"neow_bonus":"ONE_RANDOM_RARE_CARD","is_daily":false,"chose_seed":false,"campfire_upgraded":5,"win_rate":0.0,"timestamp":1613517922,"path_taken":["M","M","M","M","M","R","?","M","T","M","E","R","$","M","R","BOSS","M","M","?","$","M","E","?","M","T","E","?","R","M","M","R","BOSS"],"items_purchased_type":["Card","Relic","Relic"],"build_version":"2020-12-22","purchased_purges":1,"victory":false,"max_hp_per_floor":[80,80,80,80,80,80,80,80,80,80,80,80,80,80,80,80,80,80,80,80,80,80,80,80,80,80,80,80,80,80,80,80,80,80],"card_choices":[{"not_picked":["Twin Strike","Hemokinesis"],"picked":"Body Slam","floor":1},{"not_picked":["Armaments","Anger"],"picked":"Seeing Red","floor":2},{"not_picked":["Wild Strike","Evolve"],"picked":"Pommel Strike","floor":3},{"not_picked":["Flex","Sword Boomerang"],"picked":"Cleave","floor":4},{"not_picked":["Sever Soul","Dark Embrace","Evolve"],"picked":"SKIP","floor":5},{"not_picked":["Sever Soul","Heavy Blade"],"picked":"Impervious","floor":8},{"not_picked":["Ghostly Armor","Twin Strike"],"picked":"Body Slam","floor":10},{"not_picked":["Clash","Havoc"],"picked":"Immolate","floor":11},{"not_picked":["Body Slam","Cleave","Clash"],"picked":"SKIP","floor":14},{"not_picked":["Feed","Limit Break"],"picked":"Corruption","floor":16},{"not_picked":["Clash","Sword Boomerang+1","Warcry+1"],"picked":"SKIP","floor":18},{"not_picked":["True Grit","Pommel Strike"],"picked":"Armaments","floor":19},{"not_picked":["Immolate","Havoc+1","Clash"],"picked":"SKIP","floor":22},{"not_picked":["Armaments","Heavy Blade"],"picked":"Evolve+1","floor":23},{"not_picked":["Clash+1","Pommel Strike"],"picked":"Metallicize","floor":25},{"not_picked":["Fiend Fire","Anger+1","Sword Boomerang"],"picked":"SKIP","floor":27},{"not_picked":["Thunderclap+1","Sword Boomerang+1"],"picked":"Shrug It Off","floor":28},{"not_picked":["Carnage","Anger"],"picked":"True Grit+1","floor":30},{"not_picked":["Wild Strike","Bloodletting"],"picked":"Sentinel+1","floor":31}],"player_experience":124119,"relics_obtained":[{"floor":9,"key":"Ancient Tea Set"},{"floor":11,"key":"Vajra"},{"floor":23,"key":"Dream Catcher"},{"floor":26,"key":"Sundial"},{"floor":27,"key":"HornCleat"}],"event_choices":[{"damage_healed":0,"gold_gain":0,"player_choice":"Success","damage_taken":7,"relics_obtained":["Paper Frog"],"max_hp_gain":0,"max_hp_loss":0,"event_name":"Scrap Ooze","floor":7,"gold_loss":0},{"damage_healed":0,"gold_gain":0,"player_choice":"Simplicity","damage_taken":0,"max_hp_gain":0,"max_hp_loss":0,"event_name":"Back to Basics","floor":20,"gold_loss":0,"cards_upgraded":["Strike_R","Strike_R","Strike_R","Defend_R","Defend_R","Defend_R","Defend_R"]},{"damage_healed":0,"gold_gain":0,"player_choice":"Gave Potion","damage_taken":0,"relics_obtained":["Orichalcum"],"max_hp_gain":0,"max_hp_loss":0,"event_name":"WeMeetAgain","floor":24,"gold_loss":0}],"is_beta":false,"boss_relics":[{"not_picked":["Tiny House","Runic Dome"],"picked":"Coffee Dripper"}],"items_purged_floors":[13],"is_endless":false,"potions_floor_spawned":[3,4,8,14,16,18,19,25,27],"killed_by":"Champ","ascension_level":5}}