{"host":"y0i0tbisecj7yjyn","time":1613450437,"event":{"mods":["2.2 Compatiblity","AchievementEnabler","AlwaysNeverKeys","BaseMod","Better Third Choice","BetterRewards","Colored Map","Colored Powertips","Curses Come First","Disable Question Mark Monsters","Displayed Cursed Tome","Highlight Path","Keyboard Shortcuts","Minty Spire (QoL Compilation)","Quick Restart","Random Character Button","Rare Cards Sparkle","Relic Stats","Reliquary","Smile Girya","StSLib","SuperFastMode","The Marked","Transform Curses","Weighted Paths"],"gold_per_floor":[115,132,82,82,92,127,145,173,173,173,205,205,380,152,152,248,248,268,287,287,303,92,121,121,121,121,121,121],"floor_reached":27,"language":"ENG","playtime":777,"items_purged":[],"score":299,"play_id":"9c47d776-9a0f-4fe5-9c9a-e75525526835","local_time":"20210215224037","is_ascension_mode":true,"campfire_choices":[{"floor":10,"key":"REST"},{"floor":12,"key":"REST"},{"data":"Static Discharge","floor":15,"key":"SMITH"},{"data":"White Noise","floor":24,"key":"SMITH"}],"circlet_count":0,"master_deck":["Strike_B","Strike_B","Defend_B","Defend_B","Defend_B","Defend_B","Zap","Dualcast","Redo","Ball Lightning","Conserve Battery","Rainbow","Ball Lightning","Sunder","Conserve Battery","Static Discharge+1","Biased Cognition","White Noise+1","Hello World+1","Self Repair+1","Darkness","White Noise+1"],"relics":["Cracked Core","Potion Belt","Omamori","reliquary:ShortFuse","reliquary:Firecrackers","Lee\u0027s Waffle","Coffee Dripper","Frozen Egg 2","reliquary:FerryPass","Nunchaku","Centennial Puzzle"],"acts_visited":["Exordium","TheCity"],"potions_floor_usage":[6,21],"damage_taken":[{"damage":4,"enemies":"Small Slimes","floor":1,"turns":3},{"damage":0,"enemies":"2 Louse","floor":2,"turns":2},{"damage":0,"enemies":"Cultist","floor":5,"turns":2},{"damage":20,"enemies":"3 Sentries","floor":6,"turns":6},{"damage":4,"enemies":"Looter","floor":7,"turns":4},{"damage":40,"enemies":"Gremlin Nob","floor":8,"turns":5},{"damage":8,"enemies":"3 Sentries","floor":11,"turns":4},{"damage":53,"enemies":"Hexaghost","floor":16,"turns":5},{"damage":31,"enemies":"Chosen","floor":18,"turns":4},{"damage":12,"enemies":"Shell Parasite","floor":19,"turns":3},{"damage":7,"enemies":"Shelled Parasite and Fungi","floor":21,"turns":5},{"damage":54,"enemies":"Gremlin Leader","floor":23,"turns":4},{"damage":30,"enemies":"Slavers","floor":27,"turns":3}],"seed_played":"7725741214618568828","potions_obtained":[{"floor":2,"key":"LiquidBronze"},{"floor":6,"key":"FearPotion"},{"floor":8,"key":"FairyPotion"},{"floor":19,"key":"AttackPotion"},{"floor":23,"key":"BlessingOfTheForge"}],"is_trial":false,"path_per_floor":["M","M","?","?","M","E","M","E","T","R","E","R","?","$","R","B",null,"M","M","?","M","$","E","R","?","T","E"],"character_chosen":"DEFECT","items_purchased":["Lee\u0027s Waffle","Static Discharge","reliquary:FerryPass","Self Repair+1"],"campfire_rested":2,"item_purchase_floors":[14,14,22,22],"current_hp_per_floor":[78,78,78,71,71,51,47,7,7,31,23,47,47,89,89,36,89,58,46,46,39,39,27,27,27,27,0,0],"gold":121,"neow_bonus":"TEN_PERCENT_HP_BONUS","is_daily":false,"chose_seed":false,"campfire_upgraded":2,"win_rate":0.0,"timestamp":1613450437,"path_taken":["M","M","?","?","M","E","M","E","T","R","E","R","?","$","R","BOSS","M","M","?","M","$","E","R","?","T","E"],"items_purchased_type":["Relic","Card","Relic","Card"],"build_version":"2020-12-22","purchased_purges":0,"victory":false,"max_hp_per_floor":[82,82,82,82,82,82,82,82,82,82,82,82,82,89,89,89,89,89,89,89,89,89,89,89,89,89,89,89],"relic_stats":{"Lee\u0027s Waffle":42,"Nunchaku":[0],"Centennial Puzzle":[3],"counters":[13,50],"obtain_stats":[{"Potion Belt":6,"Lee\u0027s Waffle":14,"Nunchaku":23,"Centennial Puzzle":26,"reliquary:Firecrackers":11,"Omamori":8,"Coffee Dripper":17,"Frozen Egg 2":20,"Cracked Core":0,"reliquary:ShortFuse":9,"reliquary:FerryPass":22},{"Potion Belt":4,"Lee\u0027s Waffle":7,"Nunchaku":12,"Centennial Puzzle":12,"reliquary:Firecrackers":7,"Omamori":6,"Coffee Dripper":8,"Frozen Egg 2":10,"Cracked Core":0,"reliquary:ShortFuse":6,"reliquary:FerryPass":11},{"Potion Belt":13,"Lee\u0027s Waffle":26,"Nunchaku":47,"Centennial Puzzle":47,"reliquary:Firecrackers":26,"Omamori":22,"Coffee Dripper":31,"Frozen Egg 2":38,"Cracked Core":0,"reliquary:ShortFuse":22,"reliquary:FerryPass":43}]},"card_choices":[{"not_picked":["Barrage","Rebound"],"picked":"Redo","floor":1},{"not_picked":["Coolheaded","Redo"],"picked":"Ball Lightning","floor":2},{"not_picked":["Turbo","Aggregate"],"picked":"Conserve Battery","floor":5},{"not_picked":["Scrape","Coolheaded"],"picked":"Rainbow","floor":6},{"not_picked":["Compile Driver","Turbo"],"picked":"Ball Lightning","floor":7},{"not_picked":["Coolheaded","Turbo"],"picked":"Sunder","floor":8},{"not_picked":["Cold Snap","Meteor Strike"],"picked":"Conserve Battery","floor":11},{"not_picked":["Machine Learning","Seek"],"picked":"Biased Cognition","floor":16},{"not_picked":["Sweeping Beam+1","Hologram","Gash"],"picked":"SKIP","floor":18},{"not_picked":["Recycle+1","Barrage"],"picked":"White Noise","floor":19},{"not_picked":["Steam","Compile Driver"],"picked":"Hello World+1","floor":21},{"not_picked":["Beam Cell","Turbo"],"picked":"Darkness","floor":23}],"player_experience":468714,"relics_obtained":[{"floor":6,"key":"Potion Belt"},{"floor":8,"key":"Omamori"},{"floor":9,"key":"reliquary:ShortFuse"},{"floor":11,"key":"reliquary:Firecrackers"},{"floor":23,"key":"Nunchaku"},{"floor":26,"key":"Centennial Puzzle"}],"event_choices":[{"cards_removed":["Strike_B"],"damage_healed":0,"gold_gain":0,"player_choice":"Card Removal","damage_taken":0,"max_hp_gain":0,"max_hp_loss":0,"event_name":"The Cleric","floor":3,"gold_loss":50},{"cards_removed":["Strike_B"],"damage_healed":0,"gold_gain":0,"player_choice":"Card Removal","damage_taken":7,"max_hp_gain":0,"max_hp_loss":0,"event_name":"Golden Wing","floor":4,"gold_loss":0},{"damage_healed":0,"gold_gain":175,"player_choice":"AGREE","damage_taken":205,"max_hp_gain":0,"max_hp_loss":0,"event_name":"betterThird:BetterSerpent","floor":13,"gold_loss":0},{"damage_healed":0,"gold_gain":0,"player_choice":"Opened","damage_taken":0,"relics_obtained":["Frozen Egg 2"],"max_hp_gain":0,"max_hp_loss":0,"event_name":"The Mausoleum","floor":20,"gold_loss":0,"cards_obtained":["Writhe"]},{"damage_healed":0,"gold_gain":0,"player_choice":"Copied","damage_taken":0,"max_hp_gain":0,"max_hp_loss":0,"event_name":"Duplicator","floor":25,"gold_loss":0,"cards_obtained":["White Noise"]}],"is_beta":false,"boss_relics":[{"not_picked":["Velvet Choker","Runic Dome"],"picked":"Coffee Dripper"}],"items_purged_floors":[],"is_endless":false,"potions_floor_spawned":[2,6,8,19,23],"killed_by":"Slavers","ascension_level":4}}