{"host":"d52brwsy6af8zvaq","time":1613458256,"event":{"mods":["AchievementEnabler","BaseMod","Bestiary","Highlight Path","Minty Spire (QoL Compilation)","Quick Restart","Relic Stats","ojb\u0027s Better Paths Mod"],"gold_per_floor":[114,124,137,137,153,153,179,179,179,229,229,229],"floor_reached":11,"language":"ENG","playtime":342,"items_purged":[],"score":146,"play_id":"69617fd6-e968-441a-87bb-eb6522309a66","local_time":"20210215235056","is_ascension_mode":true,"campfire_choices":[{"data":"Streamline","floor":6,"key":"SMITH"},{"floor":8,"key":"REST"}],"circlet_count":0,"master_deck":["AscendersBane","Strike_B","Strike_B","Strike_B","Strike_B","Defend_B","Defend_B","Defend_B","Defend_B","Zap","Dualcast","Storm","Reinforced Body","Barrage","Capacitor","Streamline+1","Melter"],"relics":["Cracked Core","Dead Branch"],"acts_visited":["Exordium"],"potions_floor_usage":[7,11,11],"damage_taken":[{"damage":2.0,"enemies":"Jaw Worm","floor":1.0,"turns":3.0},{"damage":2,"enemies":"Cultist","floor":2,"turns":4},{"damage":0,"enemies":"Small Slimes","floor":3,"turns":5},{"damage":13,"enemies":"Red Slaver","floor":5,"turns":4},{"damage":65,"enemies":"3 Sentries","floor":7,"turns":12},{"damage":32,"enemies":"Gremlin Nob","floor":11,"turns":3}],"seed_played":"-3436793559038540037","potions_obtained":[{"floor":1,"key":"PotionOfCapacity"},{"floor":5,"key":"Regen Potion"},{"floor":7,"key":"ColorlessPotion"}],"is_trial":false,"path_per_floor":["M","M","M","?","M","R","E","R","T","?","E"],"character_chosen":"DEFECT","items_purchased":[],"campfire_rested":1,"item_purchase_floors":[],"current_hp_per_floor":[62,60,60,65,52,52,2,24,24,24,0,0],"gold":229,"neow_bonus":"THREE_CARDS","is_daily":false,"chose_seed":false,"campfire_upgraded":1,"win_rate":0.0,"timestamp":1613458256,"path_taken":["M","M","M","?","M","R","E","R","T","?","E"],"items_purchased_type":[],"build_version":"2020-12-22","purchased_purges":0,"victory":false,"max_hp_per_floor":[71,71,71,76,76,76,76,76,76,76,76,76],"relic_stats":{"counters":[6,31],"Dead Branch":[1],"obtain_stats":[{"Dead Branch":7,"Cracked Core":0},{"Dead Branch":5,"Cracked Core":0},{"Dead Branch":28,"Cracked Core":0}]},"card_choices":[{"not_picked":["Aggregate","Steam"],"picked":"Storm","floor":0.0},{"not_picked":["Heatsinks","Conserve Battery"],"picked":"Reinforced Body","floor":1},{"not_picked":["Storm","Undo"],"picked":"Barrage","floor":2},{"not_picked":["Recycle","Scrape"],"picked":"Capacitor","floor":3},{"not_picked":["Rip and Tear","Redo"],"picked":"Streamline","floor":5},{"not_picked":["Hologram","Scrape"],"picked":"Melter","floor":7}],"player_experience":2288434,"relics_obtained":[{"floor":7,"key":"Dead Branch"}],"event_choices":[{"damage_healed":0,"gold_gain":0,"player_choice":"Donut","damage_taken":0,"max_hp_gain":5,"max_hp_loss":0,"event_name":"Big Fish","floor":4,"gold_loss":0},{"damage_healed":0,"gold_gain":50,"player_choice":"Pray","damage_taken":0,"max_hp_gain":0,"max_hp_loss":0,"event_name":"Golden Shrine","floor":10,"gold_loss":0}],"is_beta":false,"boss_relics":[],"items_purged_floors":[],"is_endless":false,"potions_floor_spawned":[1,5,7],"killed_by":"Gremlin Nob","ascension_level":20}}