{"host":"u1dfzl6o6mfmauc3","time":1613508311,"event":{"mods":["2.2 Compatiblity","AchievementEnabler","BaseMod","Bestiary","Block Reminder","Challenge The Spire","Colored Map","Dark Map","Hermit","Highlight Path","Minty Spire (QoL Compilation)","Random Character Button","Rare Cards Sparkle","Relic Stats","Robot Space Explorer","StSLib","The Disciple"],"gold_per_floor":[109,128,128,146,38,38,72,72,99,99,173,207,223,249,263,263,386,386,401,23,23,23,43,43,76,76,76,76,76,76],"floor_reached":29,"language":"ENG","playtime":1739,"items_purged":[],"score":361,"play_id":"f13f6cf9-3ea5-4a2f-b7f3-070a40f382d0","local_time":"20210216154511","is_ascension_mode":true,"campfire_choices":[{"data":"RobotSpaceExplorer:MiniLasers","floor":6.0,"key":"SMITH"},{"data":"RobotSpaceExplorer:DoubleBlock","floor":8.0,"key":"SMITH"},{"data":"RobotSpaceExplorer:Discharger","floor":10.0,"key":"SMITH"},{"data":"RobotSpaceExplorer:Counterblock","floor":16.0,"key":"SMITH"},{"data":"RobotSpaceExplorer:ShockMissile","floor":24,"key":"SMITH"},{"floor":26,"key":"REST"},{"data":"RobotSpaceExplorer:MiniBoosters","floor":28,"key":"SMITH"}],"circlet_count":0,"master_deck":["RobotSpaceExplorer:Strike","RobotSpaceExplorer:Strike","RobotSpaceExplorer:Strike","RobotSpaceExplorer:Defend","RobotSpaceExplorer:Defend","RobotSpaceExplorer:Defend","RobotSpaceExplorer:Defend","RobotSpaceExplorer:Scan","RobotSpaceExplorer:MiniLasers+1","RobotSpaceExplorer:Pulsar","RobotSpaceExplorer:SlimeMissile","RobotSpaceExplorer:MiniBoosters+1","RobotSpaceExplorer:Discharger+1","RobotSpaceExplorer:DoubleBlock+1","RobotSpaceExplorer:SurgingStrike","RobotSpaceExplorer:ScrapMissile","RobotSpaceExplorer:Autoloader","RobotSpaceExplorer:Counterblock+1","RobotSpaceExplorer:ShockMissile+1","RobotSpaceExplorer:RigExplosive+1","RobotSpaceExplorer:RigExplosive+1"],"relics":["RobotSpaceExplorer:RoboCore","FossilizedHelix","Golden Idol","Omamori","Toy Ornithopter","Pantograph","Tiny Chest","Dream Catcher","RobotSpaceExplorer:SearchSpecs","Torii","WingedGreaves","Nunchaku"],"acts_visited":["Exordium","TheCity"],"potions_floor_usage":[19,23,25,25,29,29,29],"damage_taken":[{"damage":0.0,"enemies":"Jaw Worm","floor":1.0,"turns":4.0},{"damage":0.0,"enemies":"Cultist","floor":2.0,"turns":6.0},{"damage":0.0,"enemies":"Small Slimes","floor":4.0,"turns":3.0},{"damage":16.0,"enemies":"Lagavulin","floor":7.0,"turns":11.0},{"damage":0.0,"enemies":"3 Sentries","floor":11.0,"turns":5.0},{"damage":31.0,"enemies":"Gremlin Nob","floor":12.0,"turns":6.0},{"damage":0.0,"enemies":"Looter","floor":13.0,"turns":4.0},{"damage":0.0,"enemies":"Lots of Slimes","floor":15.0,"turns":4.0},{"damage":30.0,"enemies":"The Guardian","floor":17.0,"turns":13.0},{"damage":14,"enemies":"Spheric Guardian","floor":19,"turns":10},{"damage":1,"enemies":"3 Byrds","floor":23,"turns":7},{"damage":49,"enemies":"Slavers","floor":25,"turns":13},{"damage":65,"enemies":"Gremlin Leader","floor":29,"turns":7}],"seed_played":"2624063776846982291","potions_obtained":[{"floor":1.0,"key":"SneckoOil"},{"floor":4.0,"key":"Energy Potion"},{"floor":13.0,"key":"DistilledChaos"},{"floor":17.0,"key":"Dexterity Potion"},{"floor":25,"key":"AttackPotion"}],"is_trial":false,"path_per_floor":["M","M","?","M","$","R","E","R","T","R","?","E","M","T","M","R","B",null,"M","$","?","T","M","R","E","R","T","R","E"],"character_chosen":"RobotSpaceExplorer","items_purchased":["RobotSpaceExplorer:Discharger","RobotSpaceExplorer:DoubleBlock","Torii","Regen Potion"],"campfire_rested":1,"item_purchase_floors":[5,5,20,20],"current_hp_per_floor":[68,68,51,51,51,51,35,35,35,35,40,9,9,9,14,14,9,53,44,44,44,44,48,48,24,44,44,44,0,0],"gold":76,"neow_bonus":"ONE_RARE_RELIC","is_daily":false,"chose_seed":false,"campfire_upgraded":6,"win_rate":0.0,"timestamp":1613508311,"path_taken":["M","M","?","M","$","R","E","R","T","R","?","E","?","?","M","R","BOSS","M","$","?","?","M","R","E","R","T","R","E"],"items_purchased_type":["Card","Card","Relic","Potion"],"build_version":"2020-12-22","purchased_purges":0,"victory":false,"max_hp_per_floor":[68,68,68,68,68,68,68,68,68,68,68,68,68,68,68,68,68,68,68,68,68,68,68,68,68,68,68,68,68,68],"relic_stats":{"Dream Catcher":1,"Nunchaku":[1],"Torii":6,"counters":[13,93],"Golden Idol":85,"Pantograph":25,"Tiny Chest":1,"obtain_stats":[{"Dream Catcher":14,"Nunchaku":25,"Torii":20,"Golden Idol":3,"Pantograph":11,"RobotSpaceExplorer:RoboCore":0,"Tiny Chest":12,"WingedGreaves":22,"Omamori":7,"RobotSpaceExplorer:SearchSpecs":18,"FossilizedHelix":0,"Toy Ornithopter":9},{"Dream Catcher":7,"Nunchaku":12,"Torii":10,"Golden Idol":2,"Pantograph":5,"RobotSpaceExplorer:RoboCore":0,"Tiny Chest":6,"WingedGreaves":10,"Omamori":4,"RobotSpaceExplorer:SearchSpecs":9,"FossilizedHelix":0,"Toy Ornithopter":4},{"Dream Catcher":39,"Nunchaku":86,"Torii":66,"Golden Idol":10,"Pantograph":29,"RobotSpaceExplorer:RoboCore":0,"Tiny Chest":35,"WingedGreaves":66,"Omamori":24,"RobotSpaceExplorer:SearchSpecs":56,"FossilizedHelix":0,"Toy Ornithopter":24}],"Toy Ornithopter":45},"card_choices":[{"not_picked":["RobotSpaceExplorer:MetalStrike","RobotSpaceExplorer:SwiftStep"],"picked":"RobotSpaceExplorer:Pulsar","floor":1.0},{"not_picked":["RobotSpaceExplorer:MetalStrike","RobotSpaceExplorer:MiniDrones"],"picked":"RobotSpaceExplorer:SlimeMissile","floor":2.0},{"not_picked":["RobotSpaceExplorer:ShockKick","RobotSpaceExplorer:Counterblock"],"picked":"RobotSpaceExplorer:MiniBoosters","floor":4.0},{"not_picked":["RobotSpaceExplorer:ImprovisedAttack","RobotSpaceExplorer:SurgingShield"],"picked":"RobotSpaceExplorer:SurgingStrike","floor":7.0},{"not_picked":["RobotSpaceExplorer:RigExplosive","RobotSpaceExplorer:SwiftStep"],"picked":"RobotSpaceExplorer:ScrapMissile","floor":11.0},{"not_picked":["RobotSpaceExplorer:Pulsar","RobotSpaceExplorer:GlueSpray"],"picked":"RobotSpaceExplorer:Autoloader","floor":12.0},{"not_picked":["RobotSpaceExplorer:FranticSearch","RobotSpaceExplorer:Fix"],"picked":"RobotSpaceExplorer:Counterblock","floor":13.0},{"not_picked":["RobotSpaceExplorer:SwiftStep","RobotSpaceExplorer:Ammunition","RobotSpaceExplorer:ShovelStrike"],"picked":"SKIP","floor":15.0},{"not_picked":["RobotSpaceExplorer:Comet","RobotSpaceExplorer:Asteroid"],"picked":"RobotSpaceExplorer:ShockMissile","floor":17.0},{"not_picked":["RobotSpaceExplorer:SurgingStrike","RobotSpaceExplorer:Blitz"],"picked":"RobotSpaceExplorer:RigExplosive+1","floor":19},{"not_picked":["RobotSpaceExplorer:DoubleBlock+1","RobotSpaceExplorer:Probe","RobotSpaceExplorer:StarLightning"],"picked":"SKIP","floor":23},{"not_picked":["RobotSpaceExplorer:ScrapMissile+1","RobotSpaceExplorer:Counterblock"],"picked":"RobotSpaceExplorer:RigExplosive+1","floor":25}],"player_experience":256259,"relics_obtained":[{"floor":7.0,"key":"Omamori"},{"floor":9.0,"key":"Toy Ornithopter"},{"floor":11.0,"key":"Pantograph"},{"floor":12.0,"key":"Tiny Chest"},{"floor":14.0,"key":"Dream Catcher"},{"floor":22,"key":"WingedGreaves"},{"floor":25,"key":"Nunchaku"}],"event_choices":[{"damage_healed":0.0,"max_hp_gain":0.0,"max_hp_loss":0.0,"gold_gain":0.0,"event_name":"Golden Idol","player_choice":"Take Damage","floor":3.0,"gold_loss":0.0,"damage_taken":17.0,"relics_obtained":["Golden Idol"]},{"damage_healed":0.0,"max_hp_gain":0.0,"max_hp_loss":0.0,"gold_gain":0.0,"event_name":"Dead Adventurer","player_choice":"Searched \u00271\u0027 times","floor":11.0,"gold_loss":0.0,"damage_taken":0.0},{"cards_removed":["RobotSpaceExplorer:Strike"],"damage_healed":0,"gold_gain":0,"player_choice":"Purged","damage_taken":0,"max_hp_gain":0,"max_hp_loss":0,"event_name":"Purifier","floor":21,"gold_loss":0}],"is_beta":false,"boss_relics":[{"not_picked":["Empty Cage","RobotSpaceExplorer:Reprocessor"],"picked":"RobotSpaceExplorer:SearchSpecs"}],"items_purged_floors":[],"is_endless":false,"potions_floor_spawned":[1,4,13,17,25],"killed_by":"Gremlin Leader","ascension_level":9}}