{"host":"ssceekdvsvld625r","time":1613466903,"event":{"mods":["AchievementEnabler","BaseMod","Better Third Choice","Block Reminder","Colored Map","Colored Powertips","Highlight Path","Minty Spire (QoL Compilation)","Permanent Neow","Quick Restart","Rare Cards Sparkle","Relic Stats","Shop Mod","StSLib"],"gold_per_floor":[162,11,11,30,30,30,63,63,110,135,189,209,223,323,323,426,426,445,445,370,420,450,450,477,477,504,519,619,64,84,97,97,200,200,217,267,267,314,314,330,330,5,5,5,35,50,50,67,67,67],"floor_reached":51,"language":"ENG","playtime":3587,"items_purged":[],"score":899,"play_id":"fdaa4254-e210-41c8-b376-693cd447f2f4","local_time":"20210216021503","is_ascension_mode":false,"campfire_choices":[{"data":"Finisher","floor":6,"key":"SMITH"},{"floor":15,"key":"REST"},{"floor":23,"key":"REST"},{"data":"After Image","floor":25,"key":"SMITH"},{"floor":32,"key":"REST"},{"floor":41,"key":"REST"},{"floor":49,"key":"REST"}],"circlet_count":0,"master_deck":["Strike_G","Strike_G","Strike_G+1","Strike_G","Strike_G+1","Defend_G+1","Defend_G","Defend_G","Survivor","Neutralize+1","Finisher+1","Slice","Noxious Fumes","Flying Knee+1","Poisoned Stab+1","After Image+1","CurseOfTheBell","Poisoned Stab+1","Bane+1","Bouncing Flask","Die Die Die+1","Bouncing Flask","Bane+1","Infinite Blades+1","Terror+1","Bouncing Flask+1","Doppelganger+1","Catalyst+1","Crippling Poison+1","Blade Dance+1","Violence+1","Bane+1","Endless Agony+1","Infinite Blades+1","Blade Dance+1","Terror+1"],"relics":["Tiny House","TwistedFunnel","PreservedInsect","Dream Catcher","Whetstone","Molten Egg 2","Strawberry","Calling Bell","Happy Flower","Meat on the Bone","Peace Pipe","MealTicket","Bag of Preparation","Red Mask","Matryoshka","Pen Nib","Potion Belt","Incense Burner","Toxic Egg 2","Frozen Egg 2","Ornamental Fan","WristBlade","StoneCalendar","Mango","The Specimen","Regal Pillow","Darkstone Periapt","InkBottle"],"acts_visited":["Exordium","TheCity","TheBeyond"],"potions_floor_usage":[16,33,33,50,50,50,50],"damage_taken":[{"damage":5,"enemies":"Jaw Worm","floor":1,"turns":5},{"damage":7,"enemies":"Small Slimes","floor":4,"turns":3},{"damage":21,"enemies":"Gremlin Nob","floor":7,"turns":4},{"damage":10,"enemies":"Lagavulin","floor":10,"turns":4},{"damage":0,"enemies":"2 Louse","floor":12,"turns":2},{"damage":0,"enemies":"Looter","floor":13,"turns":2},{"damage":60,"enemies":"Slime Boss","floor":16,"turns":11},{"damage":7,"enemies":"Chosen","floor":18,"turns":5},{"damage":27,"enemies":"Masked Bandits","floor":22,"turns":4},{"damage":0,"enemies":"Gremlin Leader","floor":24,"turns":4},{"damage":2,"enemies":"Spheric Guardian","floor":27,"turns":3},{"damage":16,"enemies":"Colosseum Slavers","floor":28,"turns":3},{"damage":15,"enemies":"Colosseum Nobs","floor":28,"turns":4},{"damage":1,"enemies":"Centurion and Healer","floor":30,"turns":3},{"damage":5,"enemies":"Snecko","floor":31,"turns":3},{"damage":24,"enemies":"Automaton","floor":33,"turns":5},{"damage":8,"enemies":"3 Darklings","floor":35,"turns":4},{"damage":6,"enemies":"Mind Bloom Boss Battle","floor":36,"turns":4},{"damage":45,"enemies":"2 Orb Walkers","floor":38,"turns":4},{"damage":11,"enemies":"Orb Walker","floor":40,"turns":3},{"damage":0,"enemies":"Giant Head","floor":45,"turns":5},{"damage":13,"enemies":"4 Shapes","floor":46,"turns":3},{"damage":17,"enemies":"Transient","floor":48,"turns":5},{"damage":24,"enemies":"Time Eater","floor":50,"turns":8}],"seed_played":"-399075648655798928","potions_obtained":[{"floor":0,"key":"FairyPotion"},{"floor":1,"key":"Ancient Potion"},{"floor":10,"key":"PowerPotion"},{"floor":28,"key":"SneckoOil"},{"floor":30,"key":"Weak Potion"},{"floor":31,"key":"AttackPotion"},{"floor":33,"key":"Dexterity Potion"},{"floor":35,"key":"Poison Potion"},{"floor":38,"key":"Block Potion"},{"floor":45,"key":"Weak Potion"}],"is_trial":false,"path_per_floor":["M","$","?","M","?","R","E","?","T","E","T","M","M","?","R","B",null,"M","?","?","T","?","R","E","R","T","M","?","$","M","M","R","B",null,"M","?","?","?","?","M","R","$","T","$","E","M","?","M","R","B",null],"character_chosen":"THE_SILENT","items_purchased":["TwistedFunnel","Frozen Egg 2","Ornamental Fan","Backstab+1","The Specimen","Infinite Blades+1"],"campfire_rested":5,"item_purchase_floors":[2,29,29,29,42,42],"current_hp_per_floor":[70,70,75,68,68,68,47,40,40,30,37,37,37,37,63,3,87,80,80,80,80,53,79,79,79,79,77,46,61,60,55,81,57,87,79,73,73,54,54,55,85,100,100,101,101,88,88,71,101,77],"gold":67,"neow_bonus":"BOSS_RELIC","is_daily":false,"chose_seed":false,"campfire_upgraded":2,"win_rate":0.0,"timestamp":1613466903,"path_taken":["M","$","?","M","?","R","E","?","T","E","?","M","M","?","R","BOSS","M","?","?","?","?","R","E","R","T","M","?","?","M","M","R","BOSS","M","?","?","?","?","?","R","$","T","$","E","M","?","M","R","BOSS"],"items_purchased_type":["Relic","Relic","Relic","Card","Relic","Card"],"build_version":"2020-12-22","purchased_purges":0,"victory":true,"max_hp_per_floor":[75,75,80,80,80,80,80,80,80,80,87,87,87,87,87,87,87,87,87,87,87,87,87,87,87,87,87,87,87,87,87,87,87,87,87,87,87,101,101,101,101,101,101,101,101,101,101,101,101,101],"relic_stats":{"Darkstone Periapt":0,"Regal Pillow":0,"Happy Flower":[23],"counters":[24,101],"StoneCalendar":[52],"PreservedInsect":234,"Pen Nib":[17],"Bag of Preparation":[32],"Whetstone":["Strike_G","Strike_G"],"Peace Pipe":0,"Dream Catcher":5,"Ornamental Fan":[132],"MealTicket":31,"obtain_stats":[{"TwistedFunnel":2,"Darkstone Periapt":43,"Regal Pillow":43,"Tiny House":0,"StoneCalendar":36,"Mango":38,"Bag of Preparation":21,"Incense Burner":28,"Whetstone":9,"Dream Catcher":8,"Matryoshka":24,"WristBlade":34,"Strawberry":11,"MealTicket":19,"Red Mask":22,"Toxic Egg 2":28,"InkBottle":45,"Ring of the Snake":0,"Potion Belt":26,"Happy Flower":17,"The Specimen":42,"PreservedInsect":7,"Pen Nib":26,"Frozen Egg 2":29,"Calling Bell":17,"Peace Pipe":17,"Ornamental Fan":29,"Molten Egg 2":10,"Meat on the Bone":17},{"TwistedFunnel":1,"Darkstone Periapt":20,"Regal Pillow":20,"Tiny House":0,"StoneCalendar":18,"Mango":19,"Bag of Preparation":8,"Incense Burner":13,"Whetstone":3,"Dream Catcher":3,"Matryoshka":10,"WristBlade":16,"Strawberry":4,"MealTicket":8,"Red Mask":9,"Toxic Egg 2":13,"InkBottle":21,"Ring of the Snake":0,"Potion Belt":10,"Happy Flower":7,"The Specimen":20,"PreservedInsect":3,"Pen Nib":10,"Frozen Egg 2":13,"Calling Bell":7,"Peace Pipe":7,"Ornamental Fan":13,"Molten Egg 2":4,"Meat on the Bone":7},{"TwistedFunnel":5,"Darkstone Periapt":80,"Regal Pillow":80,"Tiny House":0,"StoneCalendar":73,"Mango":77,"Bag of Preparation":36,"Incense Burner":54,"Whetstone":12,"Dream Catcher":12,"Matryoshka":44,"WristBlade":65,"Strawberry":16,"MealTicket":36,"Red Mask":40,"Toxic Egg 2":54,"InkBottle":85,"Ring of the Snake":0,"Potion Belt":44,"Happy Flower":31,"The Specimen":80,"PreservedInsect":12,"Pen Nib":44,"Frozen Egg 2":54,"Calling Bell":31,"Peace Pipe":31,"Ornamental Fan":54,"Molten Egg 2":16,"Meat on the Bone":31}],"InkBottle":[10],"Meat on the Bone":24},"card_choices":[{"not_picked":["Flechettes","Backflip"],"picked":"Finisher","floor":0},{"not_picked":["PiercingWail","Eviscerate","Deflect"],"picked":"SKIP","floor":1},{"not_picked":["Sucker Punch","Flechettes"],"picked":"Slice","floor":4},{"not_picked":["Heel Hook","Distraction","Catalyst"],"picked":"SKIP","floor":7},{"not_picked":["Underhanded Strike+1","Doppelganger"],"picked":"Noxious Fumes","floor":10},{"not_picked":["Terror","Heel Hook+1"],"picked":"Flying Knee+1","floor":12},{"not_picked":["Riddle With Holes+1","Underhanded Strike+1"],"picked":"Poisoned Stab+1","floor":13},{"not_picked":["Glass Knife+1","Phantasmal Killer"],"picked":"After Image","floor":16},{"not_picked":["Dagger Spray+1","Slice+1"],"picked":"Poisoned Stab+1","floor":18},{"not_picked":["Heel Hook+1","Wraith Form v2"],"picked":"Bane+1","floor":22},{"not_picked":["Dash+1","Slice+1"],"picked":"Bouncing Flask","floor":23},{"not_picked":["Masterful Stab+1","Dash+1"],"picked":"Die Die Die+1","floor":24},{"not_picked":["Masterful Stab+1","Dodge and Roll+1"],"picked":"Bouncing Flask","floor":27},{"not_picked":["Underhanded Strike+1","Prepared+1"],"picked":"Bane+1","floor":28},{"not_picked":["Choke+1","Deadly Poison+1"],"picked":"Infinite Blades+1","floor":30},{"not_picked":["Caltrops+1","Flying Knee+1"],"picked":"Terror+1","floor":31},{"not_picked":["PiercingWail+1","Escape Plan+1"],"picked":"Bouncing Flask+1","floor":32},{"not_picked":["Burst+1","Die Die Die+1"],"picked":"Doppelganger+1","floor":33},{"not_picked":["Finisher+1","Bane+1"],"picked":"Catalyst+1","floor":35},{"not_picked":["Flying Knee+1","Backflip+1"],"picked":"Crippling Poison+1","floor":36},{"not_picked":["Prepared+1","Deflect+1"],"picked":"Blade Dance+1","floor":38},{"not_picked":["Secret Technique+1","Jack Of All Trades+1"],"picked":"Violence+1","floor":39},{"not_picked":["Slice+1","Prepared+1"],"picked":"Bane+1","floor":40},{"not_picked":["Prepared+1","Flying Knee+1"],"picked":"Endless Agony+1","floor":41},{"not_picked":["Finisher+1","Deadly Poison+1"],"picked":"Blade Dance+1","floor":45},{"not_picked":["Blur+1","Sucker Punch+1","Acrobatics+1"],"picked":"SKIP","floor":46},{"not_picked":["Reflex+1","Flying Knee+1","Flechettes+1"],"picked":"SKIP","floor":48},{"not_picked":["Escape Plan+1","Flying Knee+1"],"picked":"Terror+1","floor":49}],"player_experience":28965,"relics_obtained":[{"floor":7,"key":"PreservedInsect"},{"floor":9,"key":"Whetstone"},{"floor":10,"key":"Molten Egg 2"},{"floor":11,"key":"Strawberry"},{"floor":17,"key":"Happy Flower"},{"floor":17,"key":"Meat on the Bone"},{"floor":17,"key":"Peace Pipe"},{"floor":21,"key":"Bag of Preparation"},{"floor":22,"key":"Red Mask"},{"floor":24,"key":"Matryoshka"},{"floor":26,"key":"Pen Nib"},{"floor":26,"key":"Potion Belt"},{"floor":28,"key":"Incense Burner"},{"floor":28,"key":"Toxic Egg 2"},{"floor":36,"key":"StoneCalendar"},{"floor":38,"key":"Mango"},{"floor":43,"key":"Regal Pillow"},{"floor":43,"key":"Darkstone Periapt"},{"floor":45,"key":"InkBottle"}],"event_choices":[{"damage_healed":0,"gold_gain":0,"player_choice":"Donut","damage_taken":0,"max_hp_gain":5,"max_hp_loss":0,"event_name":"Big Fish","floor":3,"gold_loss":0},{"damage_healed":0,"gold_gain":0,"player_choice":"Grow","damage_taken":0,"max_hp_gain":0,"max_hp_loss":0,"event_name":"Living Wall","floor":5,"gold_loss":0,"cards_upgraded":["Neutralize"]},{"damage_healed":0,"gold_gain":0,"player_choice":"Relic ","damage_taken":7,"max_hp_gain":0,"max_hp_loss":0,"event_name":"betterThird:BetterScrap","floor":8,"gold_loss":0,"cards_obtained":["Reboot"]},{"damage_healed":0,"gold_gain":100,"player_choice":"Pray","damage_taken":0,"max_hp_gain":0,"max_hp_loss":0,"event_name":"Golden Shrine","floor":14,"gold_loss":0},{"damage_healed":0,"gold_gain":0,"player_choice":"Opened","damage_taken":0,"relics_obtained":["MealTicket"],"max_hp_gain":0,"max_hp_loss":0,"event_name":"The Mausoleum","floor":19,"gold_loss":0},{"cards_removed":["Defend_G"],"damage_healed":0,"gold_gain":0,"player_choice":"Gave Gold","damage_taken":0,"max_hp_gain":0,"max_hp_loss":0,"event_name":"Beggar","floor":20,"gold_loss":75},{"damage_healed":0,"gold_gain":0,"player_choice":"Fought Bandits","damage_taken":0,"max_hp_gain":0,"max_hp_loss":0,"event_name":"Masked Bandits","floor":22,"gold_loss":0},{"damage_healed":0,"gold_gain":0,"player_choice":"Fight","damage_taken":0,"max_hp_gain":0,"max_hp_loss":0,"event_name":"Colosseum","floor":28,"gold_loss":0},{"damage_healed":0,"gold_gain":0,"player_choice":"Fought Nobs","damage_taken":0,"max_hp_gain":0,"max_hp_loss":0,"event_name":"Colosseum","floor":28,"gold_loss":0},{"damage_healed":0,"gold_gain":0,"player_choice":"Fight","damage_taken":0,"max_hp_gain":0,"max_hp_loss":0,"event_name":"MindBloom","floor":36,"gold_loss":0},{"cards_removed":["Backstab"],"damage_healed":0,"gold_gain":0,"player_choice":"Removed Attack","damage_taken":0,"max_hp_gain":0,"max_hp_loss":0,"event_name":"Falling","floor":37,"gold_loss":0},{"damage_healed":0,"gold_gain":0,"player_choice":"Fight","damage_taken":0,"max_hp_gain":0,"max_hp_loss":0,"event_name":"Mysterious Sphere","floor":38,"gold_loss":0},{"damage_healed":0,"gold_gain":0,"player_choice":"Memory 1","damage_taken":0,"max_hp_gain":0,"max_hp_loss":0,"event_name":"SensoryStone","floor":39,"gold_loss":0},{"cards_removed":["Defend_G"],"damage_healed":0,"gold_gain":0,"player_choice":"Purged","damage_taken":0,"max_hp_gain":0,"max_hp_loss":0,"event_name":"Purifier","floor":47,"gold_loss":0}],"is_beta":false,"boss_relics":[{"not_picked":["SacredBark","Fusion Hammer"],"picked":"Calling Bell"},{"not_picked":["Runic Dome","Velvet Choker"],"picked":"WristBlade"}],"items_purged_floors":[],"is_endless":false,"potions_floor_spawned":[1,10,12,13,28,30,31,33,35,38,45],"ascension_level":0}}