{"host":"ubyp1yuphwcqvn8x","time":1613501584,"event":{"mods":["BaseMod","Colored Map","Minty Spire (QoL Compilation)","Permanent Neow","Replay The Spire","StSLib","SuperFastMode","The Construct"],"gold_per_floor":[114,114,64,88,106,131,148,175,175,33,33,33,77,97,97,7,7],"floor_reached":16,"language":"ENG","playtime":729,"items_purged":["Writhe"],"score":157,"play_id":"a0414710-be9d-446e-8c64-b402bfe41e90","local_time":"20210216135304","is_ascension_mode":true,"campfire_choices":[{"data":"Eruption","floor":12.0,"key":"SMITH"}],"circlet_count":0,"master_deck":["Strike_R","Strike_R","Strike_R","Strike_R","Defend_R","Defend_R","Defend_R","Bash","Eruption+1","Strike_G","Pommel Strike","True Grit","ReplayUltimateDefense+1","Dark Embrace+1","Hemokinesis+1","Intimidate"],"relics":["Burning Blood","Turnip","Smiling Mask","Frozen Egg 2","Self Forming Clay","Replay:Bandana","ReplayTheSpireMod:CursedCoin","Replay:Wax Seal","Peace Pipe"],"acts_visited":["Exordium"],"potions_floor_usage":[],"damage_taken":[{"damage":7.0,"enemies":"Jaw Worm","floor":1.0,"turns":3.0},{"damage":0.0,"enemies":"Cultist","floor":5.0,"turns":2.0},{"damage":0.0,"enemies":"Gremlin Nob","floor":6.0,"turns":2.0},{"damage":9.0,"enemies":"2 Louse","floor":7.0,"turns":3.0},{"damage":45.0,"enemies":"3 Sentries","floor":8.0,"turns":5.0},{"damage":28.0,"enemies":"Gremlin Nob","floor":13.0,"turns":3.0},{"damage":15.0,"enemies":"Exordium Thugs","floor":14.0,"turns":5.0},{"damage":44,"enemies":"Hexaghost","floor":16,"turns":7}],"seed_played":"3324552938601832003","potions_obtained":[{"floor":5.0,"key":"ColorlessPotion"},{"floor":7.0,"key":"SteroidPotion"}],"is_trial":false,"path_per_floor":["M","?","?","T","M","E","M","E","T","$","$","R","E","M","R_BF","B"],"character_chosen":"IRONCLAD","items_purchased":["ReplayTheSpireMod:CursedCoin","ReplayUltimateDefense+1","Replay:Wax Seal","Dark Embrace+1"],"campfire_rested":0,"item_purchase_floors":[10,10,10,10],"current_hp_per_floor":[79,79,79,79,80,80,77,38,38,38,38,38,16,7,31,0,0],"gold":7,"neow_bonus":"ONE_RARE_RELIC","is_daily":false,"chose_seed":false,"campfire_upgraded":1,"win_rate":0.0,"timestamp":1613501584,"path_taken":["M","?","?","?","?","E","M","E","T","?","$","R","E","M","R_BF","BOSS"],"items_purchased_type":["Relic","Card","Relic","Card"],"build_version":"2020-12-22","purchased_purges":1,"victory":false,"max_hp_per_floor":[80,80,80,80,80,80,80,80,80,80,80,80,80,80,80,80,80],"card_choices":[{"not_picked":["Clothesline","Armaments","Iron Wave"],"picked":"SKIP","floor":1.0},{"not_picked":["Sword Boomerang","Metallicize","Shrug It Off"],"picked":"SKIP","floor":5.0},{"not_picked":["Anger","Intimidate"],"picked":"Pommel Strike","floor":6.0},{"not_picked":["Perfected Strike","Shrug It Off","Second Wind"],"picked":"SKIP","floor":7.0},{"not_picked":["Entrench","Iron Wave"],"picked":"True Grit","floor":8.0},{"not_picked":["Heavy Blade","Carnage"],"picked":"Hemokinesis","floor":13.0},{"not_picked":["Sword Boomerang","Warcry"],"picked":"Intimidate","floor":14.0}],"player_experience":1121050,"relics_obtained":[{"floor":4.0,"key":"Smiling Mask"},{"floor":6.0,"key":"Frozen Egg 2"},{"floor":8.0,"key":"Self Forming Clay"},{"floor":9.0,"key":"Replay:Bandana"},{"floor":13.0,"key":"Peace Pipe"}],"event_choices":[{"cards_removed":["Defend_R"],"damage_healed":0.0,"max_hp_gain":0.0,"max_hp_loss":0.0,"gold_gain":0.0,"event_name":"The Cleric","player_choice":"Card Removal","floor":3.0,"gold_loss":50.0,"damage_taken":0.0}],"is_beta":false,"boss_relics":[],"items_purged_floors":[10],"is_endless":false,"potions_floor_spawned":[5,7],"killed_by":"Hexaghost","ascension_level":2}}