{"host":"Doisman","time":1613516334,"event":{"mods":["AchievementEnabler","BaseMod","Better Note","Curses Come First","Minty Spire (QoL Compilation)","Permanent Neow","Quick Restart","Relic Stats","Replay The Spire","StSLib","slay the spire mod where everything is the same but ironclad has a cowboy hat"],"gold_per_floor":[112,146,165,178,3,3,13,40,40,40,56,66,66,90,90,190,190,201,301,376,376,401,401,416,450,528,528,627,627,452,481,481,580,580,594,594,594,614,142,142,156,186,209,219,219,219,274,286,286,286,286,286],"floor_reached":53,"language":"ENG","playtime":1656,"items_purged":["Clumsy","Clumsy"],"score":846,"play_id":"ef754213-008a-4a13-b8ba-9806d5b786a4","local_time":"20210216165854","is_ascension_mode":false,"campfire_choices":[{"data":"ReplayUltimateDefense","floor":6,"key":"SMITH"},{"data":"Bash","floor":10,"key":"SMITH"},{"data":"Bludgeon","floor":13,"key":"SMITH"},{"data":"Heavy Blade","floor":15,"key":"SMITH"},{"data":"Spot Weakness","floor":23,"key":"SMITH"},{"data":"Uppercut","floor":27,"key":"SMITH"},{"data":"Cleave","floor":29,"key":"SMITH"},{"data":"Defend_R","floor":32,"key":"SMITH"},{"data":"Metallicize","floor":40,"key":"SMITH"},{"floor":51,"key":"REST"}],"circlet_count":0,"master_deck":["Defend_R","Defend_R","Defend_R","Defend_R+1","Bash+1","Cleave+1","Heavy Blade+1","ReplayUltimateDefense+1","Spot Weakness+1","Bludgeon+1","Clothesline+1","Uppercut+1","Demon Form+1","Shrug It Off+1","Metallicize+1","Parasite","Shrug It Off","Shrug It Off","Shrug It Off","Writhe"],"relics":["Snecko Heart","Turnip","Blue Doll","Anchor","Odd Mushroom","Replay:Grab Bag","Runic Dome","Replay:Bronze Core","Kintsugi","Divine Protection","Red Mask","Whetstone","Replay:Accelerometer","Mirror","ReplayTheSpireMod:DimensionalGlitch","Strawberry","Toolbox","StrikeDummy","Juzu Bracelet","Counterbalance"],"acts_visited":["Exordium","TheCity","TheBeyond"],"potions_floor_usage":[14,16,22,22,25,33,42,47,52,52,52,52,52,52,52,52,52],"damage_taken":[{"damage":6,"enemies":"Jaw Worm","floor":1,"turns":3},{"damage":0,"enemies":"2 Louse","floor":3,"turns":2},{"damage":0,"enemies":"Small Slimes","floor":4,"turns":2},{"damage":0,"enemies":"Looter","floor":7,"turns":3},{"damage":0,"enemies":"3 Sentries","floor":8,"turns":6},{"damage":0,"enemies":"3 Louse","floor":11,"turns":2},{"damage":1,"enemies":"Exordium Wildlife","floor":12,"turns":3},{"damage":0,"enemies":"The Mushroom Lair","floor":14,"turns":4},{"damage":0,"enemies":"Slime Boss","floor":16,"turns":4},{"damage":0,"enemies":"Chosen","floor":18,"turns":3},{"damage":0,"enemies":"Masked Bandits","floor":22,"turns":3},{"damage":0,"enemies":"Spheric Guardian","floor":24,"turns":2},{"damage":0,"enemies":"Gremlin Leader","floor":25,"turns":5},{"damage":0,"enemies":"Slavers","floor":31,"turns":4},{"damage":0,"enemies":"Pondfish","floor":33,"turns":6},{"damage":0,"enemies":"Orb Walker","floor":35,"turns":3},{"damage":0,"enemies":"3 Shapes","floor":38,"turns":5},{"damage":0,"enemies":"Writhing Mass","floor":41,"turns":4},{"damage":76,"enemies":"R_Hoarder","floor":42,"turns":7},{"damage":0,"enemies":"Spire Growth","floor":44,"turns":5},{"damage":0,"enemies":"2 Orb Walkers","floor":47,"turns":4},{"damage":0,"enemies":"3 Darklings","floor":48,"turns":8},{"damage":0,"enemies":"Replay:Hell Engine","floor":52,"turns":10}],"seed_played":"5933926075238279523","potions_obtained":[{"floor":4,"key":"LifebloodPotion"},{"floor":7,"key":"PowerPotion"},{"floor":11,"key":"SpeedPotion"},{"floor":14,"key":"Explosive Potion"},{"floor":18,"key":"Fire Potion"},{"floor":24,"key":"ColorlessPotion"},{"floor":31,"key":"LiquidBronze"},{"floor":42,"key":"Adrenaline Potion"},{"floor":48,"key":"PowerPotion"}],"is_trial":false,"path_per_floor":["M","?","M","M","$","R","M","E","T","R","M","M","R","?","R","B",null,"M","?","?","?","?","R","M","E","T","R","?","R","$","E","R","B",null,"M","?","?","M","$","R","M","E","T","M","PTL","PTL","?","M","?","?","R","B",null],"character_chosen":"IRONCLAD","items_purchased":["ReplayUltimateDefense","Adrenaline Potion","Block Potion","Strawberry","Metallicize","Toolbox"],"campfire_rested":1,"item_purchase_floors":[5,30,30,39,39,39],"current_hp_per_floor":[74,42,42,42,42,42,42,42,42,42,42,41,41,41,41,41,80,80,80,72,72,77,77,80,80,80,80,80,80,80,80,80,80,80,80,80,90,90,97,97,97,21,21,21,21,21,21,21,21,45,74,89],"gold":286,"neow_bonus":"BOSS_RELIC","is_daily":false,"chose_seed":false,"campfire_upgraded":9,"win_rate":0.0,"timestamp":1613516334,"path_taken":["M","?","M","M","$","R","M","E","T","R","M","M","R","?","R","BOSS","M","?","?","?","?","R","M","E","T","R","?","R","$","E","R","BOSS","M","?","?","M","$","R","M","E","T","M","PTL","PTL","?","M","?","?","R","BOSS"],"items_purchased_type":["Card","Potion","Potion","Relic","Card","Relic"],"build_version":"2020-12-18","purchased_purges":2,"victory":true,"max_hp_per_floor":[80,80,80,80,80,80,80,80,80,80,80,80,80,80,80,80,80,80,80,80,80,80,80,80,80,80,80,80,80,80,80,80,80,80,80,80,90,90,97,97,97,97,97,97,97,97,97,97,97,97,97,97],"relic_stats":{"counters":[23,98],"Turnip":[4],"Juzu Bracelet":2,"Whetstone":["Hemogenesis","Clothesline"],"obtain_stats":[{"Divine Protection":21,"Replay:Accelerometer":26,"Snecko Heart":0,"Replay:Grab Bag":17,"Counterbalance":47,"Blue Doll":8,"Juzu Bracelet":43,"Whetstone":25,"Odd Mushroom":14,"Burning Blood":0,"Runic Dome":17,"Anchor":9,"Replay:Bronze Core":17,"Strawberry":39,"Toolbox":39,"Turnip":2,"Red Mask":22,"Kintsugi":17,"Mirror":31,"ReplayTheSpireMod:DimensionalGlitch":34,"StrikeDummy":42},{"Divine Protection":10,"Replay:Accelerometer":13,"Snecko Heart":0,"Replay:Grab Bag":9,"Counterbalance":21,"Blue Doll":5,"Juzu Bracelet":19,"Whetstone":13,"Odd Mushroom":8,"Burning Blood":0,"Runic Dome":9,"Anchor":5,"Replay:Bronze Core":9,"Strawberry":17,"Toolbox":17,"Turnip":1,"Red Mask":11,"Kintsugi":9,"Mirror":14,"ReplayTheSpireMod:DimensionalGlitch":15,"StrikeDummy":19},{"Divine Protection":32,"Replay:Accelerometer":42,"Snecko Heart":0,"Replay:Grab Bag":29,"Counterbalance":80,"Blue Doll":16,"Juzu Bracelet":71,"Whetstone":42,"Odd Mushroom":25,"Burning Blood":0,"Runic Dome":29,"Anchor":16,"Replay:Bronze Core":29,"Strawberry":60,"Toolbox":60,"Turnip":3,"Red Mask":35,"Kintsugi":29,"Mirror":46,"ReplayTheSpireMod:DimensionalGlitch":52,"StrikeDummy":71}]},"card_choices":[{"not_picked":["Armaments","Reckless Charge","True Grit"],"picked":"SKIP","floor":1},{"not_picked":["Sword Boomerang","Thunderclap"],"picked":"Cleave","floor":2},{"not_picked":["Exhume","Pummel"],"picked":"Heavy Blade","floor":3},{"not_picked":["Rampage","Headbutt","ReplayTheSpireMod:LeadingStrike"],"picked":"SKIP","floor":4},{"not_picked":["Wild Strike","Headbutt"],"picked":"Spot Weakness","floor":7},{"not_picked":["Pommel Strike","Run Through"],"picked":"Bludgeon","floor":8},{"not_picked":["Sword Boomerang","True Grit"],"picked":"Clothesline","floor":11},{"not_picked":["ReplayTheSpireMod:Limb From Limb","Carnage","Warcry"],"picked":"SKIP","floor":12},{"not_picked":["Berserk","Feed"],"picked":"Hemogenesis","floor":16},{"not_picked":["Seeing Red","Reckless Charge","Dark Embrace"],"picked":"SKIP","floor":18},{"not_picked":["Clash","Combust+1","Dual Wield"],"picked":"SKIP","floor":24},{"not_picked":["Feed","Power Through"],"picked":"Uppercut","floor":25},{"not_picked":["True Grit","Sword Boomerang","Blood for Blood+1"],"picked":"SKIP","floor":31},{"not_picked":["Immolate","Exhume"],"picked":"Demon Form","floor":33},{"not_picked":["Armaments+1","Burning Pact","Cleave"],"picked":"SKIP","floor":35},{"not_picked":["Heavy Blade+1","Second Wind+1"],"picked":"Shrug It Off+1","floor":38},{"not_picked":["True Grit+1","Clash","Seeing Red"],"picked":"SKIP","floor":41},{"not_picked":["Abandon+1","Demonic Infusion"],"picked":"Shrug It Off","floor":42},{"not_picked":["Feel No Pain","Anger+1","Blood for Blood"],"picked":"SKIP","floor":44},{"not_picked":["Headbutt+1","Warcry"],"picked":"Shrug It Off","floor":47},{"not_picked":["Defy Death","Havoc"],"picked":"Shrug It Off","floor":48}],"player_experience":739933,"relics_obtained":[{"floor":2,"key":"Turnip"},{"floor":8,"key":"Blue Doll"},{"floor":9,"key":"Anchor"},{"floor":14,"key":"Odd Mushroom"},{"floor":21,"key":"Divine Protection"},{"floor":22,"key":"Red Mask"},{"floor":25,"key":"Whetstone"},{"floor":26,"key":"Replay:Accelerometer"},{"floor":31,"key":"Mirror"},{"floor":42,"key":"StrikeDummy"},{"floor":43,"key":"Juzu Bracelet"},{"floor":47,"key":"Counterbalance"}],"event_choices":[{"damage_healed":0,"gold_gain":0,"player_choice":"Fought Mushrooms","damage_taken":0,"max_hp_gain":0,"max_hp_loss":0,"event_name":"Mushrooms","floor":14,"gold_loss":0},{"damage_healed":0,"gold_gain":100,"player_choice":"Pray","damage_taken":0,"max_hp_gain":0,"max_hp_loss":0,"event_name":"Golden Shrine","floor":19,"gold_loss":0},{"damage_healed":0,"gold_gain":75,"player_choice":"Touch","damage_taken":8,"max_hp_gain":0,"max_hp_loss":0,"event_name":"FaceTrader","floor":20,"gold_loss":0},{"damage_healed":0,"gold_gain":0,"player_choice":"Relic","damage_taken":0,"max_hp_gain":0,"max_hp_loss":0,"event_name":"Wheel of Change","floor":21,"gold_loss":0},{"damage_healed":0,"gold_gain":0,"player_choice":"Fought Bandits","damage_taken":0,"max_hp_gain":0,"max_hp_loss":0,"event_name":"Masked Bandits","floor":22,"gold_loss":0},{"damage_healed":0,"gold_gain":99,"player_choice":"Stole From Cult","damage_taken":0,"max_hp_gain":0,"max_hp_loss":0,"event_name":"Nest","floor":28,"gold_loss":0},{"cards_removed":["Hemogenesis"],"damage_healed":0,"gold_gain":0,"player_choice":"Offered Rare","damage_taken":0,"max_hp_gain":10,"max_hp_loss":0,"event_name":"Bonfire Elementals","floor":37,"gold_loss":0},{"damage_healed":0,"gold_gain":0,"player_choice":"Fight","damage_taken":0,"max_hp_gain":0,"max_hp_loss":0,"event_name":"Mysterious Sphere","floor":47,"gold_loss":0},{"damage_healed":0,"gold_gain":0,"player_choice":"Upgraded","damage_taken":0,"max_hp_gain":0,"max_hp_loss":0,"event_name":"Upgrade Shrine","floor":49,"gold_loss":0,"cards_upgraded":["Demon Form"]},{"damage_healed":24,"gold_gain":0,"player_choice":"Writhe","damage_taken":0,"max_hp_gain":0,"max_hp_loss":0,"event_name":"Winding Halls","floor":50,"gold_loss":0,"cards_obtained":["Writhe"]}],"is_beta":true,"boss_relics":[{"not_picked":["Ring of Chaos","Philosopher\u0027s Stone"],"picked":"Replay:Grab Bag"},{"not_picked":["ReplayTheSpireMod:Onyx Gauntlets","Sozu"],"picked":"Runic Dome"},{"not_picked":["Mark of Pain","Cursed Key"],"picked":"Replay:Bronze Core"},{"not_picked":["Runic Pyramid","SacredBark"],"picked":"Kintsugi"},{"not_picked":["Replay:Ancient Bell","Velvet Choker"],"picked":"ReplayTheSpireMod:DimensionalGlitch"}],"items_purged_floors":[30,39],"is_endless":false,"potions_floor_spawned":[4,7,11,14,18,24,31,42,48],"ascension_level":0}}