{"host":"m8w71g8uphjy649i","time":1613437503,"event":{"mods":["AchievementEnabler","Act Like it!","BaseMod","BetterRewards","Colored Map","Colored Powertips","Energized Spire","Gensokyo","Googly Eyes","Hallownest","Hubris","Infinite Spire","Lobotomy","Minty Spire (QoL Compilation)","Rare Cards Sparkle","Replay The Spire","Shop Mod","StSLib","The Animator","The Jungle","Uncapped","everything is the same but u backflip on backflip"],"gold_per_floor":[409,424,69,69,69,169,169,169,169,169,169,202,229,229,229,306,306,325,325,325,425,111,111,111,111,136,136,136,136,136,61,61,132,182,195,195,195,195,195,195,226,226,226,226,226,226,319,319,319,319,319],"floor_reached":52,"language":"ZHS","playtime":1698,"items_purged":[],"score":1696,"play_id":"00b3995f-bcf8-4f74-af76-c86daf698c39","local_time":"20210216090503","daily_mods":["Hoarder","Heirloom","Flight","Elite Swarm"],"is_ascension_mode":true,"campfire_choices":[{"data":"Bouncing Flask","floor":8,"key":"SMITH"},{"floor":23,"key":"REST"},{"data":"Bouncing Flask","floor":24,"key":"SMITH"},{"data":"Catalyst","floor":28,"key":"SMITH"},{"floor":32,"key":"REST"},{"data":"Catalyst","floor":40,"key":"SMITH"},{"data":"Adrenaline","floor":42,"key":"SMITH"},{"data":"Adrenaline","floor":46,"key":"SMITH"},{"data":"Adrenaline","floor":49,"key":"SMITH"}],"circlet_count":0,"master_deck":["AscendersBane","Strike_G","Strike_G","Strike_G","Strike_G","Defend_G","Defend_G","Defend_G","Defend_G","Defend_G","Survivor","Neutralize","Outmaneuver","Outmaneuver","Outmaneuver","Bouncing Flask+1","Bouncing Flask+1","Catalyst+1","Catalyst+1","Catalyst+1","Replay:Bootleg Shield Generator+1","Replay:Bootleg Shield Generator","Replay:Bootleg Shield Generator","After Image+1","After Image","After Image","Phantasmal Killer","Phantasmal Killer","Phantasmal Killer","Crippling Poison","Crippling Poison","Crippling Poison","Adrenaline+1","Adrenaline+1","Adrenaline+1","infinitespire:Neurotoxin","infinitespire:Neurotoxin","infinitespire:Neurotoxin","Backstab+1","Backstab+1","Backstab+1","Adrenaline","Adrenaline","Adrenaline"],"relics":["Ring of the Snake","Old Coin","hubris:MobiusCoin","hubris:ToyBattleship","NeowsBlessing","Prayer Wheel","Blood Vial","hubris:Backtick","The Specimen","TwistedFunnel","Juzu Bracelet","hubris:EmptyBottle","Regal Pillow","infinitespire:Beetle Shell","Runic Pyramid","hubris:Towel","CeramicFish","Paper Crane","Onion Ring","NeowsBlessing","Bronze Scales","Quantum Egg"],"acts_visited":["Exordium","TheCity","TheBeyond"],"potions_floor_usage":[18,33,33,35,35,41],"damage_taken":[{"damage":0,"enemies":"Small Slimes","floor":1,"turns":5},{"damage":9,"enemies":"2 Louse","floor":2,"turns":4},{"damage":0,"enemies":"Gremlin Nob","floor":12,"turns":1},{"damage":0,"enemies":"Lagavulin","floor":13,"turns":2},{"damage":0,"enemies":"The Guardian","floor":16,"turns":1},{"damage":55,"enemies":"3 Byrds","floor":18,"turns":7},{"damage":14,"enemies":"hubris:MusketHawk","floor":33,"turns":6},{"damage":10,"enemies":"3 Darklings","floor":35,"turns":3},{"damage":4,"enemies":"Giant Head","floor":41,"turns":5},{"damage":0,"enemies":"Reptomancer","floor":47,"turns":1},{"damage":0,"enemies":"Donu and Deca","floor":50,"turns":1},{"damage":0,"enemies":"Time Eater","floor":51,"turns":1}],"seed_played":"-792107436915143521","potions_obtained":[{"floor":2,"key":"Swift Potion"},{"floor":13,"key":"Energy Potion"},{"floor":18,"key":"Adrenaline Potion"},{"floor":35,"key":"Weak Potion"},{"floor":47,"key":"Energy Potion"}],"is_trial":true,"path_per_floor":["M","M","$","WH","WH","WH","WH","R","T","WH","WH","E","E","?","R_BF","B",null,"M","?","AVR","WH","$","R","R","?","T","WH","R","WH","WH","?","R","B",null,"M","?","WH","WH","?","R","E","R","T","WH","WH","R","E","?","R","B","B",null],"character_chosen":"THE_SILENT","items_purchased":["Catalyst","hubris:MobiusCoin","Juzu Bracelet","hubris:EmptyBottle"],"campfire_rested":2,"item_purchase_floors":[3,3,22,22],"current_hp_per_floor":[59,50,50,50,50,50,56,56,56,56,56,56,56,56,72,72,72,17,17,17,17,17,38,38,38,38,38,38,38,45,45,79,65,76,68,68,68,68,68,68,66,66,66,66,66,66,68,68,68,70,72],"gold":319,"neow_bonus":"RANDOM_COMMON_RELIC","is_daily":false,"chose_seed":false,"campfire_upgraded":7,"win_rate":0.0,"timestamp":1613437503,"path_taken":["M","M","$","WH","WH","WH","WH","R","T","WH","WH","E","E","?","R_BF","BOSS","M","?","AVR","WH","$","R","R","?","T","WH","R","WH","WH","?","R","BOSS","M","?","WH","WH","?","R","E","R","T","WH","WH","R","E","?","R","BOSS","BOSS"],"items_purchased_type":["Card","Relic","Relic","Relic"],"build_version":"2020-12-22","purchased_purges":0,"victory":true,"max_hp_per_floor":[66,66,66,66,66,66,72,72,72,72,72,72,72,72,72,72,72,72,72,72,72,72,72,72,72,72,72,72,72,79,79,79,79,79,79,79,79,79,79,79,79,79,79,79,79,79,79,79,79,79,79],"card_choices":[{"not_picked":["Quick Slash","Acrobatics"],"picked":"Outmaneuver","floor":1},{"not_picked":["Cloak And Dagger","Distraction"],"picked":"Bouncing Flask","floor":2},{"not_picked":["Forethought","PanicButton"],"picked":"Replay:Bootleg Shield Generator","floor":4},{"not_picked":["Wraith Form v2","Grand Finale"],"picked":"After Image","floor":12},{"not_picked":["ReplayTheSpireMod:From All Sides","Venomology","Storm of Steel"],"picked":"SKIP","floor":13},{"not_picked":["Venomology","Envenom"],"picked":"Phantasmal Killer","floor":16},{"not_picked":["Riddle With Holes","Hidden Blade"],"picked":"Crippling Poison","floor":18},{"not_picked":["Prepared","Cloak And Dagger","Deflect"],"picked":"SKIP","floor":18},{"not_picked":["Wraith Form v2","A Thousand Cuts"],"picked":"infinitespire:Neurotoxin","floor":33},{"not_picked":["Hidden Blade","Sucker Punch+1"],"picked":"Backstab+1","floor":35},{"not_picked":["Distraction","ReplayTheSpireMod:Exploit Weakness","Acrobatics"],"picked":"SKIP","floor":35},{"not_picked":["Unload","Atom Bomb","Malaise"],"picked":"SKIP","floor":41},{"not_picked":["Tools of the Trade","A Thousand Cuts"],"picked":"Adrenaline","floor":47}],"player_experience":278902,"relics_obtained":[{"floor":9,"key":"hubris:ToyBattleship"},{"floor":12,"key":"Prayer Wheel"},{"floor":13,"key":"Blood Vial"},{"floor":26,"key":"Regal Pillow"},{"floor":41,"key":"Paper Crane"},{"floor":43,"key":"Onion Ring"},{"floor":47,"key":"Quantum Egg"}],"event_choices":[{"cards_removed":["Strike_G"],"damage_healed":0,"gold_gain":0,"player_choice":"Gave Gold","damage_taken":0,"max_hp_gain":0,"max_hp_loss":0,"event_name":"Beggar","floor":31,"gold_loss":75},{"damage_healed":0,"gold_gain":0,"player_choice":"Memory 1","damage_taken":0,"max_hp_gain":0,"max_hp_loss":0,"event_name":"SensoryStone","floor":39,"gold_loss":0}],"is_beta":false,"boss_relics":[{"not_picked":["Ring of Chaos","WristBlade"],"picked":"hubris:Backtick"},{"not_picked":["SlaversCollar","Replay:Fungal Core"],"picked":"Runic Pyramid"}],"items_purged_floors":[],"is_endless":false,"potions_floor_spawned":[2,13,16,18,35,47],"ascension_level":20}}