{"host":"zsnmfqgcm92hlreo","time":1613469176,"event":{"mods":["AchievementEnabler","BaseMod","Bestiary","Block Reminder","Colored Map","Colored Powertips","Filter the Spire","Minty Spire (QoL Compilation)","Permanent Neow","Quick Restart","Relic Stats","StSLib","Weighted Paths"],"gold_per_floor":[111,124,124,124,142,175,205,243,315,328,328,347,347,381,381,504,504,525,548,573,19,35,35,66,66,66,105,30,70,93,113,113,238,238,282,91,91,91,107,148,160,205,217,229,282,319,97,97,97,97],"floor_reached":51,"language":"ENG","playtime":1842,"items_purged":["Strike_P","Strike_P"],"score":1031,"play_id":"ebc8e89a-5e69-4a7c-ada1-042dc28ec9f0","local_time":"20210216035256","is_ascension_mode":true,"campfire_choices":[{"floor":11.0,"key":"REST"},{"data":"Vigilance","floor":13.0,"key":"SMITH"},{"data":"Eruption","floor":15.0,"key":"SMITH"},{"data":"Fasting2","floor":23.0,"key":"SMITH"},{"data":"BattleHymn","floor":25.0,"key":"SMITH"},{"data":"Establishment","floor":32.0,"key":"SMITH"},{"data":"Tantrum","floor":41.0,"key":"SMITH"},{"data":"CutThroughFate","floor":44.0,"key":"SMITH"},{"data":"Study","floor":49.0,"key":"SMITH"}],"circlet_count":0,"master_deck":["Strike_P","Defend_P","Defend_P","Defend_P","Defend_P+1","Eruption+1","Vigilance+1","JustLucky","Conclude","WheelKick","Tantrum+1","BowlingBash","ReachHeaven","EmptyBody+1","CutThroughFate+1","EmptyFist","Establishment+1","ThirdEye+1","FearNoEvil","CrushJoints+1","Fasting2+1","ClearTheMind+1","BattleHymn+1","Weave","WheelKick","Weave+1","Wish+1","WheelKick","Protect+1","ThirdEye+1","CutThroughFate+1","TalkToTheHand+1","Study+1","CutThroughFate"],"relics":["Black Star","Golden Idol","Bird Faced Urn","Boot","Odd Mushroom","Centennial Puzzle","Blood Vial","InkBottle","Ancient Tea Set","Yang","Coffee Dripper","Meat on the Bone","Pen Nib","Anchor","War Paint","Kunai","Bag of Marbles","Darkstone Periapt","Vajra","HornCleat","Sozu","ClockworkSouvenir","MawBank","White Beast Statue","Juzu Bracelet","Dream Catcher","Bottled Flame","Unceasing Top","PreservedInsect","Bottled Lightning"],"acts_visited":["Exordium","TheCity","TheBeyond"],"potions_floor_usage":[50,50,50],"damage_taken":[{"damage":0.0,"enemies":"Small Slimes","floor":1.0,"turns":2.0},{"damage":6.0,"enemies":"2 Louse","floor":2.0,"turns":3.0},{"damage":0.0,"enemies":"Cultist","floor":5.0,"turns":2.0},{"damage":28.0,"enemies":"3 Sentries","floor":6.0,"turns":6.0},{"damage":0.0,"enemies":"The Mushroom Lair","floor":7.0,"turns":2.0},{"damage":12.0,"enemies":"Gremlin Nob","floor":8.0,"turns":3.0},{"damage":3.0,"enemies":"Red Slaver","floor":10.0,"turns":2.0},{"damage":5.0,"enemies":"Exordium Thugs","floor":12.0,"turns":2.0},{"damage":9.0,"enemies":"3 Sentries","floor":14.0,"turns":2.0},{"damage":0.0,"enemies":"Slime Boss","floor":16.0,"turns":4.0},{"damage":8.0,"enemies":"2 Thieves","floor":18.0,"turns":2.0},{"damage":0.0,"enemies":"Spheric Guardian","floor":19.0,"turns":2.0},{"damage":7.0,"enemies":"Chosen and Byrds","floor":20.0,"turns":3.0},{"damage":0.0,"enemies":"Snake Plant","floor":22.0,"turns":2.0},{"damage":13.0,"enemies":"Book of Stabbing","floor":24.0,"turns":3.0},{"damage":0.0,"enemies":"Gremlin Leader","floor":27.0,"turns":3.0},{"damage":16.0,"enemies":"Slavers","floor":29.0,"turns":3.0},{"damage":0.0,"enemies":"3 Cultists","floor":30.0,"turns":4.0},{"damage":0.0,"enemies":"Shelled Parasite and Fungi","floor":31.0,"turns":3.0},{"damage":3.0,"enemies":"Champ","floor":33.0,"turns":5.0},{"damage":8.0,"enemies":"3 Darklings","floor":35.0,"turns":3.0},{"damage":0.0,"enemies":"Orb Walker","floor":39.0,"turns":2.0},{"damage":1.0,"enemies":"Nemesis","floor":40.0,"turns":5.0},{"damage":13.0,"enemies":"Giant Head","floor":42.0,"turns":4.0},{"damage":0.0,"enemies":"Reptomancer","floor":45.0,"turns":3.0},{"damage":0.0,"enemies":"Sphere and 2 Shapes","floor":46.0,"turns":3.0},{"damage":15,"enemies":"Time Eater","floor":50,"turns":6}],"seed_played":"-8622777190701550059","potions_obtained":[{"floor":6.0,"key":"BottledMiracle"},{"floor":7.0,"key":"BlessingOfTheForge"},{"floor":8.0,"key":"FearPotion"},{"floor":12.0,"key":"Explosive Potion"},{"floor":14.0,"key":"Energy Potion"},{"floor":18.0,"key":"Fire Potion"},{"floor":24.0,"key":"SteroidPotion"},{"floor":29.0,"key":"LiquidBronze"}],"is_trial":false,"path_per_floor":["M","M","?","?","M","E","?","E","T","M","R","M","R","E","R","B",null,"M","M","M","$","M","R","E","R","T","E","?","E","M","M","R","B",null,"M","$","?","$","M","E","R","E","T","R","E","M","$","T","R","B",null],"character_chosen":"WATCHER","items_purchased":["Fasting2","Meat on the Bone","Pen Nib","ClockworkSouvenir","WheelKick","Study","CutThroughFate"],"campfire_rested":1,"item_purchase_floors":[21,21,21,36,36,47,47],"current_hp_per_floor":[72,66,71,71,71,43,43,31,31,30,51,48,48,41,41,43,71,63,67,62,62,66,66,55,55,55,63,63,51,57,63,63,66,71,63,63,63,63,69,70,70,58,58,58,64,70,70,70,70,60],"gold":97,"neow_bonus":"BOSS_RELIC","is_daily":false,"chose_seed":false,"campfire_upgraded":8,"win_rate":0.0,"timestamp":1613469176,"path_taken":["M","M","?","?","M","E","?","E","T","M","R","M","R","E","R","BOSS","M","M","M","$","M","R","E","R","T","E","?","E","M","M","R","BOSS","M","$","?","$","?","E","R","E","T","R","E","M","?","?","R","BOSS"],"items_purchased_type":["Card","Relic","Relic","Relic","Card","Card","Card"],"build_version":"2020-12-22","purchased_purges":2,"victory":true,"max_hp_per_floor":[72,72,77,71,71,71,71,71,71,71,71,71,71,71,71,71,71,71,71,71,71,71,71,71,71,71,71,71,71,71,71,71,71,71,71,71,71,71,71,71,71,71,71,71,71,71,71,71,71,71],"relic_stats":{"Darkstone Periapt":0,"counters":[27,84],"Golden Idol":196,"Yang":[187],"Pen Nib":[15],"PreservedInsect":0,"Juzu Bracelet":0,"War Paint":["EmptyBody","Defend_P"],"Boot":[124],"MawBank":84,"Blood Vial":36,"Sozu":5,"Centennial Puzzle":[36],"Dream Catcher":0,"Bird Faced Urn":[40],"Black Star":9,"Kunai":[32],"obtain_stats":[{"Darkstone Periapt":27,"Vajra":29,"Yang":14,"Juzu Bracelet":42,"Boot":6,"Ancient Tea Set":14,"ClockworkSouvenir":36,"Blood Vial":8,"Sozu":34,"Centennial Puzzle":8,"Dream Catcher":42,"HornCleat":29,"Kunai":26,"InkBottle":9,"Golden Idol":4,"Pen Nib":21,"PreservedInsect":45,"Odd Mushroom":7,"War Paint":24,"MawBank":40,"White Beast Statue":40,"Anchor":24,"Bottled Flame":43,"Bird Faced Urn":6,"Black Star":0,"Coffee Dripper":17,"Bag of Marbles":27,"Bottled Lightning":48,"PureWater":0,"Unceasing Top":45,"Meat on the Bone":21},{"Darkstone Periapt":16,"Vajra":17,"Yang":9,"Juzu Bracelet":24,"Boot":4,"Ancient Tea Set":9,"ClockworkSouvenir":21,"Blood Vial":6,"Sozu":20,"Centennial Puzzle":6,"Dream Catcher":24,"HornCleat":17,"Kunai":15,"InkBottle":6,"Golden Idol":2,"Pen Nib":13,"PreservedInsect":25,"Odd Mushroom":5,"War Paint":15,"MawBank":23,"White Beast Statue":23,"Anchor":15,"Bottled Flame":24,"Bird Faced Urn":4,"Black Star":0,"Coffee Dripper":10,"Bag of Marbles":16,"Bottled Lightning":26,"PureWater":0,"Unceasing Top":25,"Meat on the Bone":13},{"Darkstone Periapt":43,"Vajra":46,"Yang":24,"Juzu Bracelet":72,"Boot":13,"Ancient Tea Set":24,"ClockworkSouvenir":61,"Blood Vial":18,"Sozu":58,"Centennial Puzzle":18,"Dream Catcher":72,"HornCleat":46,"Kunai":40,"InkBottle":18,"Golden Idol":5,"Pen Nib":35,"PreservedInsect":75,"Odd Mushroom":15,"War Paint":40,"MawBank":68,"White Beast Statue":68,"Anchor":40,"Bottled Flame":72,"Bird Faced Urn":13,"Black Star":0,"Coffee Dripper":28,"Bag of Marbles":43,"Bottled Lightning":78,"PureWater":0,"Unceasing Top":75,"Meat on the Bone":35}],"InkBottle":[26],"Unceasing Top":[1],"Meat on the Bone":0},"card_choices":[{"not_picked":["Crescendo","Study"],"picked":"JustLucky","floor":1.0},{"not_picked":["ReachHeaven","Fasting2"],"picked":"Conclude","floor":2.0},{"not_picked":["Prostrate","Evaluate"],"picked":"WheelKick","floor":5.0},{"not_picked":["PathToVictory","CutThroughFate"],"picked":"Tantrum","floor":6.0},{"not_picked":["Evaluate","PathToVictory"],"picked":"BowlingBash","floor":7.0},{"not_picked":["Vault","Protect"],"picked":"ReachHeaven","floor":8.0},{"not_picked":["Evaluate","PathToVictory"],"picked":"EmptyBody","floor":10.0},{"not_picked":["EmptyMind","Prostrate"],"picked":"CutThroughFate","floor":12.0},{"not_picked":["EmptyBody","JustLucky"],"picked":"EmptyFist","floor":14.0},{"not_picked":["Alpha","MasterReality"],"picked":"Establishment","floor":16.0},{"not_picked":["EmptyFist","Swivel"],"picked":"ThirdEye+1","floor":18.0},{"not_picked":["InnerPeace","FlyingSleeves"],"picked":"FearNoEvil","floor":19.0},{"not_picked":["Swivel","EmptyBody"],"picked":"CrushJoints+1","floor":20.0},{"not_picked":["WreathOfFlame","BowlingBash"],"picked":"ClearTheMind+1","floor":22.0},{"not_picked":["SashWhip","ThirdEye"],"picked":"BattleHymn","floor":24.0},{"not_picked":["Pray+1","Indignation+1"],"picked":"Weave","floor":27.0},{"not_picked":["Nirvana","SashWhip"],"picked":"WheelKick","floor":29.0},{"not_picked":["PathToVictory","EmptyFist+1"],"picked":"Weave+1","floor":30.0},{"not_picked":["CrushJoints","FollowUp","Consecrate"],"picked":"SKIP","floor":31.0},{"not_picked":["SpiritShield","Alpha"],"picked":"Wish","floor":33.0},{"not_picked":["Swivel+1","EmptyFist+1","BattleHymn"],"picked":"SKIP","floor":35.0},{"not_picked":["SandsOfTime+1","Collect+1"],"picked":"Protect+1","floor":39.0},{"not_picked":["Ragnarok","Nirvana+1"],"picked":"ThirdEye+1","floor":40.0},{"not_picked":["CrushJoints+1","Alpha","BowlingBash"],"picked":"SKIP","floor":42.0},{"not_picked":["ClearTheMind+1","Consecrate"],"picked":"CutThroughFate+1","floor":45.0},{"not_picked":["InnerPeace+1","ThirdEye+1"],"picked":"TalkToTheHand+1","floor":46.0}],"player_experience":1164344,"relics_obtained":[{"floor":6.0,"key":"Bird Faced Urn"},{"floor":6.0,"key":"Boot"},{"floor":7.0,"key":"Odd Mushroom"},{"floor":8.0,"key":"Centennial Puzzle"},{"floor":8.0,"key":"Blood Vial"},{"floor":9.0,"key":"InkBottle"},{"floor":14.0,"key":"Ancient Tea Set"},{"floor":14.0,"key":"Yang"},{"floor":24.0,"key":"Anchor"},{"floor":24.0,"key":"War Paint"},{"floor":26.0,"key":"Kunai"},{"floor":27.0,"key":"Bag of Marbles"},{"floor":27.0,"key":"Darkstone Periapt"},{"floor":29.0,"key":"Vajra"},{"floor":29.0,"key":"HornCleat"},{"floor":40.0,"key":"MawBank"},{"floor":40.0,"key":"White Beast Statue"},{"floor":42.0,"key":"Juzu Bracelet"},{"floor":42.0,"key":"Dream Catcher"},{"floor":43.0,"key":"Bottled Flame"},{"floor":45.0,"key":"Unceasing Top"},{"floor":45.0,"key":"PreservedInsect"},{"floor":48.0,"key":"Bottled Lightning"}],"event_choices":[{"damage_healed":0.0,"max_hp_gain":5.0,"max_hp_loss":0.0,"gold_gain":0.0,"event_name":"Big Fish","player_choice":"Donut","floor":3.0,"gold_loss":0.0,"damage_taken":0.0},{"damage_healed":0.0,"max_hp_gain":0.0,"max_hp_loss":6.0,"gold_gain":0.0,"event_name":"Golden Idol","player_choice":"Lose Max HP","floor":4.0,"gold_loss":0.0,"damage_taken":0.0,"relics_obtained":["Golden Idol"]},{"damage_healed":0.0,"max_hp_gain":0.0,"max_hp_loss":0.0,"gold_gain":0.0,"event_name":"Mushrooms","player_choice":"Fought Mushrooms","floor":7.0,"gold_loss":0.0,"damage_taken":0.0},{"cards_removed":["Strike_P"],"damage_healed":0.0,"max_hp_gain":0.0,"max_hp_loss":0.0,"gold_gain":0.0,"event_name":"Beggar","player_choice":"Gave Gold","floor":28.0,"gold_loss":75.0,"damage_taken":0.0},{"damage_healed":0.0,"max_hp_gain":0.0,"max_hp_loss":0.0,"gold_gain":0.0,"event_name":"Upgrade Shrine","player_choice":"Upgraded","floor":37.0,"gold_loss":0.0,"damage_taken":0.0,"cards_upgraded":["Wish"]}],"is_beta":false,"boss_relics":[{"not_picked":["Runic Pyramid","Tiny House"],"picked":"Coffee Dripper"},{"not_picked":["SacredBark","VioletLotus"],"picked":"Sozu"}],"items_purged_floors":[21,47],"is_endless":false,"potions_floor_spawned":[6,7,8,12,14,18,20,24,29,33,39,40,42,45,46],"ascension_level":1}}