{"host":"farxtl2u8hmkbdo2","time":1613453404,"event":{"mods":["A Magickal Journey","BaseMod","Better Altar","Better Note","Better Sensory Stone","Better Skull","Better Third Choice","Challenge The Spire","Colored Map","Colored Powertips","Current Relic Mod","Downfall","Energized Spire","Fox Events","Gremlin Mod","Hermit","Hubris","Mimic Mod","Minty Spire (QoL Compilation)","Quick Restart","READ ME - Guardian Mod","Rare Cards Sparkle","StSLib","The Bladedancer","The Bug Knight","The Cursed","The Disciple","The Hierophant","The Marked","The Necromancer","The Runesmith","Transform Curses"],"gold_per_floor":[99,111,131,231,243,23,55,55,69,88,3,3,33,33,46,144,144,144,154,164,196,196,196,196,196],"floor_reached":23,"language":"SPA","playtime":2539,"items_purged":[],"score":238,"play_id":"91092d82-245c-4e81-8f2e-1fe06c6ff74c","local_time":"20210216023004","is_ascension_mode":true,"campfire_choices":[{"data":"hexamod:Float","floor":1,"key":"SMITH"},{"data":"hexamod:GhostOfSpirePast","floor":8,"key":"SMITH"},{"data":"hexamod:GhostflameInferno","floor":18,"key":"SMITH"}],"circlet_count":0,"master_deck":["hexamod:Strike","hexamod:Strike","hexamod:Strike","hexamod:Defend","hexamod:Defend","hexamod:Defend","hexamod:Sear","hexamod:Float+1","hexamod:PhantomCloak","hexamod:FirstSeal","hexamod:GhostShield","hexamod:GhostOfSpirePast+1","hexamod:FlamesFromBeyond","hexamod:GhostOfSpireFuture","hexamod:ExtraCrispy","hexamod:EmpoweredFlame","hexamod:FlamesFromBeyond","hexamod:HeatCrush+1","Seeing Red","hexamod:PowerFromBeyond","hexamod:ThermalTransfer","hexamod:GhostflameInferno+1","hexamod:GhostflameBarrier","hexamod:SkipABeat","hexamod:SpectralSpark"],"relics":["hexamod:SpiritBrand","Happy Flower","Juzu Bracelet","Nunchaku","hubris:Zylophone","SacredBark","Red Mask","Enchiridion"],"acts_visited":["Exordium","TheCity"],"potions_floor_usage":[10,11,21,21],"damage_taken":[{"damage":4,"enemies":"Jaw Worm","floor":2,"turns":3},{"damage":0,"enemies":"Cultist","floor":3,"turns":3},{"damage":0,"enemies":"Small Slimes","floor":5,"turns":3},{"damage":0,"enemies":"downfall:FleeingMerchant","floor":6,"turns":4},{"damage":0,"enemies":"2 Fungi Beasts","floor":7,"turns":5},{"damage":0,"enemies":"2 Fungi Beasts","floor":9,"turns":4},{"damage":9,"enemies":"3 Louse","floor":10,"turns":3},{"damage":3,"enemies":"downfall:FleeingMerchant","floor":11,"turns":4},{"damage":0,"enemies":"Lagavulin","floor":13,"turns":7},{"damage":9,"enemies":"Exordium Thugs","floor":15,"turns":4},{"damage":16,"enemies":"SI_SHIV_ARCHETYPE","floor":16,"turns":6},{"damage":16,"enemies":"Shell Parasite","floor":19,"turns":4},{"damage":4,"enemies":"Chosen","floor":20,"turns":6},{"damage":42,"enemies":"Masked Bandits","floor":21,"turns":4},{"damage":9,"enemies":"Centurion and Healer","floor":23,"turns":3}],"seed_played":"5669579493977824257","potions_obtained":[{"floor":5,"key":"Energy Potion"},{"floor":9,"key":"SpeedPotion"},{"floor":10,"key":"PowerPotion"},{"floor":13,"key":"bronze:BurnAndBuffPotion"},{"floor":16,"key":"sneckomod:MuddlingPotion"},{"floor":21,"key":"Fire Potion"}],"is_trial":false,"path_per_floor":["R","M","M","?","M","$","MIM","R","M","M","$","?","E","?","M","B",null,"R","M","M","?","?","M"],"character_chosen":"THE_SPIRIT","items_purchased":["Happy Flower","hexamod:FlamesFromBeyond","hexamod:HeatCrush"],"campfire_rested":0,"item_purchase_floors":[6,6,11],"current_hp_per_floor":[49,45,45,45,52,59,66,66,70,68,70,56,63,63,54,45,70,70,61,64,22,6,0,0,0],"gold":196,"neow_bonus":"REMOVE_TWO","is_daily":false,"chose_seed":false,"campfire_upgraded":3,"win_rate":0.0,"timestamp":1613453404,"path_taken":["R","M","M","?","?","$","MIM","R","M","M","$","?","E","?","M","BOSS","R","M","M","?","?","M"],"items_purchased_type":["Relic","Card","Card"],"build_version":"2020-12-22","purchased_purges":0,"victory":false,"max_hp_per_floor":[70,70,70,70,70,70,70,70,70,70,70,70,70,70,70,70,70,70,70,70,70,70,70,70,70],"card_choices":[{"not_picked":["hexamod:NightmareStrike","hexamod:InspiringFlames"],"picked":"hexamod:PhantomCloak","floor":2},{"not_picked":["hexamod:Rewind","hexamod:ShieldOfDarkness"],"picked":"hexamod:FirstSeal","floor":3},{"not_picked":["hexamod:HauntingEcho","hexamod:SuperheatedStrike"],"picked":"hexamod:GhostShield","floor":5},{"not_picked":["hexamod:ChargedBarrage","hexamod:NightmareStrike"],"picked":"hexamod:GhostOfSpirePast","floor":6},{"not_picked":["hexamod:NightmareStrike","hexamod:HauntingEcho"],"picked":"hexamod:GhostOfSpireFuture","floor":7},{"not_picked":["hexamod:HauntingEcho","hexamod:NightmareStrike"],"picked":"hexamod:ExtraCrispy","floor":9},{"not_picked":["hexamod:AdvancingGuard","hexamod:FastForward"],"picked":"hexamod:EmpoweredFlame","floor":10},{"not_picked":["hexamod:BurningTouch","hexamod:GhostLash"],"picked":"hexamod:FlamesFromBeyond","floor":11},{"not_picked":["hexamod:TimeWarp","hexamod:RadiantFlame"],"picked":"hexamod:PowerFromBeyond","floor":13},{"not_picked":["hexamod:HauntingEcho","hexamod:HeatMetal"],"picked":"hexamod:ThermalTransfer","floor":15},{"not_picked":["hexamod:ParanormalForm","hexamod:TurnItUp"],"picked":"hexamod:GhostflameInferno","floor":16},{"not_picked":["hexamod:Incineration","hexamod:FlamesFromBeyond"],"picked":"hexamod:GhostflameBarrier","floor":19},{"not_picked":["hexamod:RadiantFlame","hexamod:NightmareGuise"],"picked":"hexamod:SkipABeat","floor":20},{"not_picked":["hexamod:ExtraCrispy","hexamod:SuperheatedStrike"],"picked":"hexamod:SpectralSpark","floor":21}],"player_experience":2248880,"relics_obtained":[{"floor":7,"key":"Juzu Bracelet"},{"floor":13,"key":"hubris:Zylophone"},{"floor":21,"key":"Red Mask"},{"floor":22,"key":"Enchiridion"}],"event_choices":[{"damage_healed":0,"gold_gain":0,"player_choice":"Grow","damage_taken":0,"max_hp_gain":0,"max_hp_loss":0,"event_name":"Living Wall","floor":14,"gold_loss":0,"cards_upgraded":["hexamod:HeatCrush"]},{"damage_healed":0,"gold_gain":0,"player_choice":"Fought Bandits","damage_taken":0,"max_hp_gain":0,"max_hp_loss":0,"event_name":"Masked Bandits","floor":21,"gold_loss":0}],"is_beta":false,"boss_relics":[{"not_picked":["hubris:GrandSneckoEye","bronze:MakeshiftBattery"],"picked":"SacredBark"}],"items_purged_floors":[],"is_endless":false,"potions_floor_spawned":[5,9,10,13,16,21],"killed_by":"Centurion and Healer","ascension_level":2}}