{"host":"s41rn2jhghpwfrvz","time":1613435422,"event":{"mods":["BaseMod","Minty Spire (QoL Compilation)","Quick Restart","Relic Stats","SuperFastMode"],"gold_per_floor":[118,138,63,63,77,77,106,106,106,137,170,198,213,93,93,168,168,178,178,178,201,220,246,246,261,285,285,313,338,370,370,370,446,446,464,464,464,475,487,520,470,495,521,556,587,607,624,97,97,97,97,97,97,24,54,54],"floor_reached":57,"language":"ENG","playtime":1383,"items_purged":["Calculated Gamble","Masterful Stab","Iron Wave","Concentrate","Chill+1"],"score":3998,"play_id":"8548e09c-86fd-40f6-8e07-1fb9a2c97a67","local_time":"20210216023022","daily_mods":["SealedDeck","Diverse","DeadlyEvents"],"is_ascension_mode":true,"campfire_choices":[{"data":"Finisher","floor":6,"key":"SMITH"},{"data":"Quick Slash","floor":8,"key":"SMITH"},{"data":"Body Slam","floor":15,"key":"SMITH"},{"data":"Skim","floor":24,"key":"SMITH"},{"data":"Prostrate","floor":27,"key":"SMITH"},{"data":"Acrobatics","floor":32,"key":"SMITH"},{"floor":49,"key":"RECALL"},{"data":"Madness","floor":53,"key":"SMITH"}],"circlet_count":0,"master_deck":["AscendersBane","Intimidate","Acrobatics+1","Shrug It Off","Gash+1","Skim+1","Body Slam+1","Shrug It Off+1","Prostrate+1","Adrenaline","Madness+1","Madness"],"relics":["Burning Blood","Incense Burner","Ornamental Fan","HornCleat","The Courier","Centennial Puzzle","Calling Bell","Art of War","Shuriken","Du-Vu Doll","TungstenRod","Bronze Scales","Smiling Mask","Happy Flower","Bag of Preparation","Black Star","Molten Egg 2","Gambling Chip","Vajra","Whetstone","Pen Nib","Regal Pillow","Orichalcum","Ginger","War Paint","Membership Card","Oddly Smooth Stone","Lantern","Turnip","Kunai","Anchor","Paper Frog"],"acts_visited":["Exordium","TheCity","TheBeyond","TheEnding"],"potions_floor_usage":[7,56,56],"damage_taken":[{"damage":0,"enemies":"Cultist","floor":1,"turns":2},{"damage":7,"enemies":"Jaw Worm","floor":2,"turns":2},{"damage":0,"enemies":"2 Louse","floor":5,"turns":2},{"damage":0,"enemies":"Lagavulin","floor":7,"turns":2},{"damage":0,"enemies":"Gremlin Nob","floor":10,"turns":2},{"damage":0,"enemies":"Lagavulin","floor":11,"turns":3},{"damage":0,"enemies":"Gremlin Nob","floor":12,"turns":2},{"damage":0,"enemies":"Looter","floor":13,"turns":2},{"damage":8,"enemies":"The Guardian","floor":16,"turns":7},{"damage":0,"enemies":"Spheric Guardian","floor":18,"turns":2},{"damage":0,"enemies":"2 Thieves","floor":22,"turns":2},{"damage":8,"enemies":"Slavers","floor":23,"turns":5},{"damage":0,"enemies":"Shelled Parasite and Fungi","floor":25,"turns":2},{"damage":0,"enemies":"Book of Stabbing","floor":28,"turns":3},{"damage":0,"enemies":"Gremlin Leader","floor":29,"turns":4},{"damage":1,"enemies":"Slavers","floor":30,"turns":5},{"damage":0,"enemies":"Automaton","floor":33,"turns":4},{"damage":0,"enemies":"3 Darklings","floor":35,"turns":2},{"damage":0,"enemies":"Orb Walker","floor":38,"turns":1},{"damage":0,"enemies":"Transient","floor":39,"turns":2},{"damage":0,"enemies":"Reptomancer","floor":40,"turns":2},{"damage":0,"enemies":"Nemesis","floor":42,"turns":3},{"damage":0,"enemies":"Reptomancer","floor":44,"turns":1},{"damage":0,"enemies":"Giant Head","floor":45,"turns":1},{"damage":0,"enemies":"Writhing Mass","floor":46,"turns":1},{"damage":0,"enemies":"3 Darklings","floor":47,"turns":1},{"damage":0,"enemies":"Donu and Deca","floor":50,"turns":1},{"damage":0,"enemies":"Time Eater","floor":51,"turns":2},{"damage":0,"enemies":"Shield and Spear","floor":55,"turns":1},{"damage":0,"enemies":"The Heart","floor":56,"turns":4}],"seed_played":"1466148257530233016","potions_obtained":[{"floor":2,"key":"LiquidMemories"},{"floor":7,"key":"SpeedPotion"},{"floor":10,"key":"Fire Potion"}],"is_trial":true,"path_per_floor":["M","M","$","?","M","R","E","R","T","E","E","E","M","$","R","B",null,"M","?","?","T","M","E","R","M","T","R","E","E","E","?","R","B",null,"M","?","?","M","M","E","$","E","T","E","E","M","M","$","R","B","B",null,"R","$","E","B",null],"character_chosen":"IRONCLAD","items_purchased":["Body Slam","Membership Card","Oddly Smooth Stone","Lantern","Turnip","Kunai","Dexterity Potion"],"campfire_rested":0,"item_purchase_floors":[14,48,48,48,48,48,54],"current_hp_per_floor":[74,73,73,73,75,75,75,75,75,75,75,75,75,75,75,73,75,75,75,75,75,75,73,73,75,75,75,75,75,75,75,75,75,75,75,62,62,68,74,75,75,75,75,75,75,75,75,75,75,75,75,75,75,75,75,75],"gold":54,"neow_bonus":"","is_daily":false,"chose_seed":false,"campfire_upgraded":7,"win_rate":0.0,"timestamp":1613435422,"path_taken":["M","?","$","?","M","R","E","R","T","E","?","E","M","?","R","BOSS","M","?","?","?","?","E","R","M","T","R","E","?","E","?","R","BOSS","M","?","?","?","M","E","$","E","T","?","E","M","M","$","R","BOSS","BOSS","R","$","E","BOSS"],"items_purchased_type":["Card","Relic","Relic","Relic","Relic","Relic","Potion"],"build_version":"2020-12-22","purchased_purges":5,"victory":true,"max_hp_per_floor":[75,75,75,75,75,75,75,75,75,75,75,75,75,75,75,75,75,75,75,75,75,75,75,75,75,75,75,75,75,75,75,75,75,75,75,75,75,75,75,75,75,75,75,75,75,75,75,75,75,75,75,75,75,75,75,75],"relic_stats":{"Regal Pillow":0,"Happy Flower":[10],"counters":[30,73],"Pen Nib":[4],"Bag of Preparation":[28],"Whetstone":["Gash"],"Ginger":[3],"Orichalcum":[0],"War Paint":["Shrug It Off","Chill"],"Smiling Mask":80,"Burning Blood":42,"Centennial Puzzle":[9],"Ornamental Fan":[216],"Shuriken":[40],"Bronze Scales":[105],"Gambling Chip":[2],"Turnip":[3],"Art of War":[1],"Black Star":5,"Kunai":[6],"obtain_stats":[{"Regal Pillow":44,"Lantern":48,"Vajra":42,"Incense Burner":7,"Bag of Preparation":30,"Whetstone":42,"Ginger":45,"Smiling Mask":28,"Burning Blood":0,"Centennial Puzzle":12,"HornCleat":10,"Gambling Chip":40,"Kunai":48,"Paper Frog":55,"Happy Flower":29,"Oddly Smooth Stone":48,"The Courier":11,"Pen Nib":43,"Orichalcum":44,"War Paint":45,"Calling Bell":17,"Du-Vu Doll":17,"Anchor":55,"Ornamental Fan":9,"Shuriken":17,"Bronze Scales":26,"Molten Egg 2":40,"Turnip":48,"Art of War":17,"Black Star":34,"Membership Card":48,"TungstenRod":23},{"Regal Pillow":23,"Lantern":26,"Vajra":22,"Incense Burner":4,"Bag of Preparation":16,"Whetstone":22,"Ginger":24,"Smiling Mask":14,"Burning Blood":0,"Centennial Puzzle":7,"HornCleat":5,"Gambling Chip":21,"Kunai":26,"Paper Frog":29,"Happy Flower":15,"Oddly Smooth Stone":26,"The Courier":6,"Pen Nib":22,"Orichalcum":23,"War Paint":24,"Calling Bell":9,"Du-Vu Doll":9,"Anchor":29,"Ornamental Fan":4,"Shuriken":9,"Bronze Scales":13,"Molten Egg 2":21,"Turnip":26,"Art of War":9,"Black Star":17,"Membership Card":26,"TungstenRod":12},{"Regal Pillow":62,"Lantern":65,"Vajra":61,"Incense Burner":8,"Bag of Preparation":47,"Whetstone":61,"Ginger":63,"Smiling Mask":38,"Burning Blood":0,"Centennial Puzzle":15,"HornCleat":10,"Gambling Chip":58,"Kunai":65,"Paper Frog":69,"Happy Flower":42,"Oddly Smooth Stone":65,"The Courier":13,"Pen Nib":61,"Orichalcum":62,"War Paint":63,"Calling Bell":24,"Du-Vu Doll":24,"Anchor":69,"Ornamental Fan":8,"Shuriken":24,"Bronze Scales":35,"Molten Egg 2":58,"Turnip":65,"Art of War":24,"Black Star":51,"Membership Card":65,"TungstenRod":33}],"TungstenRod":2},"card_choices":[{"not_picked":["Meditate","Deflect","Capacitor"],"picked":"SKIP","floor":1},{"not_picked":["Hologram","Outmaneuver","Thunderclap"],"picked":"SKIP","floor":2},{"not_picked":["Clash","Havoc","Rage"],"picked":"SKIP","floor":5},{"not_picked":["Entrench","Distraction","Cleave"],"picked":"SKIP","floor":7},{"not_picked":["Seek","BowlingBash","Searing Blow"],"picked":"SKIP","floor":10},{"not_picked":["Armaments","FlurryOfBlows","Brilliance"],"picked":"SKIP","floor":11},{"not_picked":["WindmillStrike","Headbutt","Dodge and Roll"],"picked":"SKIP","floor":12},{"not_picked":["Bane","Outmaneuver"],"picked":"Skim","floor":13},{"not_picked":["Bouncing Flask","Double Energy","Shrug It Off"],"picked":"SKIP","floor":18},{"not_picked":["Bouncing Flask","Double Energy"],"picked":"Shrug It Off","floor":18},{"not_picked":["Halt","Loop+1","ThirdEye"],"picked":"SKIP","floor":22},{"not_picked":["SandsOfTime+1","Lockon","Tempest"],"picked":"SKIP","floor":23},{"not_picked":["CutThroughFate","Masterful Stab","Blizzard"],"picked":"SKIP","floor":25},{"not_picked":["Malaise","Halt","Force Field"],"picked":"SKIP","floor":28},{"not_picked":["Wild Strike","Tools of the Trade","Seeing Red"],"picked":"SKIP","floor":29},{"not_picked":["Chill","Deadly Poison","Crescendo"],"picked":"SKIP","floor":30},{"not_picked":["MasterReality","Corpse Explosion"],"picked":"Adrenaline","floor":33},{"not_picked":["ReachHeaven+1","Dagger Spray","Prostrate"],"picked":"SKIP","floor":35},{"not_picked":["Leap","Choke","FlurryOfBlows"],"picked":"SKIP","floor":38},{"not_picked":["Pummel+1","Intimidate","Heavy Blade"],"picked":"SKIP","floor":39},{"not_picked":["Caltrops+1","Wraith Form v2","Inflame"],"picked":"SKIP","floor":40},{"not_picked":["Crippling Poison","PathToVictory","Sweeping Beam+1"],"picked":"SKIP","floor":42},{"not_picked":["ClearTheMind","Headbutt+1","Darkness"],"picked":"SKIP","floor":44},{"not_picked":["Distraction+1","Consecrate+1","Rip and Tear+1"],"picked":"SKIP","floor":45},{"not_picked":["Dropkick+1","Scrape+1","Riddle With Holes+1"],"picked":"SKIP","floor":46},{"not_picked":["Catalyst+1","Slice+1","Second Wind"],"picked":"SKIP","floor":47},{"not_picked":["Blasphemy","Infinite Blades+1","Glacier"],"picked":"SKIP","floor":55}],"player_experience":1922230,"relics_obtained":[{"floor":7,"key":"Incense Burner"},{"floor":9,"key":"Ornamental Fan"},{"floor":10,"key":"HornCleat"},{"floor":11,"key":"The Courier"},{"floor":12,"key":"Centennial Puzzle"},{"floor":17,"key":"Art of War"},{"floor":17,"key":"Shuriken"},{"floor":17,"key":"Du-Vu Doll"},{"floor":23,"key":"TungstenRod"},{"floor":26,"key":"Bronze Scales"},{"floor":28,"key":"Smiling Mask"},{"floor":29,"key":"Happy Flower"},{"floor":30,"key":"Bag of Preparation"},{"floor":40,"key":"Molten Egg 2"},{"floor":40,"key":"Gambling Chip"},{"floor":42,"key":"Vajra"},{"floor":42,"key":"Whetstone"},{"floor":43,"key":"Pen Nib"},{"floor":44,"key":"Regal Pillow"},{"floor":44,"key":"Orichalcum"},{"floor":45,"key":"Ginger"},{"floor":45,"key":"War Paint"},{"floor":55,"key":"Anchor"},{"floor":55,"key":"Paper Frog"}],"event_choices":[{"damage_healed":0,"gold_gain":0,"player_choice":"Ignored","damage_taken":0,"max_hp_gain":0,"max_hp_loss":0,"event_name":"Liars Game","floor":4,"gold_loss":0},{"damage_healed":0,"gold_gain":0,"player_choice":"Ignored","damage_taken":0,"max_hp_gain":0,"max_hp_loss":0,"event_name":"Ghosts","floor":19,"gold_loss":0},{"damage_healed":0,"gold_gain":0,"player_choice":"Read","damage_taken":0,"max_hp_gain":0,"max_hp_loss":0,"event_name":"The Library","floor":20,"gold_loss":0,"cards_obtained":["Prostrate"]},{"damage_healed":0,"gold_gain":0,"cards_transformed":["Finisher","Endless Agony"],"player_choice":"Became Test Subject","damage_taken":0,"max_hp_gain":0,"max_hp_loss":0,"event_name":"Drug Dealer","floor":31,"gold_loss":0,"cards_obtained":["Concentrate","Iron Wave"]},{"damage_healed":0,"gold_gain":0,"player_choice":"Embrace Madness","damage_taken":14,"max_hp_gain":0,"max_hp_loss":0,"event_name":"Winding Halls","floor":36,"gold_loss":0,"cards_obtained":["Madness","Madness"]},{"cards_removed":["Quick Slash"],"damage_healed":0,"gold_gain":0,"player_choice":"Removed Attack","damage_taken":0,"max_hp_gain":0,"max_hp_loss":0,"event_name":"Falling","floor":37,"gold_loss":0}],"is_beta":false,"boss_relics":[{"not_picked":["Ectoplasm","SacredBark"],"picked":"Calling Bell"},{"not_picked":["Snecko Eye","Runic Dome"],"picked":"Black Star"}],"items_purged_floors":[3,14,41,48,54],"is_endless":false,"potions_floor_spawned":[2,7,10,16,18,25,40,42,44,47,55],"ascension_level":20}}