{"host":"w7dhjqgqsib0c3vt","time":1613452246,"event":{"mods":["ATMod(°¢èªMod)","BaseMod","Dota2Spire","Downfall","Minty Spire (QoL Compilation)","Shop Mod","Spicy Shops","StSLib"],"gold_per_floor":[99,119,129,143,157,332,359,259,259,294,43,57,57,77,88,184,184,184,195,28,28,228,332,332,8,8,97,200,150,50,140,201,375,375,375,462,462,600,600,639,687,725,725,779,679,835,975,975,1064,1089,1089,1140,21,21,96,121],"floor_reached":57,"language":"ZHS","playtime":4273,"items_purged":["Doubt","downfall:Haunted"],"score":1455,"play_id":"1a1b861f-c4db-4023-a535-35faac76fe02","local_time":"20210216131046","is_ascension_mode":true,"campfire_choices":[{"floor":1.0,"key":"RECALL"},{"floor":8.0,"key":"REST"},{"data":"AT_ShrugMaster","floor":13.0,"key":"SMITH"},{"data":"bronze:RecursiveStrike","floor":18.0,"key":"SMITH"},{"data":"expansioncontent:StudyTheSpire","floor":26.0,"key":"SMITH"},{"data":"bronze:BronzeOrb","floor":30.0,"key":"SMITH"},{"data":"bronze:Flail","floor":35.0,"key":"SMITH"},{"data":"expansioncontent:Chronoboost","floor":43.0,"key":"SMITH"},{"data":"expansioncontent:Chronoboost","floor":45.0,"key":"SMITH"},{"data":"expansioncontent:Chronoboost","floor":54,"key":"SMITH"}],"circlet_count":0,"master_deck":["bronze:Strike","bronze:Strike","bronze:Strike","bronze:Strike","bronze:Defend","bronze:Defend","bronze:Defend","bronze:Defend+1","bronze:Replicate","bronze:Goto","AT_ShrugMaster+1","Trip","bronze:Repair+1","bronze:CutThrough","bronze:ChosenStrike+1","bronze:AlphaBuild+1","bronze:DelayedSlice","bronze:Flail+1","bronze:Separator","bronze:Backtrace","bronze:Overload","bronze:RecursiveStrike+1","bronze:FollowUp","bronze:Terminator+1","bronze:WhirlingStrike","bronze:BronzeOrb+1","expansioncontent:StudyTheSpire+1","bronze:InfiniteLoop","bronze:Philosophize+1","bronze:Iterate+1","bronze:CloningBeam","expansioncontent:Chronoboost+1","expansioncontent:Chronoboost+1","expansioncontent:Chronoboost+1","bronze:BronzeOrb+1","bronze:CleanCode","bronze:Allocate","bronze:Repair+1","downfall:Aged","bronze:BitShift","bronze:DelayedGuard+1"],"relics":["bronze:BronzeCore","AT_ATBox","PreservedInsect","downfall:HeartBlessingRed","Dota2Spire:LotusOrb","Ice Cream","Dota2Spire:Bloodstone","AT_MibuBalloonWealth","sneckomod:BabySnecko","Oddly Smooth Stone","Blue Candle","AT_SunfireAegis","downfall:HeartBlessingBlue","Black Star","Dota2Spire:EchoSabre","War Paint","The Courier","downfall:HeartBlessingGreen","Meat on the Bone","AT_RedNoBalance","Mummified Hand","HornCleat","Frozen Eye","Unceasing Top","AT_RedTearstoneRing","Pen Nib","Dota2Spire:Dagon"],"acts_visited":["Exordium","TheCity","TheBeyond","TheEnding"],"potions_floor_usage":[50,50,56],"damage_taken":[{"damage":1.0,"enemies":"2 Louse","floor":2.0,"turns":3.0},{"damage":0.0,"enemies":"Cultist","floor":3.0,"turns":3.0},{"damage":12.0,"enemies":"Small Slimes","floor":4.0,"turns":3.0},{"damage":21.0,"enemies":"3 Louse","floor":5.0,"turns":2.0},{"damage":0.0,"enemies":"3 Sentries","floor":10.0,"turns":4.0},{"damage":2.0,"enemies":"downfall:FleeingMerchant","floor":11.0,"turns":4.0},{"damage":0.0,"enemies":"2 Fungi Beasts","floor":12.0,"turns":1.0},{"damage":7.0,"enemies":"Blue Slaver","floor":14.0,"turns":2.0},{"damage":3.0,"enemies":"Gremlin Gang","floor":15.0,"turns":2.0},{"damage":1.0,"enemies":"SI_SHIV_ARCHETYPE","floor":16.0,"turns":6.0},{"damage":12.0,"enemies":"Shell Parasite","floor":19.0,"turns":2.0},{"damage":3.0,"enemies":"downfall:FleeingMerchant","floor":20.0,"turns":4.0},{"damage":14.0,"enemies":"Slavers","floor":23.0,"turns":2.0},{"damage":0.0,"enemies":"downfall:FleeingMerchant","floor":25.0,"turns":1.0},{"damage":0.0,"enemies":"3 Byrds","floor":27.0,"turns":3.0},{"damage":12.0,"enemies":"Gremlin Leader","floor":28.0,"turns":2.0},{"damage":0.0,"enemies":"3 Cultists","floor":31.0,"turns":1.0},{"damage":0.0,"enemies":"Centurion and Healer","floor":32.0,"turns":1.0},{"damage":13.0,"enemies":"IC_MUSHROOM_ARCHETYPE","floor":33.0,"turns":4.0},{"damage":0.0,"enemies":"3 Shapes","floor":36.0,"turns":2.0},{"damage":0.0,"enemies":"3 Darklings","floor":38.0,"turns":2.0},{"damage":0.0,"enemies":"Writhing Mass","floor":40.0,"turns":2.0},{"damage":0.0,"enemies":"Maw","floor":42.0,"turns":4.0},{"damage":1.0,"enemies":"Giant Head","floor":44.0,"turns":4.0},{"damage":0.0,"enemies":"Reptomancer","floor":46.0,"turns":4.0},{"damage":0.0,"enemies":"3 Darklings","floor":47.0,"turns":2.0},{"damage":0.0,"enemies":"Sphere and 2 Shapes","floor":49.0,"turns":1.0},{"damage":15,"enemies":"WA_ARCHETYPE_DIVINITY","floor":50,"turns":4},{"damage":1,"enemies":"downfall:CharBossMerchant","floor":52,"turns":3},{"damage":1,"enemies":"downfall:NeowBoss","floor":55,"turns":7},{"damage":31,"enemies":"downfall:NeowBossFinal","floor":56,"turns":8}],"seed_played":"-2867250349319893629","potions_obtained":[{"floor":4.0,"key":"LiquidBronze"},{"floor":5.0,"key":"Energy Potion"},{"floor":12.0,"key":"Dexterity Potion"},{"floor":16.0,"key":"SteroidPotion"},{"floor":31.0,"key":"DistilledChaos"},{"floor":40.0,"key":"Fire Potion"}],"is_trial":false,"path_per_floor":["R","M","M","M","M","?","T","R","?","E","$","M","R","M","M","B",null,"R","M","$","?","?","E","T","$","R","M","E","?","R","M","M","B",null,"R","M","?","M","?","M","T","M","R","E","R","E","M","?","M","B",null,"E","$","R","B","B",null],"character_chosen":"THE_AUTOMATON","items_purchased":["Ice Cream","bronze:Flail","AT_MibuBalloonWealth","DuplicationPotion","Blue Candle","bronze:BronzeOrb","expansioncontent:StudyTheSpire","Frozen Eye","Unceasing Top","AT_RedTearstoneRing","Pen Nib","Dota2Spire:Dagon"],"campfire_rested":1,"item_purchase_floors":[11,11,20,25,25,25,25,53,53,53,53,53],"current_hp_per_floor":[70,69,70,58,44,44,44,65,65,70,68,68,68,70,67,69,70,70,58,65,65,65,51,51,51,51,61,49,70,80,80,80,77,80,80,80,70,70,70,80,80,80,80,80,80,80,50,50,52,49,80,79,79,79,79,68],"gold":121,"neow_bonus":"RANDOM_COLORLESS","is_daily":false,"chose_seed":false,"campfire_upgraded":8,"win_rate":0.0,"timestamp":1613452246,"path_taken":["R","M","M","M","M","?","T","R","?","E","$","M","R","?","M","BOSS","R","M","$","?","?","E","T","$","R","M","E","?","R","M","M","BOSS","R","M","?","M","?","M","T","M","R","E","R","E","?","?","M","BOSS","E","$","R","BOSS","BOSS"],"items_purchased_type":["Relic","Card","Relic","Potion","Relic","Card","Card","Relic","Relic","Relic","Relic","Relic"],"build_version":"2020-12-22","purchased_purges":2,"victory":true,"max_hp_per_floor":[70,70,70,70,70,70,70,70,70,70,70,70,70,70,70,70,70,70,70,70,70,70,70,70,70,70,70,70,70,80,80,80,80,80,80,80,80,80,80,80,80,80,80,80,80,80,80,80,80,80,80,80,80,80,80,80],"card_choices":[{"not_picked":["Blind","Swift Strike"],"picked":"Trip","floor":0.0},{"not_picked":["bronze:DelayedGuard","bronze:OilSpill"],"picked":"bronze:Repair","floor":2.0},{"not_picked":["bronze:Shield","bronze:BuggyMess"],"picked":"bronze:CutThrough","floor":3.0},{"not_picked":["bronze:BuggyMess","bronze:BugBarrage"],"picked":"bronze:ChosenStrike","floor":4.0},{"not_picked":["bronze:Constructor","bronze:CutThrough"],"picked":"bronze:AlphaBuild","floor":5.0},{"not_picked":["bronze:Repair","bronze:Return"],"picked":"bronze:DelayedSlice","floor":10.0},{"not_picked":["bronze:InfiniteBeams","bronze:BuggyMess","bronze:Shield"],"picked":"SKIP","floor":11.0},{"not_picked":["bronze:BronzeArmor","bronze:Shell"],"picked":"bronze:Separator","floor":12.0},{"not_picked":["bronze:DelayedSlice","bronze:Branch"],"picked":"bronze:Backtrace","floor":14.0},{"not_picked":["bronze:OilSpill","bronze:BitShift"],"picked":"bronze:Overload","floor":15.0},{"not_picked":["bronze:HardenedForm","bronze:InfiniteLoop"],"picked":"bronze:RecursiveStrike","floor":16.0},{"not_picked":["bronze:DelayedSlice+1","bronze:DarkDash+1"],"picked":"bronze:FollowUp","floor":19.0},{"not_picked":["bronze:Return","bronze:BugBarrage","bronze:MaxOutput+1"],"picked":"SKIP","floor":20.0},{"not_picked":["bronze:ShipIt","bronze:WildBeam"],"picked":"bronze:Terminator","floor":23.0},{"not_picked":["bronze:Iterate","bronze:DelayedSlice"],"picked":"bronze:WhirlingStrike","floor":25.0},{"not_picked":["bronze:Constructor+1","bronze:Separator","bronze:BitShift"],"picked":"SKIP","floor":27.0},{"not_picked":["bronze:BronzeOrb","bronze:Philosophize"],"picked":"bronze:InfiniteLoop","floor":28.0},{"not_picked":["bronze:ClassDefault+1","bronze:Flail"],"picked":"bronze:Philosophize+1","floor":31.0},{"not_picked":["bronze:BugBarrage+1","bronze:Deprecate"],"picked":"bronze:Iterate+1","floor":32.0},{"not_picked":["bronze:Safeguard+1","bronze:Separator+1"],"picked":"bronze:CloningBeam","floor":36.0},{"not_picked":["expansioncontent:LastStand","expansioncontent:PrepareCrush"],"picked":"expansioncontent:Chronoboost","floor":37.0},{"not_picked":["expansioncontent:YouAreMine","expansioncontent:PrepareCrush"],"picked":"expansioncontent:Chronoboost","floor":37.0},{"not_picked":["expansioncontent:PrepareCrush","expansioncontent:PolyBeam"],"picked":"expansioncontent:Chronoboost","floor":37.0},{"not_picked":["bronze:WhirlingStrike","bronze:DarkDash","bronze:Iterate"],"picked":"SKIP","floor":38.0},{"not_picked":["bronze:DelayedSlice+1","bronze:Fortify","bronze:Repulsor"],"picked":"SKIP","floor":40.0},{"not_picked":["bronze:DelayedGuard","bronze:Repair","bronze:Branch+1"],"picked":"SKIP","floor":42.0},{"not_picked":["bronze:CleanCode","bronze:GetLatest","bronze:ThunderWave"],"picked":"SKIP","floor":44.0},{"not_picked":["bronze:GetLatest","bronze:ThunderWave"],"picked":"bronze:CleanCode","floor":44.0},{"not_picked":["bronze:Constructor+1","bronze:OilSpill"],"picked":"bronze:Allocate","floor":46.0},{"not_picked":["bronze:Branch+1","bronze:CloningBeam"],"picked":"bronze:Repair+1","floor":47.0},{"not_picked":["bronze:BuggyMess","bronze:Frontload"],"picked":"bronze:BitShift","floor":49.0},{"not_picked":["bronze:DigitalCarnage+1","bronze:Overheat"],"picked":"bronze:DelayedGuard+1","floor":52}],"player_experience":666660,"relics_obtained":[{"floor":7.0,"key":"PreservedInsect"},{"floor":10.0,"key":"Dota2Spire:LotusOrb"},{"floor":23.0,"key":"Oddly Smooth Stone"},{"floor":28.0,"key":"AT_SunfireAegis"},{"floor":41.0,"key":"Dota2Spire:EchoSabre"},{"floor":44.0,"key":"War Paint"},{"floor":44.0,"key":"The Courier"},{"floor":46.0,"key":"Meat on the Bone"},{"floor":46.0,"key":"AT_SilverBalance"},{"floor":52,"key":"Mummified Hand"},{"floor":52,"key":"HornCleat"}],"event_choices":[],"is_beta":false,"boss_relics":[{"not_picked":["Runic Pyramid","SacredBark"],"picked":"Dota2Spire:Bloodstone"},{"not_picked":["Coffee Dripper","Busted Crown"],"picked":"Black Star"}],"items_purged_floors":[11,53],"is_endless":false,"potions_floor_spawned":[4,5,12,16,19,28,31,33,36,40,46,47],"ascension_level":1}}