{"host":"ggy1mjjy92c62u6a","time":1613489056,"event":{"mods":["10 clothes from DAL","ATMod(阿瑾Mod)","Act Like it!","BaseMod","Colored Powertips","GifTheSpireLib","Infinite Spire","Library of Ruina","Library of Ruina Extra","Lobotomy","LobotomyExtend","Minty Spire (QoL Compilation)","Quick Restart","Relic Filter Mod","Relic Stats","Reliquary","Replay The Spire","RumiaBox-露米娅的神秘盒子","Shop Mod","Spicy Shops","StSLib","SuperFastMode","TestMod","[功能]功能增强和修复MOD","【功能Mod】混沌之环修复补丁","【遗物Mod】死灵法师NEW","【遗物卡牌】REMEMod"],"gold_per_floor":[116,191,191,208,43,43,43,43,43,43,43,53,53,43,43,140,140,158,178,93,192,192,192,192,192],"floor_reached":24,"language":"ZHS","playtime":541,"items_purged":["ReplayTheSpireMod:Splinters"],"score":237,"play_id":"a8d66332-6eb5-43c6-9a87-2c63a728c39a","local_time":"20210216232416","is_ascension_mode":true,"campfire_choices":[{"data":"AT_DivineConfetti","floor":6,"key":"SMITH"},{"floor":8,"key":"REST"},{"floor":13,"key":"REST"},{"data":"Strike_G","floor":15,"key":"SMITH"},{"data":"Replay:Bag of Tricks","floor":23,"key":"SMITH"}],"circlet_count":0,"master_deck":["Strike_G+1","Strike_G","Strike_G","Strike_G","Strike_G","Defend_G","Defend_G","Defend_G","Defend_G","Defend_G","Survivor","Neutralize","AT_DivineConfetti+1","Cloak And Dagger","Strike_G","Strike_G","Amnesia","Replay:Bag of Tricks+1","Escape Plan","Hidden Blade+1"],"relics":["Ring of the Snake","REME_ComplimentaryCards","AT_ATBox","testmod-TestBox","CogitoBucket","testmod-AscensionHeart","Baka","LetterFromLob","ReplayTheSpireMod:CursedCoin","testmod-HeartOfStrike","reliquary:Sideboard","Replay:Bottled Steam","Ring of Hypnosis","Black Star","AT_Kusabimaru"],"acts_visited":["Exordium","TheCity"],"potions_floor_usage":[16,18],"damage_taken":[{"damage":7.0,"enemies":"Jaw Worm","floor":1.0,"turns":3.0},{"damage":0,"enemies":"2 Louse","floor":4,"turns":3},{"damage":0,"enemies":"Cultist","floor":12,"turns":1},{"damage":0,"enemies":"Large Slime","floor":14,"turns":3},{"damage":50,"enemies":"Slime Boss","floor":16,"turns":9},{"damage":11,"enemies":"Shell Parasite","floor":18,"turns":3},{"damage":11,"enemies":"3 Byrds","floor":19,"turns":5},{"damage":54,"enemies":"Gremlin Leader","floor":24,"turns":3}],"seed_played":"-3054728937805838916","potions_obtained":[{"floor":1.0,"key":"Ancient Potion"},{"floor":16,"key":"testmod-SpacePotion"},{"floor":18,"key":"Fruit Juice"}],"is_trial":false,"path_per_floor":["M","?","?","M","$","R","?","R","T","?","$","M","R","M","R","B",null,"M","M","?","?","?","R","E"],"character_chosen":"THE_SILENT","items_purchased":["ReplayTheSpireMod:CursedCoin","testmod-HeartOfStrike","reliquary:Sideboard"],"campfire_rested":2,"item_purchase_floors":[5,5,5],"current_hp_per_floor":[57,46,46,47,47,47,40,61,61,61,61,62,70,70,70,25,63,59,49,49,49,49,49,0,0],"gold":192,"neow_bonus":"","is_daily":false,"chose_seed":false,"campfire_upgraded":3,"win_rate":0.0,"timestamp":1613489056,"path_taken":["M","?","?","?","$","R","?","R","T","?","?","M","R","M","R","BOSS","M","M","?","?","?","R","E"],"items_purchased_type":["Relic","Relic","Relic"],"build_version":"2020-12-22","purchased_purges":1,"victory":false,"max_hp_per_floor":[70,70,70,70,70,70,70,70,70,70,70,70,70,70,70,75,75,80,80,80,80,80,80,80,80],"relic_stats":{"counters":[9,31],"Black Star":0,"obtain_stats":[{"testmod-HeartOfStrike":5,"AT_ATBox":0,"testmod-TestBox":0,"Ring of Hypnosis":10,"ReplayTheSpireMod:CursedCoin":5,"reliquary:Sideboard":5,"Baka":1,"testmod-AscensionHeart":0,"CogitoBucket":0,"AT_Kusabimaru":20,"LetterFromLob":1,"Black Star":17,"Ring of the Snake":0,"REME_ComplimentaryCards":0,"Replay:Bottled Steam":9},{"testmod-HeartOfStrike":2,"AT_ATBox":0,"testmod-TestBox":0,"Ring of Hypnosis":2,"ReplayTheSpireMod:CursedCoin":2,"reliquary:Sideboard":2,"Baka":1,"testmod-AscensionHeart":0,"CogitoBucket":0,"AT_Kusabimaru":8,"LetterFromLob":1,"Black Star":5,"Ring of the Snake":0,"REME_ComplimentaryCards":0,"Replay:Bottled Steam":2},{"testmod-HeartOfStrike":6,"AT_ATBox":0,"testmod-TestBox":0,"Ring of Hypnosis":6,"ReplayTheSpireMod:CursedCoin":6,"reliquary:Sideboard":6,"Baka":3,"testmod-AscensionHeart":0,"CogitoBucket":0,"AT_Kusabimaru":28,"LetterFromLob":3,"Black Star":19,"Ring of the Snake":0,"REME_ComplimentaryCards":0,"Replay:Bottled Steam":6}],"Ring of the Snake":[18]},"card_choices":[{"not_picked":["Bane","Underhanded Strike"],"picked":"Cloak And Dagger","floor":1.0},{"not_picked":["Poisoned Stab","Bane","Dagger Throw"],"picked":"SKIP","floor":4},{"not_picked":["Catalyst","REME_ShadowStrike","Cloak And Dagger"],"picked":"SKIP","floor":12},{"not_picked":["Deadly Poison","Flying Knee","Accuracy"],"picked":"SKIP","floor":14},{"not_picked":["REME_GrazeFinale","AT_EssenceShift"],"picked":"Replay:Bag of Tricks","floor":16},{"not_picked":["Leg Sweep+1","Unload"],"picked":"AT_WindFlip","floor":18},{"not_picked":["ReplayTheSpireMod:The Works","Dagger Throw+1"],"picked":"Hidden Blade+1","floor":19}],"player_experience":147315,"relics_obtained":[{"floor":1.0,"key":"Baka"},{"floor":1.0,"key":"LetterFromLob"},{"floor":9,"key":"Replay:Bottled Steam"},{"floor":10,"key":"Ring of Hypnosis"}],"event_choices":[{"damage_healed":0.0,"max_hp_gain":0.0,"max_hp_loss":0.0,"gold_gain":75.0,"event_name":"World of Goop","player_choice":"Gather Gold","floor":2.0,"gold_loss":0.0,"damage_taken":11.0},{"damage_healed":0,"gold_gain":0,"player_choice":"Ignored","damage_taken":0,"max_hp_gain":0,"max_hp_loss":0,"event_name":"WeMeetAgain","floor":3,"gold_loss":0},{"damage_healed":0,"gold_gain":0,"player_choice":"Obtained Relic","damage_taken":0,"relics_obtained":["AT_Kusabimaru"],"max_hp_gain":0,"max_hp_loss":0,"event_name":"Addict","floor":20,"gold_loss":85},{"damage_healed":0,"gold_gain":99,"player_choice":"Stole From Cult","damage_taken":0,"max_hp_gain":0,"max_hp_loss":0,"event_name":"Nest","floor":21,"gold_loss":0},{"damage_healed":0,"gold_gain":0,"player_choice":"Ignored","damage_taken":0,"max_hp_gain":0,"max_hp_loss":0,"event_name":"给自己的盒子","floor":22,"gold_loss":0}],"is_beta":false,"boss_relics":[{"not_picked":["testmod-SaigiyounoYou","testmod-BloodSacrificeSpiritualization"],"picked":"Black Star"}],"items_purged_floors":[5],"is_endless":false,"potions_floor_spawned":[1,16,18],"killed_by":"Gremlin Leader","ascension_level":6}}