{"host":"9rqk712yu6s3287p","time":1613458609,"event":{"mods":["ATMod(°¢èªMod)","Act Like it!","BaseMod","CapriCore","Chen","Gensokyo","Googly Eyes","Marisa£¨ìFÓê¡¡Ä§ÀíÉ³£©","Minty Spire (QoL Compilation)","MostiFishMod","Onozuka Komachi Mod","Reimu£¨²©ÀöÁéÃÎ£©","Remilia_Scarlet Moed£¨ÀÙÃ×ÀòÑÇ¡¤Ë¹¿¨À×ÌØ£©3.3.5","Remilia£¨ÀÙÃ×ÀòÑÇ£©","RumiaBox-Â¶Ã×æ«µÄÉñÃØºÐ×Ó","StSLib","The Administrix","The Immortal","The Servant 0.9.4","Yakumo Yukari mod","Youmu£¨»êÆÇÑýÃÎ£©","Yuyuko","¡¾ÒÅÎï¿¨ÅÆ¡¿REMEMod"],"gold_per_floor":[129,180,240,270,333,579,711,864,876,1053,1143,1269,1359,1521,1533,1803,1815,1893,1977,2043,2142,2214,2331,2406,2631,2643,2745,2826,2937,2994,3099,3111,3363,3375,3432,3510,3579,3654,3741,3873,4026,4168,4260,4393,4517,4706,4850,4862,4862],"floor_reached":48,"language":"ZHS","playtime":3339,"items_purged":[],"score":2769,"play_id":"6748d1cc-e32c-4a2a-ac8d-d9cd5bee2118","local_time":"20210216145649","daily_mods":["Shiny","Vintage","Heirloom","Time Dilation","Flight","DeadlyEvents","Elite Swarm","Lethality","Midas","Binary"],"is_ascension_mode":true,"campfire_choices":[{"floor":15.0,"key":"RECALL"},{"floor":32.0,"key":"REST"}],"circlet_count":0,"master_deck":["AscendersBane","TricksterDevil+1","BatForm+1","ForecastOfChange+1","CurseOfVladTepes+1","ScarletMeister+1","QueenOfMidnight+1","BloodyHallows+1","HeartBreak+1","BloodRain+1","EquivalentExchange+1","KillingBlow+1","BloodyCatastrophe+1","ChaoticDestiny+1","BloodySeventeenLaser+1","HellCatastrophe+1","ScarletCoffin+1","DemonKingCradle+1","TransientEternity+1","CeilingFear+1"],"relics":["Snecko Eye","Busted Crown","AT_ATBox","DaveBox","REME_ComplimentaryCards","Calipers","Civilization","Mango","PreservedInsect","SynthV:TestCard","AT_SunfireAegis","White Beast Statue","GodSword6","Toy Ornithopter","AT_SeraphEmbrace","InkBottle","Bronze Scales","Ccalipers","Anchor","Vajra","MawBank","REME_ArchaeologicalTools","Nunchaku","AT_ForceNature","War Paint","Dream Catcher","Oddly Smooth Stone","AT_Kusabimaru","CrazyTorch:ReiMu","REME_HandOfSuture","SSSystem","AT_ChloranthyRing","Mummified Hand","ChaoDraw","GodSword1","Du-Vu Doll","Smiling Mask","Art of War","MagicDraw2","RedBat","Blood Vial","RuthlessExorcism:ReiMu","DianDianMeat","Bag of Preparation","Regal Pillow","Meat on the Bone","GodSword5","AT_GuinsooRageblade","Tea:ReiMu","Boot","SacredBark","Molten Egg 2","Happy Flower","Mastiff:ReiMu","AT_RedNoBalance","Akabeko","OriginationStaff","Ginger","ZombieArmy","The Courier","AT_ImmortalShieldbow","Bag of Marbles","Darkstone Periapt","MealTicket","GodSword3","AT_BellDemon","REME_PuzzleBoxRelic","Whetstone","Toxic Egg 2","Ancient Tea Set","Omamori","Letter Opener","Pear","MostiFishMod:Haymaker","Strawberry","Gremlin Horn","AT_BladeRuinedKing","ThornShield","SlaversCollar","AntiCross","Bottled Lightning","Shuriken","Potion Belt","Torii","AT_RedTearstoneRing","AT_Manta","REME_IWantAll","Ice Cream","Orichalcum","Lantern","AT_PhaseBoots","Gambling Chip","Shovel","Centennial Puzzle","Lizard Tail","AT_MibuBalloonWealth","MagicDraw1","ScarletDevilRocket","Bottled Flame","AT_EbonyIvory","Pen Nib","Thread and Needle","SentryEyes","CeramicFish","AT_DeathDance","AT_BellowingDragoncrestRing","MagicDraw4","PureWhite:ReiMu","SecretRecord","Bottled Tornado","ImprovedEquipment"],"acts_visited":["Exordium","TheCity","TheBeyond"],"potions_floor_usage":[],"damage_taken":[{"damage":4.0,"enemies":"Cultist","floor":1.0,"turns":4.0},{"damage":4.0,"enemies":"Jaw Worm","floor":2.0,"turns":2.0},{"damage":4.0,"enemies":"2 Louse","floor":3.0,"turns":2.0},{"damage":6.0,"enemies":"Lots of Slimes","floor":4.0,"turns":4.0},{"damage":0.0,"enemies":"2 Fungi Beasts","floor":5.0,"turns":3.0},{"damage":19.0,"enemies":"3 Sentries","floor":6.0,"turns":4.0},{"damage":0.0,"enemies":"Gremlin Nob","floor":7.0,"turns":3.0},{"damage":2.0,"enemies":"Lagavulin","floor":8.0,"turns":3.0},{"damage":6.0,"enemies":"3 Sentries","floor":10.0,"turns":4.0},{"damage":10.0,"enemies":"Exordium Wildlife","floor":11.0,"turns":2.0},{"damage":6.0,"enemies":"Gremlin Nob","floor":12.0,"turns":1.0},{"damage":4.0,"enemies":"Large Slime","floor":13.0,"turns":1.0},{"damage":10.0,"enemies":"3 Sentries","floor":14.0,"turns":3.0},{"damage":0.0,"enemies":"Slime Boss","floor":16.0,"turns":6.0},{"damage":4.0,"enemies":"Spheric Guardian","floor":18.0,"turns":2.0},{"damage":0.0,"enemies":"Chosen","floor":19.0,"turns":2.0},{"damage":2.0,"enemies":"Snecko","floor":20.0,"turns":2.0},{"damage":0.0,"enemies":"Chosen and Byrds","floor":21.0,"turns":3.0},{"damage":2.0,"enemies":"Snake Plant","floor":22.0,"turns":2.0},{"damage":9.0,"enemies":"Gremlin Leader","floor":23.0,"turns":2.0},{"damage":0.0,"enemies":"Sentry and Sphere","floor":24.0,"turns":3.0},{"damage":0.0,"enemies":"Slavers","floor":25.0,"turns":3.0},{"damage":0.0,"enemies":"Gremlin Leader","floor":27.0,"turns":1.0},{"damage":0.0,"enemies":"Centurion and Healer","floor":28.0,"turns":3.0},{"damage":0.0,"enemies":"Book of Stabbing","floor":29.0,"turns":2.0},{"damage":0.0,"enemies":"Shelled Parasite and Fungi","floor":30.0,"turns":1.0},{"damage":0.0,"enemies":"Slavers","floor":31.0,"turns":2.0},{"damage":0.0,"enemies":"Collector","floor":33.0,"turns":2.0},{"damage":0.0,"enemies":"3 Shapes","floor":35.0,"turns":1.0},{"damage":0.0,"enemies":"Orb Walker","floor":36.0,"turns":2.0},{"damage":0.0,"enemies":"Maw","floor":37.0,"turns":1.0},{"damage":0.0,"enemies":"4 Shapes","floor":38.0,"turns":2.0},{"damage":0.0,"enemies":"3 Darklings","floor":39.0,"turns":2.0},{"damage":0.0,"enemies":"Nemesis","floor":40.0,"turns":3.0},{"damage":0.0,"enemies":"Giant Head","floor":41.0,"turns":3.0},{"damage":0,"enemies":"Nemesis","floor":42,"turns":1},{"damage":0,"enemies":"Giant Head","floor":44,"turns":1},{"damage":0,"enemies":"Nemesis","floor":45,"turns":1},{"damage":0,"enemies":"Reptomancer","floor":46,"turns":1},{"damage":0,"enemies":"Sphere and 2 Shapes","floor":47,"turns":1},{"damage":0,"enemies":"Transient","floor":48,"turns":1}],"seed_played":"5429058722204998882","potions_obtained":[{"floor":1.0,"key":"Energy Potion"},{"floor":1.0,"key":"REME_GoldPotion"},{"floor":2.0,"key":"DistilledChaos"},{"floor":3.0,"key":"LiquidMemories"},{"floor":4.0,"key":"Explosive Potion"},{"floor":5.0,"key":"Fire Potion"},{"floor":6.0,"key":"Energy Potion"},{"floor":7.0,"key":"Swift Potion"},{"floor":8.0,"key":"SkillPotion"},{"floor":10.0,"key":"LiquidMemories"},{"floor":11.0,"key":"Fruit Juice"},{"floor":11.0,"key":"AttackPotion"},{"floor":12.0,"key":"LiquidMemories"},{"floor":16.0,"key":"REME_GoldPotion"},{"floor":16.0,"key":"Energy Potion"},{"floor":16.0,"key":"Regen Potion"},{"floor":18.0,"key":"Fruit Juice"},{"floor":18.0,"key":"Swift Potion"},{"floor":25.0,"key":"Swift Potion"},{"floor":31.0,"key":"FearPotion"},{"floor":33.0,"key":"LiquidMemories"},{"floor":36.0,"key":"DuplicationPotion"},{"floor":36.0,"key":"ZuzhouPotion:ReiMu"},{"floor":37.0,"key":"Swift Potion"},{"floor":44,"key":"MagicPotion:ReiMu"}],"is_trial":true,"path_per_floor":["M","M","M","M","M","E","E","E","T","E","M","E","M","E","R","B",null,"M","M","M","M","M","E","M","E","T","E","M","E","M","E","R","B",null,"M","M","M","M","M","E","E","E","T","E","E","E","M","M"],"character_chosen":"REMILIA","items_purchased":[],"campfire_rested":1,"item_purchase_floors":[],"current_hp_per_floor":[78,80,80,88,93,98,103,113,113,121,131,136,141,146,146,151,151,166,171,108,116,122,121,135,143,143,151,159,167,187,209,243,248,248,253,258,263,268,273,278,283,288,288,293,298,303,308,308,308],"gold":4862,"neow_bonus":"","is_daily":false,"chose_seed":false,"campfire_upgraded":0,"win_rate":0.0,"timestamp":1613458609,"path_taken":["M","M","M","M","M","E","E","E","T","E","M","E","M","E","R","BOSS","M","?","M","M","M","E","M","E","T","E","M","E","M","E","R","BOSS","M","M","M","M","M","E","E","E","T","E","E","E","M","M"],"items_purchased_type":[],"build_version":"2020-12-22","purchased_purges":0,"victory":false,"max_hp_per_floor":[85,87,91,96,101,106,111,116,116,121,131,136,141,146,146,151,151,166,171,176,181,186,191,196,201,201,206,211,216,231,243,243,248,248,253,258,263,268,273,278,283,288,288,293,298,303,308,308,308],"card_choices":[{"not_picked":["BloodyCatastrophe","HeartBreak"],"picked":"SKIP","floor":6.0},{"not_picked":["CeilingFear","QueenOfMidnight"],"picked":"SKIP","floor":7.0},{"not_picked":["KillingBlow","TricksterDevil"],"picked":"SKIP","floor":8.0},{"not_picked":["ScarletCoffin","TricksterDevil"],"picked":"SKIP","floor":10.0},{"not_picked":["TransientEternity","BloodyCatastrophe"],"picked":"SKIP","floor":12.0},{"not_picked":["EquivalentExchange","QueenOfMidnight"],"picked":"SKIP","floor":14.0},{"not_picked":["BatForm","QueenOfMidnight"],"picked":"SKIP","floor":23.0},{"not_picked":["BloodySeventeenLaser+1","CurseOfVladTepes"],"picked":"SKIP","floor":25.0},{"not_picked":["ForecastOfChange+1","EquivalentExchange"],"picked":"SKIP","floor":27.0},{"not_picked":["ScarletCoffin+1","ScarletMeister"],"picked":"SKIP","floor":29.0},{"not_picked":["HellCatastrophe+1","BloodyHallows+1"],"picked":"SKIP","floor":31.0},{"not_picked":["HellCatastrophe+1","BloodyHallows+1"],"picked":"SKIP","floor":31.0},{"not_picked":["BloodRain+1","EquivalentExchange"],"picked":"SKIP","floor":40.0},{"not_picked":["ChaoticDestiny+1","CurseOfVladTepes"],"picked":"SKIP","floor":41.0},{"not_picked":["TransientEternity","EquivalentExchange"],"picked":"SKIP","floor":42},{"not_picked":["KillingBlow+1","BloodRain+1"],"picked":"SKIP","floor":44},{"not_picked":["CeilingFear+1","BloodyHallows+1"],"picked":"SKIP","floor":45},{"not_picked":["DemonKingCradle","BloodRain+1"],"picked":"SKIP","floor":46}],"player_experience":522697,"relics_obtained":[{"floor":1.0,"key":"Mango"},{"floor":1.0,"key":"PreservedInsect"},{"floor":1.0,"key":"SynthV:TestCard"},{"floor":2.0,"key":"AT_SunfireAegis"},{"floor":2.0,"key":"White Beast Statue"},{"floor":3.0,"key":"GodSword6"},{"floor":3.0,"key":"Toy Ornithopter"},{"floor":3.0,"key":"AT_ArchangelStaff"},{"floor":4.0,"key":"InkBottle"},{"floor":4.0,"key":"Bronze Scales"},{"floor":4.0,"key":"Ccalipers"},{"floor":4.0,"key":"Anchor"},{"floor":4.0,"key":"Vajra"},{"floor":4.0,"key":"MawBank"},{"floor":5.0,"key":"REME_ArchaeologicalTools"},{"floor":5.0,"key":"Nunchaku"},{"floor":5.0,"key":"AT_ForceNature"},{"floor":6.0,"key":"War Paint"},{"floor":6.0,"key":"Dream Catcher"},{"floor":6.0,"key":"Oddly Smooth Stone"},{"floor":6.0,"key":"AT_Kusabimaru"},{"floor":7.0,"key":"CrazyTorch:ReiMu"},{"floor":7.0,"key":"REME_HandOfSuture"},{"floor":8.0,"key":"SSSystem"},{"floor":8.0,"key":"AT_ChloranthyRing"},{"floor":9.0,"key":"Mummified Hand"},{"floor":10.0,"key":"ChaoDraw"},{"floor":10.0,"key":"GodSword1"},{"floor":10.0,"key":"Du-Vu Doll"},{"floor":10.0,"key":"Smiling Mask"},{"floor":11.0,"key":"Art of War"},{"floor":11.0,"key":"MagicDraw2"},{"floor":11.0,"key":"RedBat"},{"floor":12.0,"key":"Blood Vial"},{"floor":12.0,"key":"RuthlessExorcism:ReiMu"},{"floor":13.0,"key":"DianDianMeat"},{"floor":14.0,"key":"Bag of Preparation"},{"floor":14.0,"key":"Regal Pillow"},{"floor":14.0,"key":"Meat on the Bone"},{"floor":16.0,"key":"GodSword5"},{"floor":16.0,"key":"AT_GuinsooRageblade"},{"floor":16.0,"key":"Tea:ReiMu"},{"floor":16.0,"key":"Boot"},{"floor":18.0,"key":"Molten Egg 2"},{"floor":18.0,"key":"Happy Flower"},{"floor":19.0,"key":"Mastiff:ReiMu"},{"floor":19.0,"key":"AT_SilverBalance"},{"floor":20.0,"key":"Akabeko"},{"floor":21.0,"key":"OriginationStaff"},{"floor":21.0,"key":"Ginger"},{"floor":21.0,"key":"ZombieArmy"},{"floor":23.0,"key":"The Courier"},{"floor":24.0,"key":"AT_ImmortalShieldbow"},{"floor":24.0,"key":"Bag of Marbles"},{"floor":25.0,"key":"Darkstone Periapt"},{"floor":25.0,"key":"MealTicket"},{"floor":26.0,"key":"GodSword3"},{"floor":27.0,"key":"AT_BellDemon"},{"floor":28.0,"key":"REME_PuzzleBoxRelic"},{"floor":28.0,"key":"Whetstone"},{"floor":28.0,"key":"Toxic Egg 2"},{"floor":29.0,"key":"Ancient Tea Set"},{"floor":29.0,"key":"Omamori"},{"floor":30.0,"key":"Letter Opener"},{"floor":30.0,"key":"Pear"},{"floor":31.0,"key":"MostiFishMod:Haymaker"},{"floor":31.0,"key":"Strawberry"},{"floor":31.0,"key":"Gremlin Horn"},{"floor":33.0,"key":"AT_BladeRuinedKing"},{"floor":33.0,"key":"ThornShield"},{"floor":35.0,"key":"AntiCross"},{"floor":35.0,"key":"Bottled Lightning"},{"floor":36.0,"key":"Shuriken"},{"floor":36.0,"key":"Potion Belt"},{"floor":36.0,"key":"Torii"},{"floor":37.0,"key":"AT_RedTearstoneRing"},{"floor":37.0,"key":"AT_Manta"},{"floor":38.0,"key":"REME_IWantAll"},{"floor":38.0,"key":"Ice Cream"},{"floor":38.0,"key":"Orichalcum"},{"floor":39.0,"key":"Lantern"},{"floor":39.0,"key":"AT_SpeedBoots"},{"floor":40.0,"key":"Gambling Chip"},{"floor":40.0,"key":"Shovel"},{"floor":41.0,"key":"Centennial Puzzle"},{"floor":41.0,"key":"Lizard Tail"},{"floor":41.0,"key":"AT_MibuBalloonWealth"},{"floor":42,"key":"MagicDraw1"},{"floor":42,"key":"ScarletDevilRocket"},{"floor":43,"key":"Bottled Flame"},{"floor":44,"key":"AT_EbonyIvory"},{"floor":44,"key":"Pen Nib"},{"floor":44,"key":"Thread and Needle"},{"floor":45,"key":"SentryEyes"},{"floor":45,"key":"CeramicFish"},{"floor":45,"key":"AT_DeathDance"},{"floor":46,"key":"AT_BellowingDragoncrestRing"},{"floor":46,"key":"MagicDraw4"},{"floor":46,"key":"PureWhite:ReiMu"},{"floor":47,"key":"SecretRecord"},{"floor":47,"key":"Bottled Tornado"},{"floor":47,"key":"ImprovedEquipment"}],"event_choices":[],"is_beta":false,"boss_relics":[{"not_picked":["EE1DDrone","APieceOfRedMist"],"picked":"SacredBark"},{"not_picked":["SoulBox","RhineCircuit"],"picked":"SlaversCollar"}],"items_purged_floors":[],"is_endless":false,"potions_floor_spawned":[1,2,3,4,5,6,7,8,10,11,12,13,14,16,18,19,20,21,22,23,24,25,27,28,29,30,31,33,35,36,37,38,39,40,41,42,44,45,46,47],"killed_by":"Transient","ascension_level":20}}