{"host":"jq8d8epkoknfq6em","time":1613509881,"event":{"mods":["AchievementEnabler","BaseMod","Colored Map","Colored Powertips","Highlight Path","Minty Spire (QoL Compilation)","Quick Restart","Relic Stats","StSLib"],"gold_per_floor":[212,228,238,258,268,268,21,21,21,37,48,62,72,72,72,173,173,187,197,211,226,30,30,65,65,65,65,65,81,113,113,113,113,113],"floor_reached":33,"language":"ENG","playtime":2884,"items_purged":["Strike_G"],"score":464,"play_id":"87239142-9737-4413-83f1-49b156947fc4","local_time":"20210216221121","is_ascension_mode":true,"campfire_choices":[{"data":"Poisoned Stab","floor":6,"key":"SMITH"},{"data":"Deadly Poison","floor":8,"key":"SMITH"},{"data":"Sadistic Nature","floor":15,"key":"SMITH"},{"floor":23,"key":"REST"},{"floor":25,"key":"REST"},{"data":"Bouncing Flask","floor":27,"key":"SMITH"},{"floor":32,"key":"REST"}],"circlet_count":0,"master_deck":["AscendersBane","Strike_G","Strike_G","Strike_G","Strike_G","Defend_G","Defend_G","Defend_G","Defend_G","Defend_G","Survivor","Neutralize","Deflect","Deadly Poison+1","Poisoned Stab+1","Dagger Spray","Sadistic Nature+1","Sucker Punch","Bouncing Flask+1","Burst","Corpse Explosion","Deflect","Concentrate+1","Backflip","Setup+1","Envenom+1","Leg Sweep","Ghostly","Ghostly","Ghostly","Ghostly","Ghostly"],"relics":["Ring of the Snake","Darkstone Periapt","Runic Pyramid","Snake Skull","Bag of Marbles","Frozen Egg 2","Shuriken"],"acts_visited":["Exordium","TheCity"],"potions_floor_usage":[3,13,16,16,21,24,30,30,33],"damage_taken":[{"damage":0,"enemies":"2 Louse","floor":1,"turns":3},{"damage":5,"enemies":"Small Slimes","floor":2,"turns":6},{"damage":2,"enemies":"Jaw Worm","floor":3,"turns":6},{"damage":6,"enemies":"Exordium Wildlife","floor":4,"turns":6},{"damage":9,"enemies":"Red Slaver","floor":5,"turns":4},{"damage":0,"enemies":"Gremlin Gang","floor":10,"turns":3},{"damage":2,"enemies":"3 Louse","floor":11,"turns":3},{"damage":5,"enemies":"2 Fungi Beasts","floor":12,"turns":3},{"damage":13,"enemies":"Exordium Thugs","floor":13,"turns":4},{"damage":24,"enemies":"Slime Boss","floor":16,"turns":7},{"damage":15,"enemies":"Spheric Guardian","floor":18,"turns":5},{"damage":19,"enemies":"Shell Parasite","floor":19,"turns":5},{"damage":8,"enemies":"Snecko","floor":20,"turns":5},{"damage":13,"enemies":"Snake Plant","floor":21,"turns":5},{"damage":1,"enemies":"Gremlin Leader","floor":24,"turns":5},{"damage":24,"enemies":"Shelled Parasite and Fungi","floor":29,"turns":4},{"damage":13,"enemies":"Book of Stabbing","floor":30,"turns":3},{"damage":21,"enemies":"Champ","floor":33,"turns":9}],"seed_played":"-476496324450740621","potions_obtained":[{"floor":2,"key":"Weak Potion"},{"floor":3,"key":"Weak Potion"},{"floor":12,"key":"Explosive Potion"},{"floor":13,"key":"AttackPotion"},{"floor":16,"key":"SteroidPotion"},{"floor":19,"key":"SkillPotion"},{"floor":29,"key":"Energy Potion"},{"floor":30,"key":"GamblersBrew"}],"is_trial":false,"path_per_floor":["M","M","M","M","M","R","$","R","T","M","M","M","M","?","R","B",null,"M","M","M","M","$","R","E","R","T","R","?","M","E","?","R","B"],"character_chosen":"THE_SILENT","items_purchased":["Sadistic Nature","Snake Skull","Block Potion"],"campfire_rested":3,"item_purchase_floors":[7,22,22],"current_hp_per_floor":[63,58,56,50,41,41,41,41,41,41,39,34,21,44,44,20,58,43,24,16,3,3,24,23,44,44,44,44,20,7,7,17,0,0],"gold":113,"neow_bonus":"HUNDRED_GOLD","is_daily":false,"chose_seed":false,"campfire_upgraded":4,"win_rate":0.0,"timestamp":1613509881,"path_taken":["M","M","M","M","M","R","$","R","T","M","M","M","M","?","R","BOSS","M","M","M","M","$","R","E","R","T","R","?","M","E","?","R","BOSS"],"items_purchased_type":["Card","Relic","Potion"],"build_version":"2020-12-22","purchased_purges":1,"victory":false,"max_hp_per_floor":[70,70,70,70,70,70,70,70,70,70,70,70,70,70,70,70,70,70,70,70,70,70,70,70,70,70,70,70,70,70,35,35,35,35],"relic_stats":{"Darkstone Periapt":0,"counters":[18,86],"Shuriken":[0],"Snake Skull":[37],"obtain_stats":[{"Darkstone Periapt":9,"Shuriken":30,"Snake Skull":22,"Bag of Marbles":24,"Frozen Egg 2":26,"Ring of the Snake":0,"Runic Pyramid":17},{"Darkstone Periapt":5,"Shuriken":17,"Snake Skull":14,"Bag of Marbles":15,"Frozen Egg 2":15,"Ring of the Snake":0,"Runic Pyramid":10},{"Darkstone Periapt":25,"Shuriken":77,"Snake Skull":65,"Bag of Marbles":70,"Frozen Egg 2":70,"Ring of the Snake":0,"Runic Pyramid":45}],"Ring of the Snake":[36]},"card_choices":[{"not_picked":["Bane","Choke"],"picked":"Deflect","floor":1},{"not_picked":["Bane","Terror"],"picked":"Deadly Poison","floor":2},{"not_picked":["Accuracy","Underhanded Strike"],"picked":"Poisoned Stab","floor":3},{"not_picked":["Envenom","Dodge and Roll"],"picked":"Dagger Spray","floor":4},{"not_picked":["Cloak And Dagger","Riddle With Holes","Bane"],"picked":"SKIP","floor":5},{"not_picked":["Escape Plan","Dagger Spray"],"picked":"Sucker Punch","floor":10},{"not_picked":["Dash","Slice","Outmaneuver"],"picked":"SKIP","floor":11},{"not_picked":["Cloak And Dagger","Bane"],"picked":"Bouncing Flask","floor":12},{"not_picked":["Skewer","Prepared"],"picked":"Burst","floor":13},{"not_picked":["Die Die Die","Burst"],"picked":"Corpse Explosion","floor":16},{"not_picked":["Flying Knee","Backflip+1"],"picked":"Deflect","floor":18},{"not_picked":["Dagger Throw","Choke","Deflect"],"picked":"SKIP","floor":19},{"not_picked":["Blade Dance","Sucker Punch+1"],"picked":"Concentrate+1","floor":20},{"not_picked":["Quick Slash","Skewer"],"picked":"Backflip","floor":21},{"not_picked":["Endless Agony","Dagger Throw"],"picked":"Setup+1","floor":24},{"not_picked":["Blade Dance+1","Outmaneuver"],"picked":"Envenom+1","floor":29},{"not_picked":["Poisoned Stab","Prepared+1"],"picked":"Leg Sweep","floor":30}],"player_experience":1051506,"relics_obtained":[{"floor":9,"key":"Darkstone Periapt"},{"floor":24,"key":"Bag of Marbles"},{"floor":26,"key":"Frozen Egg 2"},{"floor":30,"key":"Shuriken"}],"event_choices":[{"damage_healed":23,"gold_gain":0,"player_choice":"Banana","damage_taken":0,"max_hp_gain":0,"max_hp_loss":0,"event_name":"Big Fish","floor":14,"gold_loss":0},{"damage_healed":0,"gold_gain":0,"player_choice":"Ignored","damage_taken":0,"max_hp_gain":0,"max_hp_loss":0,"event_name":"The Mausoleum","floor":28,"gold_loss":0},{"damage_healed":0,"gold_gain":0,"player_choice":"Became a Ghost","damage_taken":0,"max_hp_gain":0,"max_hp_loss":35,"event_name":"Ghosts","floor":31,"gold_loss":0,"cards_obtained":["Ghostly","Ghostly","Ghostly","Ghostly","Ghostly"]}],"is_beta":false,"boss_relics":[{"not_picked":["SlaversCollar","Pandora\u0027s Box"],"picked":"Runic Pyramid"}],"items_purged_floors":[7],"is_endless":false,"potions_floor_spawned":[2,3,12,13,16,19,29,30],"killed_by":"Champ","ascension_level":11}}