{"host":"bsgp9wgausrmthh2","time":1613439034,"event":{"mods":["AchievementEnabler","BaseMod","Colored Map","Downfall","Minty Spire (QoL Compilation)","Replay The Spire","StSLib"],"gold_per_floor":[117,192,32,32,32,67,67,67,67,67,82,97,97,112,112,214,214,139,139],"floor_reached":18,"language":"ENG","playtime":921,"items_purged":[],"score":183,"play_id":"1fed1957-f351-4b5d-818c-aa993cf5e604","local_time":"20210215203034","is_ascension_mode":false,"campfire_choices":[{"floor":8,"key":"RECALL"},{"data":"Inflame","floor":10,"key":"SMITH"},{"data":"Bloodletting","floor":13,"key":"SMITH"}],"circlet_count":0,"master_deck":["Strike_R","Strike_R","Strike_R","Strike_R+1","Strike_R","Defend_R","Defend_R","Defend_R","Defend_R","Bash+1","Shrug It Off","Inflame+1","Seeing Red+1","Seeing Red","Shrug It Off","Bloodletting+1","Rage","Berserk"],"relics":["Black Blood","NeowsBlessing","Lantern","Art of War"],"acts_visited":["Exordium","TheCity"],"potions_floor_usage":[16],"damage_taken":[{"damage":0,"enemies":"2 Louse","floor":1,"turns":1},{"damage":0,"enemies":"Gremlin Nob","floor":6,"turns":1},{"damage":0,"enemies":"Jaw Worm","floor":11,"turns":1},{"damage":0,"enemies":"Small Slimes","floor":12,"turns":4},{"damage":11,"enemies":"3 Louse","floor":14,"turns":4},{"damage":60,"enemies":"Hexaghost","floor":16,"turns":13},{"damage":45,"enemies":"2 Thieves","floor":18,"turns":5}],"seed_played":"2299746332872410286","potions_obtained":[{"floor":1,"key":"AttackPotion"},{"floor":6,"key":"LifebloodPotion"},{"floor":14,"key":"LiquidMemories"},{"floor":16,"key":"Weak Potion"}],"is_trial":false,"path_per_floor":["M","?","$","?","?","E","?","R","T","R","M","M","R","M","R_BF","B",null,"M"],"character_chosen":"IRONCLAD","items_purchased":["Inflame","Seeing Red"],"campfire_rested":0,"item_purchase_floors":[3,3],"current_hp_per_floor":[80,69,69,66,50,56,56,56,56,56,62,68,68,63,63,9,80,35,35],"gold":139,"neow_bonus":"THREE_ENEMY_KILL","is_daily":false,"chose_seed":false,"campfire_upgraded":2,"win_rate":0.0,"timestamp":1613439034,"path_taken":["M","?","?","?","?","E","?","R","T","R","M","M","R","M","R_BF","BOSS","M"],"items_purchased_type":["Card","Card"],"build_version":"2020-12-22","purchased_purges":0,"victory":false,"max_hp_per_floor":[80,80,80,80,80,80,80,80,80,80,80,80,80,80,80,80,80,80,80],"card_choices":[{"not_picked":["ReplayTheSpireMod:Corrosion Curse","Armaments"],"picked":"Shrug It Off","floor":1},{"not_picked":["Evolve","Sentinel"],"picked":"Seeing Red","floor":6},{"not_picked":["Power Through","Sword Boomerang"],"picked":"Shrug It Off","floor":11},{"not_picked":["Wild Strike","Havoc"],"picked":"Bloodletting","floor":12},{"not_picked":["Run Through","Hemokinesis"],"picked":"Rage","floor":14},{"not_picked":["Double Tap","Impervious"],"picked":"Berserk","floor":16}],"player_experience":261130,"relics_obtained":[{"floor":6,"key":"Art of War"}],"event_choices":[{"damage_healed":0,"gold_gain":75,"player_choice":"Gather Gold","damage_taken":11,"max_hp_gain":0,"max_hp_loss":0,"event_name":"World of Goop","floor":2,"gold_loss":0},{"damage_healed":0,"gold_gain":0,"player_choice":"Success","damage_taken":3,"relics_obtained":["Lantern"],"max_hp_gain":0,"max_hp_loss":0,"event_name":"Scrap Ooze","floor":4,"gold_loss":0},{"damage_healed":0,"gold_gain":0,"player_choice":"Entered Light","damage_taken":16,"max_hp_gain":0,"max_hp_loss":0,"event_name":"Shining Light","floor":5,"gold_loss":0,"cards_upgraded":["Strike_R","Bash"]},{"damage_healed":0,"gold_gain":0,"player_choice":"Ignored","damage_taken":0,"max_hp_gain":0,"max_hp_loss":0,"event_name":"Liars Game","floor":15,"gold_loss":0}],"is_beta":false,"boss_relics":[{"not_picked":["Runic Cube","Coffee Dripper"],"picked":"Black Blood"}],"items_purged_floors":[],"is_endless":false,"potions_floor_spawned":[1,6,14,16],"killed_by":"2 Thieves","ascension_level":0}}