{"host":"ix07nhfx4o3nf6kx","time":1613479061,"event":{"mods":["BaseMod","Hermit","Minty Spire (QoL Compilation)","StSLib","The Bug Knight","The Cursed","The Dragon Tamer","The Hierophant","The Jungle","The Runesmith"],"gold_per_floor":[114,34,34,49,59,59,79,79,79,79,95,108,108,127,127,224,274,284,205,205,135,50,50,2,2,2,12,30,70,87,98,98,98,98],"floor_reached":33,"language":"KOR","playtime":3072,"items_purged":[],"score":266,"play_id":"4c79f771-728a-4b5f-9418-4e18169919f2","local_time":"20210216213741","is_ascension_mode":false,"campfire_choices":[{"data":"HollowMod:LifebloodCore","floor":6,"key":"SMITH"},{"data":"HollowMod:InfectedCysts","floor":8,"key":"SMITH"},{"data":"HollowMod:MidwifesHunger","floor":10,"key":"SMITH"},{"data":"HollowMod:MonomonsArchive","floor":15,"key":"SMITH"},{"data":"HollowMod:ElderbugsWisdom","floor":23,"key":"SMITH"},{"floor":32,"key":"REST"}],"circlet_count":0,"master_deck":["HollowMod:NailStrikeStart","HollowMod:NailStrikeStart","HollowMod:NailStrikeStart","HollowMod:NailStrikeStart","HollowMod:QuickDashStart","HollowMod:QuickDashStart","HollowMod:QuickDashStart","HollowMod:QuickDashStart","HollowMod:FocusHealStart+1","HollowMod:PogoStrike","HollowMod:CycloneSlash","HollowMod:LifebloodCore+1","HollowMod:CycloneSlash","HollowMod:InfectedCysts+1","HollowMod:MantisMark+1","HollowMod:MonomonsArchive+1","HollowMod:ElderbugsWisdom+1","HollowMod:InfectedAttack","HollowMod:HowlingWraiths+1","HollowMod:PerfectDash","HollowMod:InfectionAssault","HollowMod:TaintedHusks","HollowMod:SoulStrike+1","HollowMod:CloakDash"],"relics":["HollowMod:VesselMask","Singing Bowl","Tiny House","MutagenicStrength","White Beast Statue","Toy Ornithopter"],"acts_visited":["Exordium","TheCity"],"potions_floor_usage":[16,16,27,28,29,29,30,30,31,31,33],"damage_taken":[{"damage":0,"enemies":"Small Slimes","floor":1,"turns":2},{"damage":1,"enemies":"2 Louse","floor":4,"turns":2},{"damage":0,"enemies":"Cultist","floor":5,"turns":4},{"damage":0,"enemies":"Looter","floor":7,"turns":4},{"damage":20,"enemies":"Blue Slaver","floor":11,"turns":3},{"damage":0,"enemies":"Exordium Wildlife","floor":12,"turns":4},{"damage":15,"enemies":"2 Fungi Beasts","floor":14,"turns":3},{"damage":27,"enemies":"The Guardian","floor":16,"turns":11},{"damage":12,"enemies":"Chosen","floor":18,"turns":6},{"damage":29,"enemies":"2 Thieves","floor":27,"turns":2},{"damage":5,"enemies":"3 Cultists","floor":28,"turns":3},{"damage":33,"enemies":"Cultist and Chosen","floor":29,"turns":4},{"damage":32,"enemies":"Centurion and Healer","floor":30,"turns":6},{"damage":29,"enemies":"Snake Plant","floor":31,"turns":6},{"damage":91,"enemies":"Champ","floor":33,"turns":13}],"seed_played":"-3399009334061602401","potions_obtained":[{"floor":4,"key":"AttackPotion"},{"floor":7,"key":"Swift Potion"},{"floor":12,"key":"Block Potion"},{"floor":16,"key":"LiquidBronze"},{"floor":17,"key":"TwistedElixir"},{"floor":27,"key":"Fire Potion"},{"floor":28,"key":"LiquidBronze"},{"floor":29,"key":"GamblersBrew"},{"floor":29,"key":"SpeedPotion"},{"floor":30,"key":"BlessingOfTheForge"},{"floor":31,"key":"LiquidBronze"}],"is_trial":false,"path_per_floor":["M","$","?","M","M","R","M","R","T","R","M","M","?","M","R","B",null,"M","$","?","$","?","R","$","?","T","M","M","M","M","M","R","B"],"character_chosen":"THE_BUGKNIGHT","items_purchased":["HollowMod:MidwifesHunger","HollowMod:PerfectDash","HollowMod:InfectionAssault","HollowMod:TaintedHusks"],"campfire_rested":1,"item_purchase_floors":[2,19,21,24],"current_hp_per_floor":[68,68,68,67,73,73,73,73,73,73,59,67,67,58,58,37,96,84,84,84,84,84,84,84,84,84,68,76,59,43,36,66,0,0],"gold":98,"neow_bonus":"TWENTY_PERCENT_HP_BONUS","is_daily":false,"chose_seed":false,"campfire_upgraded":5,"win_rate":0.0,"timestamp":1613479061,"path_taken":["M","$","?","M","M","R","M","R","T","R","M","M","?","?","R","BOSS","M","$","?","$","?","R","?","?","T","?","M","M","M","M","R","BOSS"],"items_purchased_type":["Card","Card","Card","Card"],"build_version":"2020-12-22","purchased_purges":0,"victory":false,"max_hp_per_floor":[89,89,89,89,89,89,89,89,89,89,89,91,91,91,91,91,96,96,96,96,96,96,96,96,96,96,98,100,100,100,102,102,102,102],"card_choices":[{"not_picked":["HollowMod:DoubleDash","HollowMod:LifebloodCocoon"],"picked":"HollowMod:CycloneSlash","floor":1},{"not_picked":["HollowMod:HeavyBlow","HollowMod:ChannelNail"],"picked":"HollowMod:LifebloodCore","floor":4},{"not_picked":["HollowMod:BrokenVessel","HollowMod:AbyssShriek"],"picked":"HollowMod:CycloneSlash","floor":5},{"not_picked":["HollowMod:VengefulVoid","HollowMod:CornifersMapStart"],"picked":"HollowMod:InfectedCysts","floor":7},{"not_picked":["HollowMod:LordofShades","HollowMod:SiblingsSouls"],"picked":"HollowMod:MantisMark","floor":11},{"not_picked":["HollowMod:HeavyBlow","HollowMod:DescendingDark","HollowMod:CloakDash"],"picked":"Singing Bowl","floor":12},{"not_picked":["HollowMod:SoulSplash","HollowMod:VengefulVoid"],"picked":"HollowMod:MonomonsArchive","floor":14},{"not_picked":["HollowMod:VoidDash","HollowMod:PureVessel"],"picked":"HollowMod:ElderbugsWisdom","floor":16},{"not_picked":["HollowMod:RecoilStrike","HollowMod:LifebloodCocoon"],"picked":"HollowMod:InfectedAttack","floor":17},{"not_picked":["HollowMod:BaldurShell","HollowMod:InfectedAttack"],"picked":"HollowMod:HowlingWraiths+1","floor":18},{"not_picked":["HollowMod:FallenFury","HollowMod:WraithStrike","HollowMod:SharpenedNail"],"picked":"Singing Bowl","floor":27},{"not_picked":["HollowMod:DoubleDash+1","HollowMod:AbyssShriek+1","HollowMod:NewLittleFool+1"],"picked":"Singing Bowl","floor":28},{"not_picked":["HollowMod:VengefulVoid+1","HollowMod:TaintedHusks+1"],"picked":"HollowMod:SoulStrike+1","floor":29},{"not_picked":["HollowMod:VengefulSpirit","HollowMod:GreatSlash"],"picked":"HollowMod:CloakDash","floor":30},{"not_picked":["HollowMod:PureNailStrike","HollowMod:SlysStrikes","HollowMod:LifebloodCocoon"],"picked":"Singing Bowl","floor":31}],"player_experience":319026,"relics_obtained":[{"floor":9,"key":"Singing Bowl"},{"floor":26,"key":"Toy Ornithopter"}],"event_choices":[{"damage_healed":0,"gold_gain":0,"player_choice":"Upgraded","damage_taken":0,"max_hp_gain":0,"max_hp_loss":0,"event_name":"Upgrade Shrine","floor":13,"gold_loss":0,"cards_upgraded":["HollowMod:MantisMark"]},{"damage_healed":0,"gold_gain":0,"player_choice":"Inject Mutagens","damage_taken":0,"relics_obtained":["MutagenicStrength"],"max_hp_gain":0,"max_hp_loss":0,"event_name":"Drug Dealer","floor":20,"gold_loss":0},{"damage_healed":0,"gold_gain":0,"player_choice":"Obtained Relic","damage_taken":0,"relics_obtained":["White Beast Statue"],"max_hp_gain":0,"max_hp_loss":0,"event_name":"Addict","floor":22,"gold_loss":85}],"is_beta":false,"boss_relics":[{"not_picked":["Ectoplasm","Astrolabe"],"picked":"Tiny House"}],"items_purged_floors":[],"is_endless":false,"potions_floor_spawned":[4,7,12,16,18,27,28,29,30,31],"killed_by":"Champ","ascension_level":0}}