{"host":"wrdw6zkxuilnr6rg","time":1613358555,"event":{"mods":["BaseMod","Minty Spire (QoL Compilation)","StSLib"],"gold_per_floor":[119,119,119,132,32,32,43,57,84,98,98,123,151,182,182,256,256,274,2,20,20,20,20,31,47,71,88,118,118,118,146,146,225,225,238,238,238,250,1,1,29,44,44,55,65,65,65,82,82,82,82,82,37,62,62],"floor_reached":56,"language":"ENG","playtime":3185,"items_purged":["Regret","Strike_P"],"score":2154,"play_id":"8f871109-969f-4069-bcd9-e02fd795982f","local_time":"20210215060915","is_ascension_mode":true,"campfire_choices":[{"data":"SignatureMove","floor":6.0,"key":"SMITH"},{"data":"SashWhip","floor":11.0,"key":"SMITH"},{"data":"TalkToTheHand","floor":15.0,"key":"SMITH"},{"data":"EmptyMind","floor":23.0,"key":"SMITH"},{"data":"ReachHeaven","floor":29.0,"key":"SMITH"},{"data":"Tantrum","floor":32.0,"key":"SMITH"},{"data":"DeusExMachina","floor":40.0,"key":"SMITH"},{"data":"TalkToTheHand","floor":47.0,"key":"SMITH"},{"floor":49.0,"key":"RECALL"},{"data":"Collect","floor":52,"key":"SMITH"}],"circlet_count":0,"master_deck":["AscendersBane","Strike_P","Strike_P","Strike_P","Defend_P","Defend_P","Defend_P","Defend_P","Eruption+1","Vigilance","Tantrum+1","SignatureMove+1","Evaluate","Omniscience","SashWhip+1","Prostrate","Sanctity","TalkToTheHand+1","Omniscience","FearNoEvil","MentalFortress+1","EmptyMind+1","ReachHeaven+1","DeusExMachina+1","Omniscience","MentalFortress+1","Collect+1","EmptyBody","TalkToTheHand+1","Adaptation+1","Omniscience"],"relics":["PureWater","MealTicket","Strawberry","Anchor","PreservedInsect","Odd Mushroom","Dead Branch","Snecko Eye","Omamori","Centennial Puzzle","Akabeko","Ancient Tea Set","Sozu","Frozen Egg 2","Boot","Orichalcum"],"acts_visited":["Exordium","TheCity","TheBeyond","TheEnding"],"potions_floor_usage":[],"damage_taken":[{"damage":0.0,"enemies":"Jaw Worm","floor":1.0,"turns":3.0},{"damage":20.0,"enemies":"Small Slimes","floor":4.0,"turns":4.0},{"damage":0.0,"enemies":"Cultist","floor":7.0,"turns":2.0},{"damage":0.0,"enemies":"2 Fungi Beasts","floor":8.0,"turns":2.0},{"damage":13.0,"enemies":"Exordium Thugs","floor":10.0,"turns":3.0},{"damage":10.0,"enemies":"3 Sentries","floor":12.0,"turns":4.0},{"damage":1.0,"enemies":"The Mushroom Lair","floor":13.0,"turns":4.0},{"damage":0.0,"enemies":"Lagavulin","floor":14.0,"turns":3.0},{"damage":3.0,"enemies":"The Guardian","floor":16.0,"turns":6.0},{"damage":0.0,"enemies":"Chosen","floor":18.0,"turns":2.0},{"damage":8.0,"enemies":"3 Byrds","floor":20.0,"turns":4.0},{"damage":0.0,"enemies":"Snecko","floor":24.0,"turns":3.0},{"damage":0.0,"enemies":"Snake Plant","floor":25.0,"turns":4.0},{"damage":0.0,"enemies":"3 Cultists","floor":27.0,"turns":4.0},{"damage":0.0,"enemies":"Gremlin Leader","floor":28.0,"turns":4.0},{"damage":4.0,"enemies":"Book of Stabbing","floor":31.0,"turns":3.0},{"damage":19.0,"enemies":"Collector","floor":33.0,"turns":10.0},{"damage":0.0,"enemies":"3 Darklings","floor":35.0,"turns":3.0},{"damage":0.0,"enemies":"Orb Walker","floor":38.0,"turns":1.0},{"damage":15.0,"enemies":"Giant Head","floor":41.0,"turns":6.0},{"damage":29.0,"enemies":"Writhing Mass","floor":42.0,"turns":4.0},{"damage":0.0,"enemies":"Jaw Worm Horde","floor":44.0,"turns":3.0},{"damage":0.0,"enemies":"Sphere and 2 Shapes","floor":45.0,"turns":2.0},{"damage":0.0,"enemies":"Spire Growth","floor":48.0,"turns":4.0},{"damage":29,"enemies":"Awakened One","floor":50,"turns":14},{"damage":7,"enemies":"Shield and Spear","floor":54,"turns":5},{"damage":100066,"enemies":"The Heart","floor":55,"turns":9}],"seed_played":"-7925378431184523369","potions_obtained":[{"floor":7.0,"key":"DistilledChaos"},{"floor":8.0,"key":"Ambrosia"},{"floor":13.0,"key":"FairyPotion"},{"floor":27.0,"key":"ColorlessPotion"},{"floor":28.0,"key":"DistilledChaos"}],"is_trial":false,"path_per_floor":["M","?","?","M","$","R","M","M","T","M","R","E","?","E","R","B",null,"M","$","M","$","?","R","M","M","T","M","E","R","?","E","R","B",null,"M","?","T","M","$","R","E","M","T","M","M","?","R","M","R","B",null,"R","$","E","B",null],"character_chosen":"WATCHER","items_purchased":["Evaluate","MentalFortress","EmptyMind","Omniscience","MentalFortress+1","Adaptation+1"],"campfire_rested":0,"item_purchase_floors":[5,19,19,39,39,53],"current_hp_per_floor":[61,61,63,43,58,58,58,58,58,45,45,35,34,34,34,31,64,64,75,67,75,75,75,75,75,75,75,75,75,75,71,71,52,69,69,69,69,69,75,75,60,31,31,31,31,46,46,46,46,17,61,61,75,68,22],"gold":62,"neow_bonus":"UPGRADE_CARD","is_daily":false,"chose_seed":false,"campfire_upgraded":9,"win_rate":0.0,"timestamp":1613358555,"path_taken":["M","?","?","M","$","R","M","?","T","M","R","E","?","E","R","BOSS","M","$","M","$","?","R","?","M","T","M","E","R","?","E","R","BOSS","M","?","?","?","?","R","E","M","T","M","M","?","R","M","R","BOSS","R","$","E","BOSS"],"items_purchased_type":["Card","Card","Card","Card","Card","Card"],"build_version":"2020-12-22","purchased_purges":2,"victory":true,"max_hp_per_floor":[68,68,75,75,75,75,75,75,75,75,75,75,75,75,75,75,75,75,75,75,75,75,75,75,75,75,75,75,75,75,75,75,75,75,75,75,75,75,75,75,75,75,75,75,75,75,75,75,75,75,75,75,75,75,75],"card_choices":[{"not_picked":["Consecrate","Evaluate"],"picked":"Tantrum","floor":1.0},{"not_picked":["WaveOfTheHand","SandsOfTime"],"picked":"SignatureMove","floor":4.0},{"not_picked":["ClearTheMind","Halt"],"picked":"Omniscience","floor":7.0},{"not_picked":["BattleHymn","EmptyFist"],"picked":"SashWhip","floor":8.0},{"not_picked":["EmptyFist","SashWhip"],"picked":"Prostrate","floor":10.0},{"not_picked":["ClearTheMind","Indignation"],"picked":"Sanctity","floor":12.0},{"not_picked":["DeusExMachina","FollowUp"],"picked":"TalkToTheHand","floor":14.0},{"not_picked":["Wish","DevaForm"],"picked":"Omniscience","floor":16.0},{"not_picked":["Crescendo","BowlingBash"],"picked":"FearNoEvil","floor":18.0},{"not_picked":["ThirdEye","Protect","Crescendo"],"picked":"SKIP","floor":20.0},{"not_picked":["Protect","SignatureMove"],"picked":"ReachHeaven","floor":24.0},{"not_picked":["Judgement","MasterReality"],"picked":"DeusExMachina","floor":33.0},{"not_picked":["SashWhip","Vengeance"],"picked":"Collect","floor":41.0},{"not_picked":["EmptyFist","Prostrate+1"],"picked":"EmptyBody","floor":42.0},{"not_picked":["SignatureMove+1","CarveReality"],"picked":"TalkToTheHand","floor":45.0},{"not_picked":["Meditate","BowlingBash"],"picked":"Omniscience","floor":54}],"player_experience":1456307,"relics_obtained":[{"floor":9.0,"key":"Anchor"},{"floor":12.0,"key":"PreservedInsect"},{"floor":13.0,"key":"Odd Mushroom"},{"floor":14.0,"key":"Dead Branch"},{"floor":26.0,"key":"Omamori"},{"floor":28.0,"key":"Centennial Puzzle"},{"floor":31.0,"key":"Ancient Tea Set"},{"floor":37.0,"key":"Frozen Egg 2"},{"floor":41.0,"key":"Boot"},{"floor":54,"key":"Orichalcum"}],"event_choices":[{"damage_healed":0.0,"max_hp_gain":0.0,"max_hp_loss":0.0,"gold_gain":0.0,"event_name":"Big Fish","player_choice":"Box","floor":2.0,"gold_loss":0.0,"damage_taken":0.0,"relics_obtained":["MealTicket"],"cards_obtained":["Regret"]},{"damage_healed":0.0,"max_hp_gain":0.0,"max_hp_loss":0.0,"gold_gain":0.0,"event_name":"Scrap Ooze","player_choice":"Success","floor":3.0,"gold_loss":0.0,"damage_taken":5.0,"relics_obtained":["Strawberry"]},{"damage_healed":0.0,"max_hp_gain":0.0,"max_hp_loss":0.0,"gold_gain":0.0,"event_name":"Mushrooms","player_choice":"Fought Mushrooms","floor":13.0,"gold_loss":0.0,"damage_taken":0.0},{"damage_healed":0.0,"max_hp_gain":0.0,"max_hp_loss":0.0,"gold_gain":0.0,"event_name":"Upgrade Shrine","player_choice":"Upgraded","floor":22.0,"gold_loss":0.0,"damage_taken":0.0,"cards_upgraded":["MentalFortress"]},{"damage_healed":0.0,"max_hp_gain":0.0,"max_hp_loss":0.0,"gold_gain":0.0,"event_name":"Addict","player_choice":"Stole Relic","floor":30.0,"gold_loss":0.0,"damage_taken":0.0,"relics_obtained":["Akabeko"],"cards_obtained":["Shame"]},{"damage_healed":0.0,"max_hp_gain":0.0,"max_hp_loss":0.0,"gold_gain":0.0,"event_name":"SensoryStone","player_choice":"Memory 1","floor":36.0,"gold_loss":0.0,"damage_taken":0.0},{"damage_healed":15.0,"max_hp_gain":0.0,"max_hp_loss":0.0,"gold_gain":0.0,"event_name":"Winding Halls","player_choice":"Writhe","floor":46.0,"gold_loss":0.0,"damage_taken":0.0,"cards_obtained":["Writhe"]}],"is_beta":false,"boss_relics":[{"not_picked":["Runic Dome","Ectoplasm"],"picked":"Snecko Eye"},{"not_picked":["Coffee Dripper","Empty Cage"],"picked":"Sozu"}],"items_purged_floors":[5,19],"is_endless":false,"potions_floor_spawned":[7,8,13,14,16,18,24,27,28,35,44,48],"ascension_level":17}}