{"host":"0awa854l6bexpjrv","time":1613442086,"event":{"mods":["BaseMod","Block Reminder","Colored Map","Colored Powertips","Downfall","Highlight Path","Minty Spire (QoL Compilation)","Quick Restart","Rare Cards Sparkle","StSLib","SuperFastMode"],"gold_per_floor":[114,124,16,30,30,30,58,58,83,9,9,23,37,61,61,184,184,204,5,5,21,45,45,63,107,131,149,149,149,149],"floor_reached":29,"language":"ENG","playtime":1823,"items_purged":["Strike_G"],"score":309,"play_id":"c7445e27-4f28-4f33-a90f-2c46443e42cc","local_time":"20210215182126","is_ascension_mode":true,"campfire_choices":[{"data":"Blade Dance","floor":6.0,"key":"SMITH"},{"floor":15.0,"key":"REST"},{"floor":23.0,"key":"REST"}],"circlet_count":0,"master_deck":["Strike_G","Strike_G+1","Strike_G","Defend_G","Defend_G","Defend_G","Defend_G","Defend_G","Survivor","Neutralize+1","Backstab+1","Crippling Poison","Blade Dance+1","Caltrops","Dodge and Roll","Riddle With Holes","Infinite Blades","Expertise","Concentrate","Blade Dance","Phantasmal Killer","Heel Hook+1","Accuracy","Burst","Bouncing Flask+1","Prepared+1","Crippling Poison+1","Dagger Throw+1","Footwork","Ghostly","Ghostly","Ghostly","Ghostly","Ghostly"],"relics":["Ring of the Snake","Whetstone","Golden Idol","Lantern","Runic Pyramid","CultistMask","Bird Faced Urn","Omamori"],"acts_visited":["Exordium","TheCity"],"potions_floor_usage":[24],"damage_taken":[{"damage":1.0,"enemies":"Jaw Worm","floor":1.0,"turns":3.0},{"damage":0.0,"enemies":"2 Louse","floor":2.0,"turns":2.0},{"damage":0.0,"enemies":"Cultist","floor":4.0,"turns":4.0},{"damage":26.0,"enemies":"Gremlin Nob","floor":7.0,"turns":4.0},{"damage":1.0,"enemies":"Exordium Wildlife","floor":12.0,"turns":4.0},{"damage":1.0,"enemies":"Blue Slaver","floor":13.0,"turns":2.0},{"damage":0.0,"enemies":"3 Louse","floor":14.0,"turns":3.0},{"damage":30.0,"enemies":"Hexaghost","floor":16.0,"turns":7.0},{"damage":20.0,"enemies":"2 Thieves","floor":18.0,"turns":5.0},{"damage":0.0,"enemies":"3 Byrds","floor":21.0,"turns":3.0},{"damage":20.0,"enemies":"Snecko","floor":22.0,"turns":4.0},{"damage":12,"enemies":"Snake Plant","floor":24,"turns":5},{"damage":23,"enemies":"Gremlin Leader","floor":25,"turns":6},{"damage":7,"enemies":"Cultist and Chosen","floor":27,"turns":5}],"seed_played":"-565813693855731426","potions_obtained":[{"floor":4.0,"key":"Ancient Potion"},{"floor":7.0,"key":"PowerPotion"},{"floor":13.0,"key":"Fire Potion"},{"floor":18.0,"key":"PowerPotion"},{"floor":21.0,"key":"Guardian:BlockOnCardUsePotion"},{"floor":27,"key":"SpeedPotion"}],"is_trial":false,"path_per_floor":["M","M","$","M","?","R","E","?","T","$","$","M","M","M","R","B",null,"M","$","?","M","M","R","M","E","T","M","?","$"],"character_chosen":"THE_SILENT","items_purchased":["Caltrops","Infinite Blades","Accuracy","Burst"],"campfire_rested":2,"item_purchase_floors":[3,10,19,19],"current_hp_per_floor":[69,69,69,69,69,69,43,43,43,43,43,42,41,41,60,30,65,45,45,45,45,25,44,32,9,9,4,4,4,4],"gold":149,"neow_bonus":"TRANSFORM_CARD","is_daily":false,"chose_seed":false,"campfire_upgraded":1,"win_rate":0.0,"timestamp":1613442086,"path_taken":["M","M","$","M","?","R","E","?","T","?","$","M","M","M","R","BOSS","M","$","?","M","M","R","?","E","T","M","?","$"],"items_purchased_type":["Card","Card","Card","Card"],"build_version":"2020-12-22","purchased_purges":1,"victory":false,"max_hp_per_floor":[70,70,70,70,70,70,70,65,65,65,65,65,65,65,65,65,65,65,65,65,65,65,65,65,65,65,65,32,32,32],"card_choices":[{"not_picked":["Deadly Poison","Sucker Punch"],"picked":"Crippling Poison","floor":1.0},{"not_picked":["Dagger Throw","Dagger Spray"],"picked":"Blade Dance","floor":2.0},{"not_picked":["Tactician","Deflect"],"picked":"Dodge and Roll","floor":4.0},{"not_picked":["Endless Agony","Eviscerate"],"picked":"Riddle With Holes","floor":7.0},{"not_picked":["Flying Knee","Masterful Stab"],"picked":"Expertise","floor":12.0},{"not_picked":["Underhanded Strike","Deflect"],"picked":"Concentrate","floor":13.0},{"not_picked":["Choke","Slice"],"picked":"Blade Dance","floor":14.0},{"not_picked":["Wraith Form v2","Venomology"],"picked":"Phantasmal Killer","floor":16.0},{"not_picked":["Dagger Throw","PiercingWail"],"picked":"Heel Hook+1","floor":18.0},{"not_picked":["Quick Slash","Reflex"],"picked":"Bouncing Flask+1","floor":21.0},{"not_picked":["Slice","Tactician"],"picked":"Prepared+1","floor":22.0},{"not_picked":["Cloak And Dagger","Setup"],"picked":"Crippling Poison+1","floor":24},{"not_picked":["Backstab","Dodge and Roll"],"picked":"Dagger Throw+1","floor":25},{"not_picked":["Concentrate","Riddle With Holes+1"],"picked":"Footwork","floor":27}],"player_experience":776823,"relics_obtained":[{"floor":7.0,"key":"Whetstone"},{"floor":9.0,"key":"Lantern"},{"floor":25,"key":"Bird Faced Urn"},{"floor":26,"key":"Omamori"}],"event_choices":[{"damage_healed":0.0,"max_hp_gain":0.0,"max_hp_loss":0.0,"gold_gain":0.0,"event_name":"Living Wall","player_choice":"Grow","floor":5.0,"gold_loss":0.0,"damage_taken":0.0,"cards_upgraded":["Neutralize"]},{"damage_healed":0.0,"max_hp_gain":0.0,"max_hp_loss":5.0,"gold_gain":0.0,"event_name":"Golden Idol","player_choice":"Lose Max HP","floor":8.0,"gold_loss":0.0,"damage_taken":0.0,"relics_obtained":["Golden Idol"]},{"damage_healed":0.0,"max_hp_gain":0.0,"max_hp_loss":0.0,"gold_gain":0.0,"event_name":"FaceTrader","player_choice":"Trade","floor":20.0,"gold_loss":0.0,"damage_taken":0.0,"relics_obtained":["CultistMask"]},{"damage_healed":0,"gold_gain":0,"player_choice":"Became a Ghost","damage_taken":0,"max_hp_gain":0,"max_hp_loss":33,"event_name":"Ghosts","floor":28,"gold_loss":0,"cards_obtained":["Ghostly","Ghostly","Ghostly","Ghostly","Ghostly"]}],"is_beta":false,"boss_relics":[{"not_picked":["Philosopher\u0027s Stone","Fusion Hammer"],"picked":"Runic Pyramid"}],"items_purged_floors":[3],"is_endless":false,"potions_floor_spawned":[4,7,13,18,21,27],"ascension_level":3}}