{"host":"uod8ea48n93qw90p","time":1613437803,"event":{"mods":["AchievementEnabler","BaseMod","Highlight Path","Minty Spire (QoL Compilation)","Relic Stats","StSLib","ojb\u0027s Info Mod"],"gold_per_floor":[114,129,144,22,22,52,67,67,67,37,52,82,97,112,112,212,212,227,152,67,82,14,14,14],"floor_reached":23,"language":"ENG","playtime":976,"items_purged":["Pray"],"score":253,"play_id":"682fc624-5fb0-47a0-9540-079a79b2d3a3","local_time":"20210215191003","daily_mods":["Specialized","ControlledChaos","Lethality"],"is_ascension_mode":false,"campfire_choices":[{"data":"CrushJoints","floor":15.0,"key":"SMITH"}],"circlet_count":0,"master_deck":["Strike_P","Strike_P","Strike_P","Defend_P","Defend_P+1","Defend_P","Defend_P","Eruption+1","Vigilance","Pray+1","Pray","Pray","Pray","FollowUp","FearNoEvil","CutThroughFate","CrushJoints+1","Wireheading","Prostrate","EmptyBody","Indignation","Tantrum","Conclude","Judgement","ThirdEye+1","Protect","TalkToTheHand"],"relics":["PureWater","Frozen Eye","Omamori","War Paint","Bag of Preparation","Yang","Calling Bell","Tiny Chest","TeardropLocket","Gambling Chip","Prayer Wheel"],"acts_visited":["Exordium","TheCity"],"potions_floor_usage":[],"damage_taken":[{"damage":0.0,"enemies":"Small Slimes","floor":1.0,"turns":2.0},{"damage":14.0,"enemies":"Jaw Worm","floor":2.0,"turns":2.0},{"damage":1.0,"enemies":"Cultist","floor":3.0,"turns":3.0},{"damage":0.0,"enemies":"Gremlin Nob","floor":6.0,"turns":2.0},{"damage":0.0,"enemies":"3 Louse","floor":7.0,"turns":2.0},{"damage":19.0,"enemies":"2 Fungi Beasts","floor":11.0,"turns":3.0},{"damage":19.0,"enemies":"3 Sentries","floor":12.0,"turns":7.0},{"damage":0.0,"enemies":"Exordium Wildlife","floor":13.0,"turns":3.0},{"damage":0.0,"enemies":"Gremlin Gang","floor":14.0,"turns":2.0},{"damage":17.0,"enemies":"The Guardian","floor":16.0,"turns":7.0},{"damage":0.0,"enemies":"Shell Parasite","floor":18.0,"turns":1.0},{"damage":0.0,"enemies":"Spheric Guardian","floor":21.0,"turns":1.0},{"damage":98,"enemies":"Gremlin Leader","floor":23,"turns":3}],"seed_played":"2711566965655028651","potions_obtained":[{"floor":1.0,"key":"PowerPotion"},{"floor":2.0,"key":"PowerPotion"},{"floor":10.0,"key":"Fruit Juice"},{"floor":10.0,"key":"LiquidMemories"},{"floor":11.0,"key":"Weak Potion"},{"floor":12.0,"key":"Strength Potion"},{"floor":14.0,"key":"DistilledChaos"},{"floor":21.0,"key":"Regen Potion"}],"is_trial":false,"path_per_floor":["M","M","M","$","?","E","M","T","T","?","M","E","M","M","R","B",null,"M","?","?","M","$","E"],"character_chosen":"WATCHER","items_purchased":["CrushJoints","TalkToTheHand"],"campfire_rested":0,"item_purchase_floors":[4,22],"current_hp_per_floor":[72,58,57,57,57,57,57,57,57,57,43,24,24,24,24,7,77,77,77,77,77,77,0,0],"gold":14,"neow_bonus":"","is_daily":true,"chose_seed":false,"campfire_upgraded":1,"win_rate":0.0,"timestamp":1613437803,"path_taken":["M","M","M","$","?","E","M","?","T","?","?","E","M","M","R","BOSS","M","?","?","M","?","E"],"items_purchased_type":["Card","Card"],"build_version":"2020-12-22","purchased_purges":1,"victory":false,"max_hp_per_floor":[72,72,72,72,72,72,72,72,72,72,77,77,77,77,77,77,77,77,77,77,77,77,77,77],"relic_stats":{"counters":[13,38],"Gambling Chip":[10],"Yang":[33],"Tiny Chest":0,"Prayer Wheel":1,"Bag of Preparation":[16],"War Paint":["Pray","Defend_P"],"obtain_stats":[{"Calling Bell":17,"Frozen Eye":0,"Gambling Chip":17,"Yang":12,"Tiny Chest":17,"Prayer Wheel":20,"Omamori":6,"Bag of Preparation":9,"TeardropLocket":17,"PureWater":0,"War Paint":8},{"Calling Bell":10,"Frozen Eye":0,"Gambling Chip":10,"Yang":7,"Tiny Chest":10,"Prayer Wheel":11,"Omamori":4,"Bag of Preparation":5,"TeardropLocket":10,"PureWater":0,"War Paint":5},{"Calling Bell":33,"Frozen Eye":0,"Gambling Chip":33,"Yang":21,"Tiny Chest":33,"Prayer Wheel":34,"Omamori":9,"Bag of Preparation":11,"TeardropLocket":33,"PureWater":0,"War Paint":11}]},"card_choices":[{"not_picked":["DeceiveReality","ForeignInfluence"],"picked":"FollowUp","floor":1.0},{"not_picked":["CrushJoints","ThirdEye"],"picked":"FearNoEvil","floor":2.0},{"not_picked":["ClearTheMind","SignatureMove"],"picked":"CutThroughFate","floor":3.0},{"not_picked":["Evaluate","ClearTheMind"],"picked":"Wireheading","floor":6.0},{"not_picked":["Evaluate","SashWhip"],"picked":"Prostrate","floor":7.0},{"not_picked":["Halt","Prostrate"],"picked":"EmptyBody","floor":11.0},{"not_picked":["Establishment","Study"],"picked":"Indignation","floor":12.0},{"not_picked":["Crescendo","CutThroughFate"],"picked":"Tantrum","floor":13.0},{"not_picked":["Wireheading","BowlingBash"],"picked":"Conclude","floor":14.0},{"not_picked":["LessonLearned","ConjureBlade"],"picked":"Judgement","floor":16.0},{"not_picked":["EmptyMind","SashWhip"],"picked":"ThirdEye+1","floor":18.0},{"not_picked":["BowlingBash","FollowUp"],"picked":"Protect","floor":21.0},{"not_picked":["Protect","JustLucky+1","Tantrum"],"picked":"SKIP","floor":21.0}],"player_experience":131165,"relics_obtained":[{"floor":6.0,"key":"Omamori"},{"floor":8.0,"key":"War Paint"},{"floor":9.0,"key":"Bag of Preparation"},{"floor":12.0,"key":"Yang"},{"floor":17.0,"key":"Tiny Chest"},{"floor":17.0,"key":"TeardropLocket"},{"floor":17.0,"key":"Gambling Chip"}],"event_choices":[{"damage_healed":0.0,"max_hp_gain":0.0,"max_hp_loss":0.0,"gold_gain":0.0,"event_name":"Living Wall","player_choice":"Grow","floor":5.0,"gold_loss":0.0,"damage_taken":0.0,"cards_upgraded":["Eruption"]},{"damage_healed":0.0,"max_hp_gain":0.0,"max_hp_loss":0.0,"gold_gain":0.0,"event_name":"The Woman in Blue","player_choice":"Bought 2 Potions","floor":10.0,"gold_loss":0.0,"damage_taken":0.0},{"cards_removed":["Strike_P"],"damage_healed":0.0,"max_hp_gain":0.0,"max_hp_loss":0.0,"gold_gain":0.0,"event_name":"Beggar","player_choice":"Gave Gold","floor":19.0,"gold_loss":75.0,"damage_taken":0.0},{"damage_healed":0.0,"max_hp_gain":0.0,"max_hp_loss":0.0,"gold_gain":0.0,"event_name":"Addict","player_choice":"Obtained Relic","floor":20.0,"gold_loss":85.0,"damage_taken":0.0,"relics_obtained":["Prayer Wheel"]}],"is_beta":false,"boss_relics":[{"not_picked":["Black Star","HolyWater"],"picked":"Calling Bell"}],"items_purged_floors":[4],"is_endless":false,"potions_floor_spawned":[1,2,11,12,14,21],"killed_by":"Gremlin Leader","ascension_level":0}}