{"host":"a5lz0e76zb3fcwkm","time":1613454643,"event":{"mods":["AchievementEnabler","BaseMod","Colored Map","Colored Powertips","Minty Spire (QoL Compilation)","StSLib","SuperFastMode"],"gold_per_floor":[112,112,37,37,51,51,76,22,49,82,103,103,103,178,178,268,268,293,316,241,7,7,23,23,23,23,23,73,73,73,109,109,208,208,222,136,151,166,197,197,240,240,240,240,66,90,90,90,90,90,90,90,90,8,8,8],"floor_reached":55,"language":"KOR","playtime":1698,"items_purged":["Decay","Defend_G"],"score":1739,"play_id":"78c1e5a7-3583-4c70-8bd6-92d8134dd156","local_time":"20210216145043","is_ascension_mode":true,"campfire_choices":[{"data":"Blade Dance","floor":6.0,"key":"SMITH"},{"floor":12.0,"key":"REST"},{"floor":15.0,"key":"RECALL"},{"data":"Venomology","floor":25.0,"key":"SMITH"},{"data":"Accuracy","floor":27.0,"key":"SMITH"},{"floor":32,"key":"REST"},{"data":"Adrenaline","floor":40,"key":"SMITH"},{"data":"After Image","floor":49,"key":"SMITH"},{"floor":53,"key":"REST"}],"circlet_count":0,"master_deck":["AscendersBane","Defend_G","Defend_G","Survivor","Neutralize","PiercingWail","Dagger Throw","Blade Dance+1","Reflex","Backflip","Venomology+1","Infinite Blades+1","A Thousand Cuts+1","Leg Sweep+1","Blade Dance","Acrobatics","Accuracy","Blade Dance","Accuracy+1","Adrenaline+1","Blur","After Image+1","Blur","PiercingWail"],"relics":["Ring of the Snake","Golden Idol","Potion Belt","Juzu Bracelet","Astrolabe","Paper Crane","MutagenicStrength","MealTicket","Busted Crown","Pocketwatch","Toy Ornithopter","Ginger","Lantern"],"acts_visited":["Exordium","TheCity","TheBeyond","TheEnding"],"potions_floor_usage":[31,31,33,33,33,38,38,41,46,50,50,51,51,55],"damage_taken":[{"damage":5.0,"enemies":"Jaw Worm","floor":1.0,"turns":6.0},{"damage":4.0,"enemies":"Small Slimes","floor":5.0,"turns":3.0},{"damage":0.0,"enemies":"2 Louse","floor":7.0,"turns":3.0},{"damage":28.0,"enemies":"3 Sentries","floor":10.0,"turns":11.0},{"damage":0.0,"enemies":"2 Fungi Beasts","floor":11.0,"turns":3.0},{"damage":9.0,"enemies":"Slime Boss","floor":16.0,"turns":7.0},{"damage":21.0,"enemies":"2 Thieves","floor":18.0,"turns":4.0},{"damage":4.0,"enemies":"3 Byrds","floor":19.0,"turns":6.0},{"damage":0.0,"enemies":"Snecko","floor":23.0,"turns":4.0},{"damage":3,"enemies":"Gremlin Leader","floor":31,"turns":5},{"damage":37,"enemies":"Collector","floor":33,"turns":6},{"damage":0,"enemies":"3 Shapes","floor":35,"turns":3},{"damage":15,"enemies":"3 Darklings","floor":37,"turns":4},{"damage":4,"enemies":"Spire Growth","floor":38,"turns":3},{"damage":0,"enemies":"Mind Bloom Boss Battle","floor":39,"turns":8},{"damage":19,"enemies":"Reptomancer","floor":41,"turns":3},{"damage":5,"enemies":"Transient","floor":46,"turns":6},{"damage":55,"enemies":"Awakened One","floor":50,"turns":22},{"damage":40,"enemies":"Time Eater","floor":51,"turns":13},{"damage":70,"enemies":"Shield and Spear","floor":55,"turns":3}],"seed_played":"22726490587174006","potions_obtained":[{"floor":5.0,"key":"SkillPotion"},{"floor":10.0,"key":"LiquidBronze"},{"floor":11.0,"key":"Fire Potion"},{"floor":19.0,"key":"Strength Potion"},{"floor":37,"key":"Regen Potion"},{"floor":39,"key":"FairyPotion"},{"floor":41,"key":"GhostInAJar"}],"is_trial":false,"path_per_floor":["M","?","$","?","M","R","M","$","T","E","M","R","?","?","R","B",null,"M","M","?","$","?","M","?","R","T","R","?","?","?","E","R","B",null,"M","$","M","M","?","R","E","?","T","?","$","M","?","$","R","B","B",null,"R","$","E"],"character_chosen":"THE_SILENT","items_purchased":["Strength Potion","Accuracy","Blade Dance","Blur","After Image","FearPotion","PiercingWail"],"campfire_rested":3,"item_purchase_floors":[8,21,21,36,45,54,54],"current_hp_per_floor":[54,54,54,49,45,45,45,45,45,17,17,35,40,29,29,20,54,33,29,29,29,29,29,29,29,29,29,29,29,29,26,45,8,51,51,65,50,55,55,55,36,36,36,36,51,51,51,65,65,15,11,52,65,65,0,0],"gold":8,"neow_bonus":"TRANSFORM_TWO_CARDS","is_daily":false,"chose_seed":false,"campfire_upgraded":5,"win_rate":0.0,"timestamp":1613454643,"path_taken":["M","?","$","?","M","R","M","$","T","E","M","R","?","?","R","BOSS","M","M","?","$","?","M","?","R","T","R","?","?","?","E","R","BOSS","M","$","M","M","?","R","E","?","T","?","$","M","?","?","R","BOSS","BOSS","R","$","E"],"items_purchased_type":["Potion","Card","Card","Card","Card","Potion","Card"],"build_version":"2020-12-22","purchased_purges":2,"victory":false,"max_hp_per_floor":[66,60,60,60,60,60,60,60,60,60,60,60,65,65,65,65,65,65,65,65,65,65,65,65,65,65,65,65,65,65,65,65,65,65,65,65,65,65,65,65,65,65,65,65,65,65,65,65,65,65,65,65,65,65,65,65],"card_choices":[{"not_picked":["Acrobatics","Cloak And Dagger"],"picked":"Blade Dance","floor":1.0},{"not_picked":["Acrobatics","Backflip"],"picked":"Reflex","floor":5.0},{"not_picked":["Deadly Poison","Slice","Dagger Spray"],"picked":"SKIP","floor":7.0},{"not_picked":["Dash","Bane","Dodge and Roll"],"picked":"SKIP","floor":10.0},{"not_picked":["Dodge and Roll","Predator"],"picked":"Backflip","floor":11.0},{"not_picked":["Phantasmal Killer","Corpse Explosion"],"picked":"Venomology","floor":16.0},{"not_picked":["Escape Plan","Quick Slash"],"picked":"Blade Dance","floor":18.0},{"not_picked":["Blur","Bouncing Flask"],"picked":"Acrobatics","floor":19.0},{"not_picked":["Poisoned Stab","Dagger Spray","Prepared"],"picked":"SKIP","floor":23.0},{"not_picked":["Deadly Poison","Acrobatics","Quick Slash"],"picked":"SKIP","floor":31},{"not_picked":["Envenom","Tools of the Trade"],"picked":"Adrenaline","floor":33},{"not_picked":["Cloak And Dagger"],"picked":"SKIP","floor":35},{"not_picked":["Sucker Punch"],"picked":"SKIP","floor":37},{"not_picked":["Outmaneuver"],"picked":"SKIP","floor":38},{"not_picked":["Bane+1"],"picked":"SKIP","floor":41},{"not_picked":["Bane"],"picked":"SKIP","floor":46}],"player_experience":1900586,"relics_obtained":[{"floor":10.0,"key":"Juzu Bracelet"},{"floor":26.0,"key":"Paper Crane"},{"floor":31,"key":"MealTicket"},{"floor":39,"key":"Pocketwatch"},{"floor":41,"key":"Toy Ornithopter"},{"floor":43,"key":"Ginger"},{"floor":44,"key":"Lantern"}],"event_choices":[{"damage_healed":0.0,"max_hp_gain":0.0,"max_hp_loss":6.0,"gold_gain":0.0,"event_name":"Golden Idol","player_choice":"Lose Max HP","floor":2.0,"gold_loss":0.0,"damage_taken":0.0,"relics_obtained":["Golden Idol"]},{"damage_healed":0.0,"max_hp_gain":0.0,"max_hp_loss":0.0,"gold_gain":0.0,"event_name":"Scrap Ooze","player_choice":"Success","floor":4.0,"gold_loss":0.0,"damage_taken":5.0,"relics_obtained":["Potion Belt"]},{"damage_healed":0.0,"max_hp_gain":5.0,"max_hp_loss":0.0,"gold_gain":0.0,"event_name":"Big Fish","player_choice":"Donut","floor":13.0,"gold_loss":0.0,"damage_taken":0.0},{"damage_healed":0.0,"max_hp_gain":0.0,"max_hp_loss":0.0,"gold_gain":75.0,"event_name":"World of Goop","player_choice":"Gather Gold","floor":14.0,"gold_loss":0.0,"damage_taken":11.0},{"cards_removed":["Strike_G"],"damage_healed":0.0,"max_hp_gain":0.0,"max_hp_loss":0.0,"gold_gain":0.0,"event_name":"Beggar","player_choice":"Gave Gold","floor":20.0,"gold_loss":75.0,"damage_taken":0.0},{"damage_healed":0.0,"max_hp_gain":0.0,"max_hp_loss":0.0,"gold_gain":0.0,"event_name":"Duplicator","player_choice":"Copied","floor":22.0,"gold_loss":0.0,"damage_taken":0.0,"cards_obtained":["Accuracy"]},{"damage_healed":0.0,"max_hp_gain":0.0,"max_hp_loss":0.0,"gold_gain":0.0,"event_name":"Vampires","player_choice":"Ignored","floor":24.0,"gold_loss":0.0,"damage_taken":0.0},{"damage_healed":0.0,"max_hp_gain":0.0,"max_hp_loss":0.0,"gold_gain":50.0,"event_name":"Nest","player_choice":"Stole From Cult","floor":28.0,"gold_loss":0.0,"damage_taken":0.0},{"damage_healed":0,"gold_gain":0,"player_choice":"Inject Mutagens","damage_taken":0,"relics_obtained":["MutagenicStrength"],"max_hp_gain":0,"max_hp_loss":0,"event_name":"Drug Dealer","floor":29,"gold_loss":0},{"cards_removed":["Defend_G"],"damage_healed":0,"gold_gain":0,"player_choice":"Purged","damage_taken":0,"max_hp_gain":0,"max_hp_loss":0,"event_name":"Purifier","floor":30,"gold_loss":0},{"damage_healed":0,"gold_gain":0,"player_choice":"Fight","damage_taken":0,"max_hp_gain":0,"max_hp_loss":0,"event_name":"MindBloom","floor":39,"gold_loss":0},{"damage_healed":0,"gold_gain":0,"player_choice":"Ignored","damage_taken":0,"max_hp_gain":0,"max_hp_loss":0,"event_name":"Tomb of Lord Red Mask","floor":42,"gold_loss":0},{"damage_healed":0,"gold_gain":0,"player_choice":"Relic","damage_taken":0,"max_hp_gain":0,"max_hp_loss":0,"event_name":"Wheel of Change","floor":44,"gold_loss":0},{"damage_healed":0,"gold_gain":0,"player_choice":"1 cards matched","damage_taken":0,"max_hp_gain":0,"max_hp_loss":0,"event_name":"Match and Keep!","floor":47,"gold_loss":0,"cards_obtained":["Blur"]}],"is_beta":false,"boss_relics":[{"not_picked":["Philosopher\u0027s Stone","HoveringKite"],"picked":"Astrolabe"},{"not_picked":["SlaversCollar","Tiny House"],"picked":"Busted Crown"}],"items_purged_floors":[3,21],"is_endless":false,"potions_floor_spawned":[5,10,11,19,37,39,41],"killed_by":"Shield and Spear","ascension_level":20}}