{"host":"m8y8nvvez5gwh4s7","time":1613445092,"event":{"mods":["AchievementEnabler","BaseMod","Bestiary","Colored Map","Colored Powertips","DeckTracker","Downfall","Minty Spire (QoL Compilation)","Rare Cards Sparkle","Relic Stats","StSLib"],"gold_per_floor":[15,33,33,48,66,66,66],"floor_reached":6,"language":"ENG","playtime":725,"items_purged":[],"score":63,"play_id":"058de759-39c0-4baf-9d48-b13146cadb0d","local_time":"20210215211132","is_ascension_mode":false,"campfire_choices":[],"circlet_count":0,"master_deck":["Strike_R","Strike_R","Strike_R","Strike_R","Strike_R","Defend_R","Defend_R","Defend_R","Defend_R","Bash","Inflame","Bloodletting","Decay","Inflame","Barricade"],"relics":["Burning Blood"],"acts_visited":["Exordium"],"potions_floor_usage":[6,6],"damage_taken":[{"damage":11.0,"enemies":"Jaw Worm","floor":1.0,"turns":4.0},{"damage":5.0,"enemies":"Cultist","floor":2.0,"turns":4.0},{"damage":19.0,"enemies":"Small Slimes","floor":4.0,"turns":4.0},{"damage":49,"enemies":"Gremlin Gang","floor":5,"turns":7},{"damage":38,"enemies":"Gremlin Nob","floor":6,"turns":4}],"seed_played":"-9003494558901835465","potions_obtained":[{"floor":2.0,"key":"Swift Potion"},{"floor":5,"key":"hexamod:SoulburnPotion"}],"is_trial":false,"path_per_floor":["M","M","?","M","M","E"],"character_chosen":"IRONCLAD","items_purchased":[],"campfire_rested":0,"item_purchase_floors":[],"current_hp_per_floor":[91,92,92,79,36,0,0],"gold":66,"neow_bonus":"TWENTY_PERCENT_HP_BONUS","is_daily":false,"chose_seed":false,"campfire_upgraded":0,"win_rate":0.0,"timestamp":1613445092,"path_taken":["M","M","?","M","M","E"],"items_purchased_type":[],"build_version":"2020-12-22","purchased_purges":0,"victory":false,"max_hp_per_floor":[96,96,96,96,96,96,96],"relic_stats":{"counters":[5,23],"obtain_stats":[{"Burning Blood":0},{"Burning Blood":0},{"Burning Blood":0}],"Burning Blood":24},"card_choices":[{"not_picked":["Shrug It Off","Thunderclap"],"picked":"Inflame","floor":1.0},{"not_picked":["Clothesline","Wild Strike"],"picked":"Bloodletting","floor":2.0},{"not_picked":["Feel No Pain","Iron Wave"],"picked":"Inflame","floor":4.0},{"not_picked":["Flex","Body Slam"],"picked":"Barricade","floor":5}],"player_experience":17256,"relics_obtained":[],"event_choices":[{"damage_healed":0.0,"max_hp_gain":0.0,"max_hp_loss":0.0,"gold_gain":0.0,"event_name":"Wheel of Change","player_choice":"Cursed","floor":3.0,"gold_loss":0.0,"damage_taken":0.0,"cards_obtained":["Decay"]}],"is_beta":false,"boss_relics":[],"items_purged_floors":[],"is_endless":false,"potions_floor_spawned":[2,5],"killed_by":"Gremlin Nob","ascension_level":0}}