{"host":"d76q0rb9a0s9bgr5","time":1613488918,"event":{"mods":["BaseMod","Downfall","Hubris","Minty Spire (QoL Compilation)","StSLib"],"gold_per_floor":[116,130,230,230,242,257,283,283,283,293,203,237,237,247,147,248,248,262,280,280,280,22,42,93,128,54,54,68,95,112,112,112,207,207,225,239,239,259,102,202,202,230,74,93,120,136,148,183,183,183,183,183],"floor_reached":50,"language":"ENG","playtime":4865,"items_purged":["sneckomod:Strike","sneckomod:Strike","sneckomod:Defend"],"score":774,"play_id":"1cb25978-95eb-4b57-acab-550f4b21de72","local_time":"20210216162158","is_ascension_mode":false,"campfire_choices":[{"floor":32,"key":"REST"},{"floor":49,"key":"REST"}],"circlet_count":0,"master_deck":["sneckomod:Strike","sneckomod:Defend","sneckomod:TailWhip","sneckomod:SnekBite","Apotheosis+1","sneckomod:UnknownClassGUARDIAN","Warcry","sneckomod:QuickBite","sneckomod:QuickMove","Iron Wave","Reaper","sneckomod:UnknownRareSkill","sneckomod:UnknownX","hexamod:FlamesFromBeyond","sneckomod:UnknownDexterity","sneckomod:QuickBite+1","sneckomod:UnknownRarePower","sneckomod:QuickMove","sneckomod:Mudshield+1","sneckomod:UnknownBlock+1","sneckomod:IronFang+1"],"relics":["sneckomod:SneckoSoul","sneckomod:SneckoCommon","hubris:Towel","hubris:MysteriousPyramids","downfall:HeartBlessingGreen","SlaversCollar","Blue Candle","Sling","sneckomod:LoadedDie","Shuriken","Omamori","Matryoshka","Vajra","Black Star","Bag of Preparation","Bottled Tornado","FossilizedHelix","Nunchaku","Bottled Lightning","Ancient Tea Set","Toy Ornithopter","hubris:TenFootPole","PreservedInsect","CaptainsWheel","Lantern"],"acts_visited":["Exordium","TheCity","TheBeyond"],"potions_floor_usage":[23,26,35,35,44,45,47,50,50],"damage_taken":[{"damage":3,"enemies":"2 Louse","floor":1,"turns":2},{"damage":3,"enemies":"Small Slimes","floor":2,"turns":3},{"damage":0,"enemies":"Cultist","floor":5,"turns":4},{"damage":7,"enemies":"2 Fungi Beasts","floor":6,"turns":3},{"damage":1,"enemies":"Exordium Wildlife","floor":10,"turns":4},{"damage":1,"enemies":"downfall:FleeingMerchant","floor":11,"turns":4},{"damage":14,"enemies":"Gremlin Nob","floor":12,"turns":4},{"damage":3,"enemies":"Exordium Thugs","floor":14,"turns":3},{"damage":1,"enemies":"SI_SHIV_ARCHETYPE","floor":16,"turns":6},{"damage":13,"enemies":"Chosen","floor":18,"turns":5},{"damage":11,"enemies":"Spheric Guardian","floor":19,"turns":6},{"damage":0,"enemies":"downfall:FleeingMerchant","floor":22,"turns":4},{"damage":15,"enemies":"Snake Plant","floor":23,"turns":3},{"damage":11,"enemies":"Slavers","floor":25,"turns":3},{"damage":6,"enemies":"downfall:FleeingMerchant","floor":26,"turns":4},{"damage":6,"enemies":"Centurion and Healer","floor":28,"turns":5},{"damage":33,"enemies":"Gremlin Leader","floor":29,"turns":4},{"damage":11,"enemies":"Snecko","floor":30,"turns":4},{"damage":0,"enemies":"WA_ARCHETYPE_CALM","floor":33,"turns":8},{"damage":11,"enemies":"3 Darklings","floor":35,"turns":4},{"damage":14,"enemies":"Orb Walker","floor":36,"turns":5},{"damage":23,"enemies":"Transient","floor":38,"turns":5},{"damage":0,"enemies":"downfall:LadyInBlue","floor":40,"turns":7},{"damage":0,"enemies":"Giant Head","floor":42,"turns":8},{"damage":4,"enemies":"Jaw Worm Horde","floor":44,"turns":5},{"damage":68,"enemies":"Nemesis","floor":45,"turns":7},{"damage":24,"enemies":"Spire Growth","floor":46,"turns":5},{"damage":31,"enemies":"Transient","floor":47,"turns":5},{"damage":0,"enemies":"Giant Head","floor":48,"turns":7},{"damage":65,"enemies":"IC_BLOCK_ARCHETYPE","floor":50,"turns":7}],"seed_played":"-4753483781556079897","potions_obtained":[{"floor":5,"key":"Weak Potion"},{"floor":6,"key":"SteroidPotion"},{"floor":14,"key":"sneckomod:MuddlingPotion"},{"floor":16,"key":"Swift Potion"},{"floor":23,"key":"sneckomod:DiceRollPotion"},{"floor":29,"key":"sneckomod:DiceRollPotion"},{"floor":36,"key":"FearPotion"},{"floor":38,"key":"FairyPotion"},{"floor":40,"key":"ColorlessPotion"},{"floor":44,"key":"GamblersBrew"},{"floor":45,"key":"SteroidPotion"},{"floor":46,"key":"Explosive Potion"}],"is_trial":false,"path_per_floor":["M","M","?","?","M","M","T","R","?","M","$","E","?","M","R","B",null,"M","M","?","?","$","M","T","E","$","?","M","E","M","?","R","B",null,"M","M","?","M","$","?","T","E","$","M","E","M","M","E","R","B"],"character_chosen":"THE_SNECKO","items_purchased":["Sling","sneckomod:UnknownRarePower","Omamori","Bag of Preparation","Toy Ornithopter"],"campfire_rested":2,"item_purchase_floors":[22,26,26,39,43],"current_hp_per_floor":[78,75,75,75,75,68,68,68,68,67,66,52,52,49,49,52,81,68,57,57,52,57,42,42,63,64,64,65,54,50,35,60,70,86,86,72,72,54,54,61,61,72,72,80,18,25,5,18,43,0,0,0],"gold":183,"neow_bonus":"RANDOM_COLORLESS_2","is_daily":false,"chose_seed":false,"campfire_upgraded":0,"win_rate":0.0,"timestamp":1613488918,"path_taken":["M","M","?","?","?","M","T","R","?","M","?","E","?","?","R","BOSS","M","M","?","?","?","M","T","E","$","?","?","E","M","?","R","BOSS","M","M","?","M","?","?","T","E","$","M","E","?","M","E","R","BOSS"],"items_purchased_type":["Relic","Card","Relic","Relic","Relic"],"build_version":"2020-12-22","purchased_purges":3,"victory":false,"max_hp_per_floor":[81,81,81,81,81,81,81,81,81,81,81,81,81,81,81,81,81,81,81,81,81,81,81,81,81,81,81,81,81,81,86,86,86,86,86,86,86,86,86,86,86,86,86,86,86,86,86,86,86,86,86,86],"card_choices":[{"not_picked":["Chrysalis","Master of Strategy"],"picked":"Apotheosis","floor":0},{"not_picked":["sneckomod:UnendingSupply","sneckomod:WideSting","sneckomod:PureSnecko"],"picked":"SKIP","floor":1},{"not_picked":["sneckomod:UnknownCommonSkill","sneckomod:TrashToTreasure","sneckomod:PureSnecko"],"picked":"SKIP","floor":2},{"not_picked":["sneckomod:MasterEye","sneckomod:UnknownExhaust","sneckomod:UnknownWeak"],"picked":"SKIP","floor":5},{"not_picked":["sneckomod:DiceCrush","sneckomod:RainOfDice","sneckomod:UnknownCommonAttack"],"picked":"SKIP","floor":6},{"not_picked":["sneckomod:UnknownCommonAttack","sneckomod:SoulExchange","sneckomod:UnknownDraw"],"picked":"SKIP","floor":10},{"not_picked":["sneckomod:Nope","sneckomod:Rotation"],"picked":"sneckomod:QuickBite","floor":11},{"not_picked":["sneckomod:Nope","sneckomod:UnknownStrike"],"picked":"sneckomod:QuickMove","floor":12},{"not_picked":["sneckomod:IronFang","sneckomod:Memorize","sneckomod:UnknownBlock"],"picked":"SKIP","floor":14},{"not_picked":["sneckomod:Restock","sneckomod:SoulExchange"],"picked":"sneckomod:UnknownRareSkill","floor":16},{"not_picked":["sneckomod:UnknownCommonSkill+1","sneckomod:DiceBlock","sneckomod:WideSting"],"picked":"SKIP","floor":18},{"not_picked":["sneckomod:Unknown1Cost","sneckomod:WideSting"],"picked":"sneckomod:UnknownX","floor":19},{"not_picked":["sneckomod:DefensiveFlair+1","sneckomod:WideSting+1"],"picked":"sneckomod:UnknownDexterity","floor":22},{"not_picked":["sneckomod:DiceBlock+1","sneckomod:WideSting","sneckomod:SoulCleanse+1"],"picked":"SKIP","floor":23},{"not_picked":["sneckomod:Unknown1Cost","sneckomod:UnknownClassHEXA_GHOST_PURPLE","sneckomod:UnlimitedRolls"],"picked":"SKIP","floor":25},{"not_picked":["sneckomod:UnknownCommonAttack","sneckomod:UnknownClassGUARDIAN+1"],"picked":"sneckomod:QuickBite+1","floor":26},{"not_picked":["sneckomod:Nope","sneckomod:UnknownCommonAttack+1","sneckomod:SerpentIdol"],"picked":"SKIP","floor":28},{"not_picked":["sneckomod:IronFang","sneckomod:Memorize"],"picked":"sneckomod:QuickMove","floor":29},{"not_picked":["sneckomod:DiceCrush","sneckomod:UnknownClassRED","sneckomod:UnknownClassHEXA_GHOST_PURPLE+1"],"picked":"SKIP","floor":30},{"not_picked":["sneckomod:Cheat","sneckomod:UnlimitedRolls"],"picked":"sneckomod:Mudshield","floor":33},{"not_picked":["sneckomod:QuickBite","sneckomod:UnknownUncommonAttack","sneckomod:Rotation+1"],"picked":"SKIP","floor":35},{"not_picked":["sneckomod:RainOfDice","sneckomod:SnekBeam"],"picked":"sneckomod:UnknownBlock+1","floor":36},{"not_picked":["sneckomod:UnknownCommonSkill","sneckomod:SoulDraw+1","sneckomod:DiceCrush"],"picked":"SKIP","floor":38},{"not_picked":["sneckomod:Unknown0Cost","sneckomod:SoulDraw"],"picked":"sneckomod:IronFang+1","floor":40},{"not_picked":["sneckomod:SlitherStrike+1","sneckomod:DiceCrush+1","sneckomod:WideSting"],"picked":"SKIP","floor":42},{"not_picked":["sneckomod:UnknownVulnerable+1","sneckomod:WideSting+1","sneckomod:IronFang"],"picked":"SKIP","floor":44},{"not_picked":["sneckomod:QuickMove+1","sneckomod:SlitherStrike","sneckomod:WideSting"],"picked":"SKIP","floor":45},{"not_picked":["sneckomod:UnknownDraw+1","sneckomod:Mudshield","sneckomod:Rotation"],"picked":"SKIP","floor":46},{"not_picked":["sneckomod:SerpentIdol+1","sneckomod:IronFang","sneckomod:DiceBoulder+1"],"picked":"SKIP","floor":47},{"not_picked":["sneckomod:QuickBite","sneckomod:ImprovisedAttack+1","sneckomod:UnknownClassRED"],"picked":"SKIP","floor":48}],"player_experience":150042,"relics_obtained":[{"floor":7,"key":"sneckomod:SneckoCommon"},{"floor":12,"key":"hubris:MysteriousPyramids"},{"floor":24,"key":"sneckomod:LoadedDie"},{"floor":25,"key":"Shuriken"},{"floor":29,"key":"Vajra"},{"floor":40,"key":"Bottled Tornado"},{"floor":41,"key":"FossilizedHelix"},{"floor":41,"key":"Nunchaku"},{"floor":42,"key":"Bottled Lightning"},{"floor":42,"key":"Ancient Tea Set"},{"floor":45,"key":"hubris:TenFootPole"},{"floor":45,"key":"PreservedInsect"},{"floor":48,"key":"CaptainsWheel"},{"floor":48,"key":"Lantern"}],"event_choices":[{"cards_removed":["sneckomod:Defend"],"damage_healed":0,"gold_gain":0,"player_choice":"Took Card","damage_taken":0,"max_hp_gain":0,"max_hp_loss":0,"event_name":"NoteForYourself","floor":13,"gold_loss":0,"cards_obtained":["Iron Wave"]},{"damage_healed":0,"gold_gain":0,"player_choice":"Read","damage_taken":0,"max_hp_gain":0,"max_hp_loss":0,"event_name":"The Library","floor":20,"gold_loss":0,"cards_obtained":["hexamod:FlamesFromBeyond"]},{"damage_healed":0,"gold_gain":0,"player_choice":"Stole Relic","damage_taken":0,"relics_obtained":["Matryoshka"],"max_hp_gain":0,"max_hp_loss":0,"event_name":"Addict","floor":27,"gold_loss":0,"cards_obtained":["Pride"]}],"is_beta":false,"boss_relics":[{"not_picked":["hubris:TerracottaHorce","Snecko Eye"],"picked":"SlaversCollar"},{"not_picked":["Runic Pyramid","sneckomod:SneckoBoss"],"picked":"Black Star"}],"items_purged_floors":[11,22,26],"is_endless":false,"potions_floor_spawned":[5,6,14,16,18,23,29,33,36,38,40,44,45,46],"killed_by":"IC_BLOCK_ARCHETYPE","ascension_level":0}}