{"host":"8vqkh0x3c7vpgzzm","time":1613482869,"event":{"mods":["AchievementEnabler","BaseMod","Colored Map","Colored Powertips","Curses Come First","DeckTracker","Highlight Path","Minty Spire (QoL Compilation)","Permanent Neow","Quick Restart","Random Character Mod","Rare Cards Sparkle","Relic Sorter","Relic Stats","StSLib","SuperFastMode","Unceasing Turn Reminder","egg","everything is the same but u backflip on backflip"],"gold_per_floor":[110,35,135,148,148,180,180,200,200,200,275,275,140,154,154,257,257,277,288,133,133,148,148,158,158,158,176,191,191,208,208,208,308,308,325,325,200,215,265,595,595,629,652,652,603,629,629,641,641,641,641,641,227,259,259],"floor_reached":56,"language":"ENG","playtime":1792,"items_purged":["Strike_R","Strike_R","Strike_R+1"],"score":1478,"play_id":"9cd40a54-4035-4800-ae79-4eb755f9434a","local_time":"20210216144109","is_ascension_mode":false,"campfire_choices":[{"data":"Bash","floor":7,"key":"SMITH"},{"data":"Strike_R","floor":12,"key":"SMITH"},{"data":"Defend_R","floor":15,"key":"SMITH"},{"data":"Dual Wield","floor":23,"key":"SMITH"},{"data":"Dropkick","floor":25,"key":"SMITH"},{"floor":29,"key":"REST"},{"floor":32,"key":"REST"},{"data":"Defend_R","floor":41,"key":"SMITH"},{"floor":44,"key":"DIG"},{"floor":49,"key":"RECALL"},{"floor":52,"key":"DIG"}],"circlet_count":0,"master_deck":["Defend_R+1","Bash+1","Dropkick+1","Dual Wield+1","Flex+1"],"relics":["Burning Blood","Question Card","Empty Cage","TheAbacus","Nloth\u0027s Gift","Toxic Egg 2","Kunai","Coffee Dripper","Shovel","Old Coin","MealTicket","Turnip","Juzu Bracelet","White Beast Statue","Membership Card","Lantern","Pantograph","Red Skull"],"acts_visited":["Exordium","TheCity","TheBeyond","TheEnding"],"potions_floor_usage":[6,16,24,38,54,55,55,55],"damage_taken":[{"damage":4,"enemies":"2 Louse","floor":1,"turns":4},{"damage":6,"enemies":"Cultist","floor":4,"turns":4},{"damage":20,"enemies":"Gremlin Nob","floor":6,"turns":4},{"damage":8,"enemies":"Small Slimes","floor":8,"turns":3},{"damage":6,"enemies":"3 Louse","floor":14,"turns":4},{"damage":21,"enemies":"The Guardian","floor":16,"turns":13},{"damage":31,"enemies":"Spheric Guardian","floor":18,"turns":6},{"damage":25,"enemies":"3 Byrds","floor":19,"turns":6},{"damage":6,"enemies":"Centurion and Healer","floor":22,"turns":7},{"damage":12,"enemies":"Cultist and Chosen","floor":24,"turns":5},{"damage":5,"enemies":"Snecko","floor":27,"turns":5},{"damage":10,"enemies":"Chosen and Byrds","floor":28,"turns":5},{"damage":0,"enemies":"Snake Plant","floor":30,"turns":2},{"damage":0,"enemies":"Collector","floor":33,"turns":2},{"damage":0,"enemies":"Orb Walker","floor":35,"turns":2},{"damage":0,"enemies":"3 Shapes","floor":38,"turns":3},{"damage":0,"enemies":"Mind Bloom Boss Battle","floor":39,"turns":1},{"damage":0,"enemies":"Giant Head","floor":40,"turns":1},{"damage":0,"enemies":"Reptomancer","floor":42,"turns":1},{"damage":0,"enemies":"Maw","floor":48,"turns":1},{"damage":27,"enemies":"Time Eater","floor":50,"turns":6},{"damage":53,"enemies":"Shield and Spear","floor":54,"turns":5},{"damage":55,"enemies":"The Heart","floor":55,"turns":5}],"seed_played":"443807492260786685","potions_obtained":[{"floor":1,"key":"Fire Potion"},{"floor":4,"key":"Fire Potion"},{"floor":22,"key":"AttackPotion"},{"floor":27,"key":"DuplicationPotion"},{"floor":28,"key":"EssenceOfSteel"},{"floor":35,"key":"Energy Potion"},{"floor":39,"key":"Regen Potion"},{"floor":54,"key":"SkillPotion"}],"is_trial":false,"path_per_floor":["M","$","?","M","?","E","R","M","T","?","?","R","$","M","R","B",null,"M","M","$","?","M","R","M","R","T","M","M","R","M","T","R","B",null,"M","?","$","M","?","E","R","E","T","R","$","T","?","M","R","B",null,"R","$","E","B",null],"character_chosen":"IRONCLAD","items_purchased":["Dropkick","TheAbacus","Strength Potion","Membership Card","Flex+1","Lantern","Pantograph","LiquidMemories"],"campfire_rested":2,"item_purchase_floors":[13,20,45,53,53,53,53,53],"current_hp_per_floor":[80,80,80,80,73,59,59,57,57,57,46,46,46,46,46,31,80,55,36,36,36,36,36,30,30,30,31,27,51,57,57,80,80,80,80,80,80,80,80,80,80,80,80,80,80,80,80,80,80,59,80,80,80,33,9],"gold":259,"neow_bonus":"REMOVE_CARD","is_daily":false,"chose_seed":false,"campfire_upgraded":6,"win_rate":0.0,"timestamp":1613482869,"path_taken":["M","$","?","?","?","E","R","M","T","?","?","R","$","M","R","BOSS","M","M","$","?","M","R","M","R","T","M","M","R","?","?","R","BOSS","M","?","$","M","?","E","R","E","T","R","$","?","?","M","R","BOSS","R","$","E","BOSS"],"items_purchased_type":["Card","Relic","Potion","Relic","Card","Relic","Relic","Potion"],"build_version":"2020-12-22","purchased_purges":3,"victory":true,"max_hp_per_floor":[80,80,80,80,80,80,80,80,80,80,80,80,80,80,80,80,80,80,80,80,80,80,80,80,80,80,80,80,80,80,80,80,80,80,80,80,80,80,80,80,80,80,80,80,80,80,80,80,80,80,80,80,80,80,80],"relic_stats":{"TheAbacus":[762],"Shovel":2,"counters":[23,95],"Pantograph":25,"MealTicket":0,"Turnip":[2],"Nloth\u0027s Gift":4,"Juzu Bracelet":1,"Kunai":[73],"Question Card":17,"obtain_stats":[{"Lantern":53,"Blue Candle":6,"Juzu Bracelet":46,"Question Card":9,"Empty Cage":17,"Burning Blood":0,"White Beast Statue":52,"Old Coin":40,"TheAbacus":20,"Shovel":39,"Pantograph":53,"MealTicket":42,"Turnip":44,"Nloth\u0027s Gift":21,"Coffee Dripper":34,"Kunai":31,"Membership Card":53,"Toxic Egg 2":26,"Red Skull":54},{"Lantern":21,"Blue Candle":3,"Juzu Bracelet":19,"Question Card":4,"Empty Cage":6,"Burning Blood":0,"White Beast Statue":21,"Old Coin":18,"TheAbacus":8,"Shovel":17,"Pantograph":21,"MealTicket":19,"Turnip":19,"Nloth\u0027s Gift":8,"Coffee Dripper":14,"Kunai":13,"Membership Card":21,"Toxic Egg 2":10,"Red Skull":22},{"Lantern":85,"Blue Candle":12,"Juzu Bracelet":78,"Question Card":15,"Empty Cage":32,"Burning Blood":0,"White Beast Statue":85,"Old Coin":77,"TheAbacus":44,"Shovel":76,"Pantograph":85,"MealTicket":78,"Turnip":78,"Nloth\u0027s Gift":44,"Coffee Dripper":70,"Kunai":68,"Membership Card":85,"Toxic Egg 2":56,"Red Skull":90}],"Burning Blood":94},"card_choices":[{"not_picked":["Burning Pact","Heavy Blade","Body Slam"],"picked":"SKIP","floor":1},{"not_picked":["Sword Boomerang","Armaments","Battle Trance"],"picked":"SKIP","floor":4},{"not_picked":["Sword Boomerang","Armaments","Battle Trance"],"picked":"SKIP","floor":4},{"not_picked":["Clothesline","Armaments","Flex"],"picked":"SKIP","floor":6},{"not_picked":["Anger","Havoc","Heavy Blade"],"picked":"SKIP","floor":8},{"not_picked":["Carnage","Thunderclap","Immolate","Wild Strike"],"picked":"SKIP","floor":14},{"not_picked":["Pommel Strike+1","Rage+1","Iron Wave","Heavy Blade+1"],"picked":"SKIP","floor":18},{"not_picked":["Clash","Shrug It Off","Ghostly Armor","Body Slam"],"picked":"SKIP","floor":19},{"not_picked":["Power Through","Seeing Red+1","Armaments+1"],"picked":"Dual Wield","floor":22},{"not_picked":["Intimidate+1","Uppercut","Shrug It Off","Double Tap"],"picked":"SKIP","floor":24},{"not_picked":["Cleave","Blood for Blood","Headbutt","Whirlwind"],"picked":"SKIP","floor":27},{"not_picked":["Cleave","Blood for Blood","Headbutt","Whirlwind"],"picked":"SKIP","floor":27},{"not_picked":["Rampage","Clothesline","Combust","Feel No Pain+1"],"picked":"SKIP","floor":28},{"not_picked":["Metallicize","Havoc+1","Sword Boomerang","Warcry+1"],"picked":"SKIP","floor":30},{"not_picked":["Pommel Strike","Exhume+1","Blood for Blood","Heavy Blade+1"],"picked":"SKIP","floor":35},{"not_picked":["Perfected Strike+1","Havoc+1","Immolate","Twin Strike+1"],"picked":"SKIP","floor":38},{"not_picked":["Perfected Strike+1","Havoc+1","Immolate","Twin Strike+1"],"picked":"SKIP","floor":38},{"not_picked":["Perfected Strike+1","Limit Break+1","Thunderclap+1","Juggernaut"],"picked":"SKIP","floor":40},{"not_picked":["Iron Wave+1","Havoc+1","Blood for Blood+1","Clothesline"],"picked":"SKIP","floor":42},{"not_picked":["Armaments+1","Bludgeon","Clothesline+1","Sever Soul+1"],"picked":"SKIP","floor":48},{"not_picked":["Flex+1","Dropkick","Warcry+1","Perfected Strike"],"picked":"SKIP","floor":54}],"player_experience":565413,"relics_obtained":[{"floor":6,"key":"Blue Candle"},{"floor":9,"key":"Question Card"},{"floor":26,"key":"Toxic Egg 2"},{"floor":31,"key":"Kunai"},{"floor":39,"key":"Shovel"},{"floor":40,"key":"Old Coin"},{"floor":42,"key":"MealTicket"},{"floor":44,"key":"Turnip"},{"floor":46,"key":"Juzu Bracelet"},{"floor":52,"key":"White Beast Statue"},{"floor":54,"key":"Red Skull"}],"event_choices":[{"damage_healed":0,"gold_gain":100,"player_choice":"Pray","damage_taken":0,"max_hp_gain":0,"max_hp_loss":0,"event_name":"Golden Shrine","floor":3,"gold_loss":0},{"cards_removed":["Strike_R"],"damage_healed":0,"gold_gain":0,"player_choice":"Card Removal","damage_taken":7,"max_hp_gain":0,"max_hp_loss":0,"event_name":"Golden Wing","floor":5,"gold_loss":0},{"damage_healed":0,"gold_gain":0,"player_choice":"Ignored","damage_taken":0,"max_hp_gain":0,"max_hp_loss":0,"event_name":"Liars Game","floor":10,"gold_loss":0},{"damage_healed":0,"gold_gain":75,"player_choice":"Gather Gold","damage_taken":11,"max_hp_gain":0,"max_hp_loss":0,"event_name":"World of Goop","floor":11,"gold_loss":0},{"damage_healed":0,"gold_gain":0,"player_choice":"Traded Relic","damage_taken":0,"relics_obtained":["Nloth\u0027s Gift"],"max_hp_gain":0,"max_hp_loss":0,"event_name":"N\u0027loth","floor":21,"relics_lost":["Blue Candle"],"gold_loss":0},{"damage_healed":0,"gold_gain":0,"player_choice":"Ignored","damage_taken":0,"max_hp_gain":0,"max_hp_loss":0,"event_name":"Mysterious Sphere","floor":36,"gold_loss":0},{"damage_healed":0,"gold_gain":0,"player_choice":"Fight","damage_taken":0,"max_hp_gain":0,"max_hp_loss":0,"event_name":"MindBloom","floor":39,"gold_loss":0},{"cards_removed":["Defend_R"],"damage_healed":0,"gold_gain":0,"player_choice":"Removed Skill","damage_taken":0,"max_hp_gain":0,"max_hp_loss":0,"event_name":"Falling","floor":47,"gold_loss":0}],"is_beta":false,"boss_relics":[{"not_picked":["Pandora\u0027s Box","Ectoplasm"],"picked":"Empty Cage"},{"not_picked":["Runic Cube","Astrolabe"],"picked":"Coffee Dripper"}],"items_purged_floors":[2,13,37],"is_endless":false,"potions_floor_spawned":[1,4,22,27,28,35,39,54],"ascension_level":0}}