{"host":"l2lylj0omvglf5x0","time":1613475177,"event":{"mods":["2.2 Compatiblity","BaseMod","Bestiary","Block Reminder","Colored Map","Colored Powertips","Curses Come First","Highlight Path","Keyboard Shortcuts","Minty Spire (QoL Compilation)","Relic Sorter","Relic Stats","Slay the Relics Exporter","StSLib","SuperFastMode"],"gold_per_floor":[117,117,117,137,156,156,183,183,183,214,39,4,33,43,43,144,144,157,192,40,51,51,51,51],"floor_reached":23,"language":"ENG","playtime":942,"items_purged":["Strike_P"],"score":217,"play_id":"fbd79ca9-68a2-4f61-9d9d-bea4cf9a6850","local_time":"20210216123257","is_ascension_mode":true,"campfire_choices":[{"data":"Eruption","floor":6,"key":"SMITH"},{"data":"TalkToTheHand","floor":15,"key":"SMITH"}],"circlet_count":0,"master_deck":["Strike_P","Strike_P","Strike_P+1","Defend_P","Defend_P","Defend_P+1","Defend_P","Eruption+1","Vigilance+1","CutThroughFate","CrushJoints+1","TalkToTheHand+1","Weave+1","MentalFortress","LessonLearned","ThirdEye","Wireheading","Weave","ConjureBlade","Halt","Nirvana"],"relics":["PureWater","NeowsBlessing","GremlinMask","Darkstone Periapt","Matryoshka","Blood Vial","Omamori","Busted Crown","Red Mask","Vajra","Bottled Flame"],"acts_visited":["Exordium","TheCity"],"potions_floor_usage":[10,16,16,18,19,23],"damage_taken":[{"damage":0,"enemies":"2 Louse","floor":1,"turns":1},{"damage":0,"enemies":"Cultist","floor":4,"turns":1},{"damage":0,"enemies":"Small Slimes","floor":5,"turns":1},{"damage":29,"enemies":"3 Sentries","floor":7,"turns":8},{"damage":5,"enemies":"Gremlin Nob","floor":10,"turns":3},{"damage":4,"enemies":"3 Sentries","floor":13,"turns":4},{"damage":0,"enemies":"2 Fungi Beasts","floor":14,"turns":2},{"damage":30,"enemies":"The Guardian","floor":16,"turns":10},{"damage":18,"enemies":"Shell Parasite","floor":18,"turns":4},{"damage":14,"enemies":"Masked Bandits","floor":19,"turns":4},{"damage":30,"enemies":"3 Byrds","floor":21,"turns":4},{"damage":30,"enemies":"Slavers","floor":23,"turns":1}],"seed_played":"9127900747621802739","potions_obtained":[{"floor":4,"key":"StancePotion"},{"floor":7,"key":"SteroidPotion"},{"floor":13,"key":"Regen Potion"},{"floor":14,"key":"Fruit Juice"},{"floor":18,"key":"SkillPotion"},{"floor":19,"key":"AttackPotion"}],"is_trial":false,"path_per_floor":["M","$","?","M","M","R","E","?","T","E","$","?","E","M","R","B",null,"M","?","$","M","T","E"],"character_chosen":"WATCHER","items_purchased":["LessonLearned","ThirdEye","Nirvana"],"campfire_rested":0,"item_purchase_floors":[11,11,20],"current_hp_per_floor":[72,72,72,72,72,72,43,29,29,24,24,42,40,42,42,31,77,59,47,47,19,19,0,0],"gold":51,"neow_bonus":"THREE_ENEMY_KILL","is_daily":false,"chose_seed":false,"campfire_upgraded":2,"win_rate":0.0,"timestamp":1613475177,"path_taken":["M","$","?","M","?","R","E","?","T","E","$","?","E","M","R","BOSS","M","?","$","M","?","E"],"items_purchased_type":["Card","Card","Card"],"build_version":"2020-12-22","purchased_purges":1,"victory":false,"max_hp_per_floor":[72,72,72,72,72,72,72,72,72,72,72,72,72,72,72,77,77,77,77,77,77,77,77,77],"relic_stats":{"Darkstone Periapt":0,"Blood Vial":12,"Busted Crown":6,"counters":[12,43],"obtain_stats":[{"Darkstone Periapt":7,"Blood Vial":10,"Bottled Flame":22,"Matryoshka":9,"Busted Crown":17,"NeowsBlessing":0,"Vajra":22,"GremlinMask":3,"Omamori":13,"Red Mask":19,"PureWater":0},{"Darkstone Periapt":4,"Blood Vial":5,"Bottled Flame":11,"Matryoshka":4,"Busted Crown":8,"NeowsBlessing":0,"Vajra":11,"GremlinMask":1,"Omamori":6,"Red Mask":10,"PureWater":0},{"Darkstone Periapt":11,"Blood Vial":14,"Bottled Flame":42,"Matryoshka":11,"Busted Crown":30,"NeowsBlessing":0,"Vajra":42,"GremlinMask":1,"Omamori":18,"Red Mask":38,"PureWater":0}]},"card_choices":[{"not_picked":["Protect","Pray"],"picked":"CutThroughFate","floor":1},{"not_picked":["ClearTheMind","EmptyMind"],"picked":"CrushJoints","floor":4},{"not_picked":["ThirdEye","Evaluate"],"picked":"TalkToTheHand","floor":5},{"not_picked":["WreathOfFlame","Halt"],"picked":"Weave","floor":7},{"not_picked":["EmptyMind","PathToVictory"],"picked":"MentalFortress","floor":10},{"not_picked":["LessonLearned","Consecrate"],"picked":"Wireheading","floor":13},{"not_picked":["Meditate","Indignation"],"picked":"Weave","floor":14},{"not_picked":["DeusExMachina","Vault"],"picked":"ConjureBlade","floor":16},{"not_picked":[],"picked":"Halt","floor":18},{"not_picked":["Prostrate"],"picked":"SKIP","floor":21}],"player_experience":951453,"relics_obtained":[{"floor":7,"key":"Darkstone Periapt"},{"floor":9,"key":"Matryoshka"},{"floor":10,"key":"Blood Vial"},{"floor":13,"key":"Omamori"},{"floor":19,"key":"Red Mask"},{"floor":22,"key":"Vajra"},{"floor":22,"key":"Bottled Flame"}],"event_choices":[{"damage_healed":0,"gold_gain":0,"player_choice":"Trade","damage_taken":0,"relics_obtained":["GremlinMask"],"max_hp_gain":0,"max_hp_loss":0,"event_name":"FaceTrader","floor":3,"gold_loss":0},{"damage_healed":0,"gold_gain":0,"player_choice":"Entered Light","damage_taken":14,"max_hp_gain":0,"max_hp_loss":0,"event_name":"Shining Light","floor":8,"gold_loss":0,"cards_upgraded":["Strike_P","Defend_P"]},{"damage_healed":18,"gold_gain":0,"player_choice":"Healed","damage_taken":0,"max_hp_gain":0,"max_hp_loss":0,"event_name":"The Cleric","floor":12,"gold_loss":35},{"damage_healed":0,"gold_gain":0,"player_choice":"Fought Bandits","damage_taken":0,"max_hp_gain":0,"max_hp_loss":0,"event_name":"Masked Bandits","floor":19,"gold_loss":0}],"is_beta":false,"boss_relics":[{"not_picked":["Velvet Choker","Runic Dome"],"picked":"Busted Crown"}],"items_purged_floors":[20],"is_endless":false,"potions_floor_spawned":[4,7,13,14,18,19],"killed_by":"Slavers","ascension_level":1}}