{"host":"prxrhpgaxnj4om9r","time":1613467105,"event":{"mods":["AchievementEnabler","BaseMod","Colored Map","DeckTracker","Minty Spire (QoL Compilation)"],"gold_per_floor":[117,131,144,144,144,188,188,211,211,236,236,259,290,306,306,437,437,451,206,224,224,237,237,262,301,301,59,104,118,7,30,30,149,149,167,187,187,187,187,187,211,544,570,570,582,598,94,109,109,109,109],"floor_reached":50,"language":"KOR","playtime":2533,"items_purged":["Defend_R"],"score":626,"play_id":"a7d5c7b3-3b07-43df-9908-f69dc8df379b","local_time":"20210216181825","is_ascension_mode":true,"campfire_choices":[{"data":"Perfected Strike","floor":7,"key":"SMITH"},{"floor":11,"key":"REST"},{"data":"Limit Break","floor":15,"key":"SMITH"},{"data":"Blood for Blood","floor":23,"key":"SMITH"},{"floor":32,"key":"REST"},{"data":"Infernal Blade","floor":40,"key":"SMITH"},{"floor":49,"key":"REST"}],"circlet_count":0,"master_deck":["Strike_R","Strike_R","Strike_R","Strike_R","Defend_R","Defend_R","Defend_R","Bash+1","Reckless Charge","Perfected Strike+1","Blood for Blood+1","Injury","Spot Weakness","Perfected Strike","Limit Break+1","Clash","Thunderclap","Wild Strike","Immolate","Cleave","Warcry","Battle Trance","Flex","Infernal Blade+1","Pommel Strike","Offering","Uppercut+1","Flex+1","Dark Shackles","Twin Strike+1","Burning Pact+1","Armaments+1","Pommel Strike","Jack Of All Trades","Shockwave"],"relics":["Burning Blood","Vajra","White Beast Statue","Torii","Busted Crown","Membership Card","Potion Belt","Blue Candle","Peace Pipe","Juzu Bracelet","Blood Vial","Brimstone","SlaversCollar","Smiling Mask","Ornamental Fan","Darkstone Periapt","Chemical X"],"acts_visited":["Exordium","TheCity","TheBeyond"],"potions_floor_usage":[1,2,6,6,8,8,14,16,16,16,22,23,24,24,24,25,28,28,28,28,29,31,33,33,33,36,41,41,45,48,50,50,50,50],"damage_taken":[{"damage":12,"enemies":"Jaw Worm","floor":1,"turns":2},{"damage":15,"enemies":"Small Slimes","floor":2,"turns":3},{"damage":0,"enemies":"Cultist","floor":3,"turns":3},{"damage":18,"enemies":"Gremlin Nob","floor":6,"turns":4},{"damage":3,"enemies":"2 Fungi Beasts","floor":8,"turns":2},{"damage":20,"enemies":"Lots of Slimes","floor":10,"turns":4},{"damage":8,"enemies":"Blue Slaver","floor":12,"turns":2},{"damage":15,"enemies":"3 Sentries","floor":13,"turns":4},{"damage":0,"enemies":"Looter","floor":14,"turns":1},{"damage":41,"enemies":"The Guardian","floor":16,"turns":6},{"damage":6,"enemies":"Spheric Guardian","floor":18,"turns":3},{"damage":12,"enemies":"Chosen","floor":20,"turns":3},{"damage":31,"enemies":"Snecko","floor":22,"turns":4},{"damage":0,"enemies":"Chosen and Byrds","floor":24,"turns":3},{"damage":32,"enemies":"Gremlin Leader","floor":25,"turns":5},{"damage":0,"enemies":"Snake Plant","floor":28,"turns":2},{"damage":0,"enemies":"3 Cultists","floor":29,"turns":3},{"damage":0,"enemies":"Centurion and Healer","floor":31,"turns":1},{"damage":2,"enemies":"Champ","floor":33,"turns":5},{"damage":7,"enemies":"Orb Walker","floor":35,"turns":2},{"damage":14,"enemies":"3 Darklings","floor":36,"turns":3},{"damage":35,"enemies":"4 Shapes","floor":41,"turns":4},{"damage":6,"enemies":"Sphere and 2 Shapes","floor":45,"turns":2},{"damage":6,"enemies":"Jaw Worm Horde","floor":46,"turns":2},{"damage":28,"enemies":"Writhing Mass","floor":48,"turns":3},{"damage":53,"enemies":"Donu and Deca","floor":50,"turns":3}],"seed_played":"2782092009186008829","potions_obtained":[{"floor":1,"key":"EntropicBrew"},{"floor":3,"key":"PowerPotion"},{"floor":10,"key":"Swift Potion"},{"floor":13,"key":"SkillPotion"},{"floor":14,"key":"Fire Potion"},{"floor":16,"key":"ElixirPotion"},{"floor":18,"key":"SmokeBomb"},{"floor":20,"key":"ColorlessPotion"},{"floor":22,"key":"EntropicBrew"},{"floor":24,"key":"SpeedPotion"},{"floor":25,"key":"Energy Potion"},{"floor":28,"key":"Dexterity Potion"},{"floor":29,"key":"BlessingOfTheForge"},{"floor":31,"key":"PowerPotion"},{"floor":33,"key":"Dexterity Potion"},{"floor":35,"key":"ColorlessPotion"},{"floor":36,"key":"Energy Potion"},{"floor":38,"key":"ColorlessPotion"},{"floor":38,"key":"Weak Potion"},{"floor":41,"key":"Ancient Potion"},{"floor":45,"key":"DuplicationPotion"},{"floor":46,"key":"Strength Potion"},{"floor":48,"key":"ElixirPotion"}],"is_trial":false,"path_per_floor":["M","M","M","?","?","E","R","M","T","M","R","M","E","M","R","B",null,"M","$","M","?","M","R","M","E","T","$","M","M","$","M","R","B",null,"M","M","?","?","?","R","M","?","T","?","M","M","$","M","R","B"],"character_chosen":"IRONCLAD","items_purchased":["Membership Card","Potion Belt","Cleave","Juzu Bracelet","Blood Vial","EntropicBrew","Battle Trance","Brimstone","Infernal Blade","Ornamental Fan","Darkstone Periapt","Pommel Strike","Strength Potion","Jack Of All Trades","Chemical X","Shockwave"],"campfire_rested":3,"item_purchase_floors":[19,19,19,27,27,27,27,30,30,47,47,47,47,47,47,47],"current_hp_per_floor":[74,65,71,71,71,59,59,62,62,48,72,70,61,67,67,32,80,80,80,74,74,49,49,55,29,29,29,37,45,45,53,77,80,80,79,72,72,72,67,67,40,40,40,40,42,44,44,24,48,0,0],"gold":109,"neow_bonus":"UPGRADE_CARD","is_daily":false,"chose_seed":false,"campfire_upgraded":4,"win_rate":0.0,"timestamp":1613467105,"path_taken":["M","M","M","?","?","E","R","M","T","M","R","M","E","M","R","BOSS","M","$","M","?","?","R","M","E","T","$","M","M","$","M","R","BOSS","M","M","?","?","?","R","M","?","T","?","M","M","$","M","R","BOSS"],"items_purchased_type":["Relic","Relic","Card","Relic","Relic","Potion","Card","Relic","Card","Relic","Relic","Card","Potion","Card","Relic","Card"],"build_version":"2020-12-22","purchased_purges":1,"victory":false,"max_hp_per_floor":[80,80,80,80,80,80,80,80,80,80,80,80,80,80,80,80,80,80,80,80,80,80,80,80,80,80,80,80,80,80,80,80,80,80,80,80,80,80,80,80,80,80,80,80,80,80,80,80,80,80,80],"card_choices":[{"not_picked":["Armaments","Heavy Blade"],"picked":"Reckless Charge","floor":1},{"not_picked":["Clash","True Grit"],"picked":"Perfected Strike","floor":2},{"not_picked":["Warcry","Iron Wave"],"picked":"Blood for Blood","floor":3},{"not_picked":["Warcry","Intimidate"],"picked":"Spot Weakness","floor":6},{"not_picked":["Headbutt","Shockwave"],"picked":"Perfected Strike","floor":8},{"not_picked":["Entrench","True Grit"],"picked":"Limit Break","floor":10},{"not_picked":["Burning Pact","Clothesline"],"picked":"Clash","floor":12},{"not_picked":["Iron Wave","Sever Soul"],"picked":"Thunderclap","floor":13},{"not_picked":["Pommel Strike","Fire Breathing"],"picked":"Wild Strike","floor":14},{"not_picked":["Impervious","Bludgeon"],"picked":"Immolate","floor":16},{"not_picked":["Anger"],"picked":"SKIP","floor":18},{"not_picked":["Thunderclap"],"picked":"SKIP","floor":20},{"not_picked":[],"picked":"Warcry","floor":22},{"not_picked":[],"picked":"Anger+1","floor":24},{"not_picked":["Cleave"],"picked":"SKIP","floor":25},{"not_picked":[],"picked":"Flex","floor":28},{"not_picked":["Iron Wave+1"],"picked":"SKIP","floor":29},{"not_picked":[],"picked":"Pommel Strike","floor":31},{"not_picked":[],"picked":"Offering","floor":33},{"not_picked":[],"picked":"Uppercut+1","floor":35},{"not_picked":[],"picked":"Flex+1","floor":36},{"not_picked":[],"picked":"Dark Shackles","floor":39},{"not_picked":[],"picked":"Twin Strike+1","floor":41},{"not_picked":[],"picked":"Burning Pact+1","floor":45},{"not_picked":[],"picked":"Armaments+1","floor":46},{"not_picked":["Warcry"],"picked":"SKIP","floor":48}],"player_experience":483844,"relics_obtained":[{"floor":6,"key":"Vajra"},{"floor":9,"key":"White Beast Statue"},{"floor":13,"key":"Torii"},{"floor":25,"key":"Blue Candle"},{"floor":26,"key":"Peace Pipe"},{"floor":43,"key":"Smiling Mask"}],"event_choices":[{"damage_healed":0,"gold_gain":0,"player_choice":"Take Wound","damage_taken":0,"relics_obtained":["Golden Idol"],"max_hp_gain":0,"max_hp_loss":0,"event_name":"Golden Idol","floor":4,"gold_loss":0,"cards_obtained":["Injury"]},{"damage_healed":0,"gold_gain":0,"player_choice":"Leave","damage_taken":0,"max_hp_gain":0,"max_hp_loss":0,"event_name":"The Cleric","floor":5,"gold_loss":0},{"cards_removed":["Strike_R"],"damage_healed":0,"gold_gain":0,"player_choice":"Offered Basic","damage_taken":0,"max_hp_gain":0,"max_hp_loss":0,"event_name":"Bonfire Elementals","floor":21,"gold_loss":0},{"damage_healed":0,"gold_gain":0,"player_choice":"Ignored","damage_taken":0,"max_hp_gain":0,"max_hp_loss":0,"event_name":"Tomb of Lord Red Mask","floor":37,"gold_loss":0},{"damage_healed":0,"gold_gain":0,"player_choice":"Got Potions","damage_taken":0,"max_hp_gain":0,"max_hp_loss":0,"event_name":"Lab","floor":38,"gold_loss":0},{"damage_healed":0,"gold_gain":0,"player_choice":"Memory 2","damage_taken":5,"max_hp_gain":0,"max_hp_loss":0,"event_name":"SensoryStone","floor":39,"gold_loss":0},{"damage_healed":0,"gold_gain":333,"player_choice":"Gave Idol","damage_taken":0,"max_hp_gain":0,"max_hp_loss":0,"event_name":"The Moai Head","floor":42,"relics_lost":["Golden Idol"],"gold_loss":0},{"cards_removed":["Anger"],"damage_healed":0,"gold_gain":0,"player_choice":"Removed Attack","damage_taken":0,"max_hp_gain":0,"max_hp_loss":0,"event_name":"Falling","floor":44,"gold_loss":0}],"is_beta":false,"boss_relics":[{"not_picked":["Ectoplasm","Velvet Choker"],"picked":"Busted Crown"},{"not_picked":["Tiny House","Runic Cube"],"picked":"SlaversCollar"}],"items_purged_floors":[47],"is_endless":false,"potions_floor_spawned":[1,3,10,12,13,14,16,18,20,22,24,25,28,29,31,33,35,36,41,45,46,48],"killed_by":"Donu and Deca","ascension_level":4}}