{"host":"z4nt7tdd4gjrinn7","time":1613518617,"event":{"mods":["100% Spire Juice","BaseMod","Minty Spire (QoL Compilation)","StS++","StSLib","The Hierophant"],"gold_per_floor":[116,116,126,45,59,93,93,159,159,159,36,50,66,66,66,168,168,187,187,215,215,215],"floor_reached":21,"language":"ENG","playtime":899,"items_purged":[],"score":202,"play_id":"f39b4996-7b37-4f2a-82eb-c2a843477315","local_time":"20210216183657","is_ascension_mode":false,"campfire_choices":[{"floor":15,"key":"REST"}],"circlet_count":0,"master_deck":["Strike_B+1","Strike_B+1","Strike_B+1","Strike_B+1","Defend_B+1","Defend_B+1","Defend_B+1","Defend_B+1","Zap+1","Dualcast","Gash","Gash","Thunder Strike+1","Redo","Doom and Gloom","Storm","Cold Snap","Capacitor","Conserve Battery","Echo Form","Gash","Gash+1"],"relics":["Cracked Core","War Paint","DataDisk","Sundial","StSpp:WoodenPendulum","Black Star","Red Mask"],"acts_visited":["Exordium","TheCity"],"potions_floor_usage":[16,16,20],"damage_taken":[{"damage":0,"enemies":"2 Louse","floor":1,"turns":3},{"damage":0,"enemies":"Small Slimes","floor":3,"turns":3},{"damage":1,"enemies":"Jaw Worm","floor":5,"turns":3},{"damage":28,"enemies":"Gremlin Nob","floor":6,"turns":4},{"damage":8,"enemies":"Large Slime","floor":12,"turns":3},{"damage":10,"enemies":"Red Slaver","floor":13,"turns":2},{"damage":19,"enemies":"Slime Boss","floor":16,"turns":7},{"damage":16,"enemies":"Chosen","floor":18,"turns":6},{"damage":64,"enemies":"Masked Bandits","floor":20,"turns":4},{"damage":7,"enemies":"Shell Parasite","floor":21,"turns":1}],"seed_played":"-4571653767929272205","potions_obtained":[{"floor":1,"key":"FocusPotion"},{"floor":13,"key":"Block Potion"},{"floor":16,"key":"PowerPotion"}],"is_trial":false,"path_per_floor":["M","?","M","$","M","E","?","?","T","?","$","M","M","T","R","B",null,"M","?","?","M"],"character_chosen":"DEFECT","items_purchased":["Thunder Strike","Storm","Cold Snap"],"campfire_rested":1,"item_purchase_floors":[4,11,11],"current_hp_per_floor":[82,70,70,70,69,41,41,41,41,41,41,33,23,23,47,28,82,66,66,2,0,0],"gold":215,"neow_bonus":"TEN_PERCENT_HP_BONUS","is_daily":false,"chose_seed":false,"campfire_upgraded":0,"win_rate":0.0,"timestamp":1613518617,"path_taken":["M","?","M","$","M","E","?","?","T","?","$","M","?","?","R","BOSS","M","?","?","M"],"items_purchased_type":["Card","Card","Card"],"build_version":"2020-12-22","purchased_purges":0,"victory":false,"max_hp_per_floor":[82,82,82,82,82,82,82,82,82,82,82,82,82,82,82,82,82,82,82,82,82,82],"card_choices":[{"not_picked":["Tempest","Chill"],"picked":"Gash","floor":1},{"not_picked":["Hologram","StSpp:Channeliser"],"picked":"Gash","floor":3},{"not_picked":["StSpp:Mask","Leap"],"picked":"Redo","floor":5},{"not_picked":["Cold Snap","Hologram"],"picked":"Doom and Gloom","floor":6},{"not_picked":["Stack","Auto Shields"],"picked":"Capacitor","floor":12},{"not_picked":["Lockon","Hologram"],"picked":"Conserve Battery","floor":13},{"not_picked":["Reboot","Core Surge","StSpp:Saturation","Biased Cognition"],"picked":"Echo Form","floor":16},{"not_picked":["Cold Snap+1","Lockon+1","Steam","Sweeping Beam"],"picked":"Gash","floor":18},{"not_picked":["Hologram","Heatsinks","Compile Driver","StSpp:Igniter"],"picked":"Gash+1","floor":20}],"player_experience":205747,"relics_obtained":[{"floor":6,"key":"War Paint"},{"floor":9,"key":"Sundial"},{"floor":14,"key":"StSpp:WoodenPendulum"},{"floor":20,"key":"Red Mask"}],"event_choices":[{"damage_healed":0,"gold_gain":0,"player_choice":"Fled","damage_taken":12,"max_hp_gain":0,"max_hp_loss":0,"event_name":"Scrap Ooze","floor":2,"gold_loss":0},{"damage_healed":0,"gold_gain":0,"player_choice":"Searched \u00271\u0027 times","damage_taken":0,"relics_obtained":["DataDisk"],"max_hp_gain":0,"max_hp_loss":0,"event_name":"Dead Adventurer","floor":7,"gold_loss":0},{"damage_healed":0,"gold_gain":66,"player_choice":"Gained Gold","damage_taken":0,"max_hp_gain":0,"max_hp_loss":0,"event_name":"Golden Wing","floor":8,"gold_loss":0},{"damage_healed":0,"gold_gain":0,"player_choice":"Upgraded","damage_taken":0,"max_hp_gain":0,"max_hp_loss":0,"event_name":"Upgrade Shrine","floor":10,"gold_loss":0,"cards_upgraded":["Thunder Strike"]},{"damage_healed":0,"gold_gain":0,"player_choice":"Simplicity","damage_taken":0,"max_hp_gain":0,"max_hp_loss":0,"event_name":"Back to Basics","floor":19,"gold_loss":0,"cards_upgraded":["Strike_B","Strike_B","Strike_B","Strike_B","Defend_B","Defend_B","Defend_B"]},{"damage_healed":0,"gold_gain":0,"player_choice":"Fought Bandits","damage_taken":0,"max_hp_gain":0,"max_hp_loss":0,"event_name":"Masked Bandits","floor":20,"gold_loss":0}],"is_beta":false,"boss_relics":[{"not_picked":["Pandora\u0027s Box","Runic Dome"],"picked":"Black Star"}],"items_purged_floors":[],"is_endless":false,"potions_floor_spawned":[1,13,16],"killed_by":"Shell Parasite","ascension_level":0}}