{"host":"5z7rhcocprldured","time":1613502053,"event":{"mods":["2.2 Compatiblity","AchievementEnabler","AlwaysNeverKeys","BaseMod","Best Route Mod","Better Altar","Better Match","Better Note","Better Sensory Stone","Better Skull","Better Third Choice","BetterRewards","Block Reminder","Colored Map","Colored Powertips","Displayed Cursed Tome","Downfall","Emptier Cage","Energized Spire","Minty Spire (QoL Compilation)","Permanent Neow","Rare Cards Sparkle","SacredBarkPlus","Spicy Shops","StSLib","Synergy Search","Unceasing Turn Reminder"],"gold_per_floor":[99,113,139,165,165,183,208,208,226,263,263,141,164,185,205,308,308,208,208,229,248,270,270,351,11,11,11,30,30,59,73,73,73,73],"floor_reached":32,"language":"ENG","playtime":2178,"items_purged":["downfall:Malfunctioning","hexamod:Strike+1"],"score":266,"play_id":"26263723-820a-4fd6-8b95-72f7a6d0774f","local_time":"20210216190053","is_ascension_mode":false,"campfire_choices":[{"data":"hexamod:Sear","floor":1,"key":"SMITH"},{"floor":11,"key":"REST"},{"data":"hexamod:VolcanoVisage","floor":18,"key":"SMITH"},{"data":"hexamod:TimeOfNeed","floor":27,"key":"SMITH"},{"data":"hexamod:CouncilsJustice","floor":29,"key":"SMITH"}],"circlet_count":0,"master_deck":["hexamod:Sear+1","hexamod:Float+1","hexamod:EtherealExpedition+1","hexamod:SoulSteal+1","hexamod:InspiringFlames+1","hexamod:FastForward+1","hexamod:NightmareGuise","hexamod:RadiantFlame","hexamod:RecurringNightmare+1","hexamod:GhostOfSpirePresent","hexamod:Hexaguard","hexamod:ThermalTransfer","hexamod:VolcanoVisage+1","hexamod:TimeOfNeed+1","hexamod:Haunt","hexamod:HeatMetal","hexamod:BacktrackSmack","hexamod:GhostLash+1","hexamod:ShieldOfDarkness+1","hexamod:AdvancingGuard","hexamod:SixthSeal","hexamod:Incineration","Ghostly+1","Ghostly","Ghostly","hexamod:CouncilsJustice","hexamod:CouncilsJustice","hexamod:CouncilsJustice+1","hexamod:EtherealExpedition+1","hexamod:PhantomCloak+1"],"relics":["hexamod:SpiritBrand","downfall:HeartBlessingRed","Ancient Tea Set","Anchor","energizedSpire:NeverEndingSparkler","downfall:HeartBlessingGreen","Eternal Feather","hexamod:TheBrokenSeal","Mummified Hand"],"acts_visited":["Exordium","TheCity"],"potions_floor_usage":[10,13,13,16,25],"damage_taken":[{"damage":4,"enemies":"Cultist","floor":2,"turns":4},{"damage":3,"enemies":"Small Slimes","floor":3,"turns":4},{"damage":6,"enemies":"Jaw Worm","floor":4,"turns":3},{"damage":7,"enemies":"Blue Slaver","floor":6,"turns":3},{"damage":7,"enemies":"Exordium Thugs","floor":9,"turns":3},{"damage":35,"enemies":"Gremlin Nob","floor":10,"turns":5},{"damage":10,"enemies":"downfall:FleeingMerchant","floor":12,"turns":4},{"damage":16,"enemies":"Lots of Slimes","floor":13,"turns":3},{"damage":16,"enemies":"Blue Slaver","floor":14,"turns":6},{"damage":11,"enemies":"Exordium Wildlife","floor":15,"turns":5},{"damage":51,"enemies":"WA_ARCHETYPE_RETAIN","floor":16,"turns":9},{"damage":17,"enemies":"Spheric Guardian","floor":20,"turns":5},{"damage":17,"enemies":"Shell Parasite","floor":21,"turns":7},{"damage":8,"enemies":"Centurion and Healer","floor":22,"turns":7},{"damage":0,"enemies":"downfall:FleeingMerchant","floor":25,"turns":4},{"damage":0,"enemies":"Chosen and Byrds","floor":28,"turns":4},{"damage":10,"enemies":"Slavers","floor":30,"turns":5},{"damage":0,"enemies":"3 Cultists","floor":31,"turns":4},{"damage":0,"enemies":"Centurion and Healer","floor":32,"turns":1}],"seed_played":"-3864208666131426923","potions_obtained":[{"floor":2,"key":"sneckomod:MuddlingPotion"},{"floor":4,"key":"Swift Potion"},{"floor":9,"key":"Explosive Potion"},{"floor":13,"key":"CultistPotion"},{"floor":16,"key":"EntropicBrew"},{"floor":16,"key":"sneckomod:MuddlingPotion"},{"floor":20,"key":"Block Potion"},{"floor":22,"key":"Guardian:BlockOnCardUsePotion"},{"floor":25,"key":"DuplicationPotion"}],"is_trial":false,"path_per_floor":["R","M","M","M","?","M","T","?","M","E","R","$","M","M","M","B",null,"R","?","M","M","M","?","T","$","?","R","M","R","E","M","M"],"character_chosen":"THE_SPIRIT","items_purchased":["hexamod:RadiantFlame","hexamod:SixthSeal","hexamod:Incineration"],"campfire_rested":1,"item_purchase_floors":[12,25,25],"current_hp_per_floor":[70,66,63,57,57,50,50,50,43,8,29,19,70,54,43,59,70,70,70,53,36,35,35,35,80,40,40,40,40,30,30,30,30,30],"gold":73,"neow_bonus":"HUNDRED_GOLD","is_daily":false,"chose_seed":false,"campfire_upgraded":4,"win_rate":0.0,"timestamp":1613502053,"path_taken":["R","M","M","M","?","M","T","?","M","E","R","$","?","M","M","BOSS","R","?","M","?","M","?","T","?","?","R","M","R","E","M","M"],"items_purchased_type":["Card","Card","Card"],"build_version":"2020-12-22","purchased_purges":2,"victory":false,"max_hp_per_floor":[70,70,70,70,70,70,70,70,70,70,70,70,70,70,70,70,70,70,70,70,70,70,70,70,80,40,40,40,40,40,40,40,40,40],"card_choices":[{"not_picked":["hexamod:ExtraCrispy","hexamod:FastForward"],"picked":"hexamod:SecondSeal","floor":2},{"not_picked":["hexamod:Hexaguard","hexamod:SpectersWail"],"picked":"hexamod:EtherealExpedition","floor":3},{"not_picked":["hexamod:InspiringFlames","hexamod:HeatMetal"],"picked":"hexamod:SoulSteal","floor":4},{"not_picked":["hexamod:HauntingEcho","hexamod:GhostOfSpirePast"],"picked":"hexamod:InspiringFlames","floor":6},{"not_picked":["hexamod:CatchUp","hexamod:GhostShield"],"picked":"hexamod:FastForward","floor":9},{"not_picked":["hexamod:ShieldOfDarkness","hexamod:Incineration"],"picked":"hexamod:FifthSeal","floor":10},{"not_picked":["hexamod:ThirdSeal","hexamod:FourthSeal"],"picked":"hexamod:SixthSeal","floor":12},{"not_picked":["hexamod:HauntingEcho","hexamod:PhantomFireball"],"picked":"hexamod:NightmareGuise","floor":12},{"not_picked":["hexamod:SpectersWail","hexamod:HeatCrush"],"picked":"hexamod:RecurringNightmare","floor":13},{"not_picked":["hexamod:FourthSeal","hexamod:SixthSeal"],"picked":"hexamod:ThirdSeal","floor":14},{"not_picked":["hexamod:HauntingEcho","hexamod:Again"],"picked":"hexamod:GhostOfSpirePresent","floor":14},{"not_picked":["hexamod:SecondSeal","hexamod:ThirdSeal"],"picked":"hexamod:FourthSeal","floor":15},{"not_picked":["hexamod:Again","hexamod:SpectralAdrenaline"],"picked":"hexamod:Hexaguard","floor":15},{"not_picked":["hexamod:SoulSteal","hexamod:Firestarter"],"picked":"hexamod:ThermalTransfer","floor":15},{"not_picked":["hexamod:TurnItUp","hexamod:WildfireWeapon"],"picked":"hexamod:VolcanoVisage","floor":16},{"not_picked":["hexamod:FifthSeal","hexamod:ParanormalForm"],"picked":"hexamod:TimeOfNeed","floor":16},{"not_picked":["hexamod:InspiringFlames","hexamod:PhantomFireball"],"picked":"hexamod:Haunt","floor":20},{"not_picked":["hexamod:SecondSeal","hexamod:ThermalTransfer"],"picked":"hexamod:HeatMetal","floor":20},{"not_picked":["hexamod:ThirdSeal","hexamod:SixthSeal"],"picked":"hexamod:FirstSeal","floor":21},{"not_picked":["hexamod:Firestarter","hexamod:RecurringNightmare"],"picked":"hexamod:BacktrackSmack","floor":21},{"not_picked":["hexamod:Hexaguard","hexamod:BurningTouch+1"],"picked":"hexamod:GhostLash+1","floor":21},{"not_picked":["hexamod:Firestarter","hexamod:BurningTouch"],"picked":"hexamod:ShieldOfDarkness","floor":22},{"not_picked":["hexamod:Haunt","hexamod:FastForward","hexamod:TurnItUp"],"picked":"SKIP","floor":22},{"not_picked":["hexamod:StepThrough","hexamod:HauntingEcho+1"],"picked":"hexamod:AdvancingGuard","floor":25},{"not_picked":["hexamod:NightmareGuise","hexamod:FastForward"],"picked":"hexamod:EtherealExpedition+1","floor":28},{"not_picked":["hexamod:BurningTouch+1","hexamod:Firestarter","hexamod:FirstSeal"],"picked":"SKIP","floor":30},{"not_picked":["hexamod:GhostShield+1","hexamod:BacktrackSmack+1"],"picked":"hexamod:PhantomCloak+1","floor":31}],"player_experience":192246,"relics_obtained":[{"floor":7,"key":"Ancient Tea Set"},{"floor":10,"key":"Anchor"},{"floor":24,"key":"Eternal Feather"},{"floor":30,"key":"Mummified Hand"}],"event_choices":[{"cards_removed":["hexamod:FifthSeal"],"damage_healed":0,"gold_gain":0,"player_choice":"Give","damage_taken":0,"max_hp_gain":0,"max_hp_loss":0,"event_name":"betterNote:BetterNote","floor":19,"gold_loss":0,"cards_obtained":["None"]}],"is_beta":false,"boss_relics":[{"not_picked":["energizedSpire:EnergizedDie","energizedSpire:CursedPentagram"],"picked":"energizedSpire:NeverEndingSparkler"}],"items_purged_floors":[12,25],"is_endless":false,"potions_floor_spawned":[2,4,9,13,16,20,21,30],"killed_by":"Centurion and Healer","ascension_level":0}}