{"host":"vrsxkkch9ccrec7k","time":1613498912,"event":{"mods":["Act Like it!","BaseMod","Bestiary","Better Altar","Better Match","Better Note","Better Sensory Stone","Better Skull","Better Third Choice","Better Vampires","Downfall","Minty Spire (QoL Compilation)","Permanent Neow","Relic Stats","Spicy Shops","StSLib"],"gold_per_floor":[99,115,126,138,238,238,261,16,46,60,75,93,124,9,23,23,23,23],"floor_reached":16,"language":"ENG","playtime":1307,"items_purged":["Guardian:Strike_Guardian","Guardian:Strike_Guardian"],"score":177,"play_id":"cd675903-b704-43ad-aa5d-b9380defcff7","local_time":"20210216130832","is_ascension_mode":true,"campfire_choices":[{"data":"Guardian:TwinSlam","floor":1,"key":"SMITH"},{"data":"Guardian:BaubleBeam","floor":6,"key":"SMITH"}],"circlet_count":0,"master_deck":["AscendersBane","Guardian:Strike_Guardian","Guardian:Strike_Guardian","Guardian:Defend_Guardian","Guardian:Defend_Guardian","Guardian:Defend_Guardian","Guardian:Defend_Guardian","Guardian:CurlUp","Guardian:TwinSlam+1","Guardian:BaubleBeam+1","Guardian:PrimingBeam","Guardian:Gem_Purple","expansioncontent:LastStand","Guardian:Clone","Guardian:Planning","Guardian:SphericShield","Guardian:PiercingHide","Guardian:Incinerate","Guardian:Gem_Green"],"relics":["Guardian:ModeShifter","Lantern","Lee\u0027s Waffle","Regal Pillow","Centennial Puzzle"],"acts_visited":["Exordium"],"potions_floor_usage":[4,9,13,16],"damage_taken":[{"damage":10,"enemies":"Small Slimes","floor":2,"turns":3},{"damage":2,"enemies":"Jaw Worm","floor":3,"turns":3},{"damage":0,"enemies":"Cultist","floor":4,"turns":2},{"damage":5,"enemies":"downfall:FleeingMerchant","floor":8,"turns":4},{"damage":8,"enemies":"Gremlin Nob","floor":9,"turns":4},{"damage":8,"enemies":"Exordium Thugs","floor":10,"turns":6},{"damage":6,"enemies":"Blue Slaver","floor":11,"turns":4},{"damage":5,"enemies":"Gremlin Gang","floor":12,"turns":5},{"damage":25,"enemies":"3 Sentries","floor":13,"turns":14},{"damage":5,"enemies":"downfall:FleeingMerchant","floor":14,"turns":4},{"damage":7,"enemies":"Exordium Thugs","floor":15,"turns":5},{"damage":25,"enemies":"WA_ARCHETYPE_RETAIN","floor":16,"turns":9}],"seed_played":"-5340797325316991718","potions_obtained":[{"floor":2,"key":"Strength Potion"},{"floor":3,"key":"FearPotion"},{"floor":12,"key":"Guardian:BlockOnCardUsePotion"},{"floor":13,"key":"sneckomod:MuddlingPotion"}],"is_trial":false,"path_per_floor":["R","M","M","M","?","R","T","$","E","M","M","M","E","$","M","B"],"character_chosen":"GUARDIAN","items_purchased":["expansioncontent:LastStand","Lee\u0027s Waffle"],"campfire_rested":0,"item_purchase_floors":[8,8],"current_hp_per_floor":[72,62,60,60,60,60,60,87,79,71,65,60,35,30,23,0,0,0],"gold":23,"neow_bonus":"ONE_RANDOM_RARE_CARD","is_daily":false,"chose_seed":false,"campfire_upgraded":2,"win_rate":0.0,"timestamp":1613498912,"path_taken":["R","M","M","M","?","R","T","?","E","M","M","?","E","$","M","BOSS"],"items_purchased_type":["Card","Relic"],"build_version":"2020-12-22","purchased_purges":2,"victory":false,"max_hp_per_floor":[80,80,80,80,80,80,80,87,87,87,87,87,87,87,87,87,87,87],"relic_stats":{"Lee\u0027s Waffle":32,"Regal Pillow":0,"Centennial Puzzle":[9],"counters":[12,63],"obtain_stats":[{"Lantern":7,"Lee\u0027s Waffle":8,"Regal Pillow":9,"Centennial Puzzle":13,"Guardian:ModeShifter":0},{"Lantern":3,"Lee\u0027s Waffle":4,"Regal Pillow":5,"Centennial Puzzle":9,"Guardian:ModeShifter":0},{"Lantern":8,"Lee\u0027s Waffle":12,"Regal Pillow":16,"Centennial Puzzle":45,"Guardian:ModeShifter":0}]},"card_choices":[{"not_picked":["Guardian:VentSteam","Guardian:TimeCapacitor"],"picked":"Guardian:PrimingBeam","floor":2},{"not_picked":["Guardian:PrimingBeam","Guardian:Gem_Red"],"picked":"Guardian:Gem_Orange","floor":3},{"not_picked":["Guardian:RollAttack","Guardian:SpikerProtocol"],"picked":"Guardian:Gem_Cyan","floor":4},{"not_picked":["Guardian:Incinerate","Guardian:Gem_Green"],"picked":"Guardian:Gem_Purple","floor":8},{"not_picked":["Guardian:Gem_Yellow","Guardian:PiercingHide"],"picked":"Guardian:Clone","floor":9},{"not_picked":["Guardian:Gem_Red","Guardian:DonusPower"],"picked":"Guardian:Planning","floor":10},{"not_picked":["Guardian:Gem_Crimson","Guardian:DecasProtection"],"picked":"Guardian:SphericShield","floor":11},{"not_picked":["Guardian:VentSteam","Guardian:PrimingBeam"],"picked":"Guardian:PiercingHide","floor":12},{"not_picked":["Guardian:ChargeCore","Guardian:PrimingBeam","Guardian:ShieldCharger"],"picked":"SKIP","floor":13},{"not_picked":["Guardian:HyperBeam_Guardian","Guardian:WalkerClaw"],"picked":"Guardian:Incinerate","floor":14},{"not_picked":["Guardian:Recover","Guardian:ShieldCharger"],"picked":"Guardian:Gem_Green","floor":15}],"player_experience":1934816,"relics_obtained":[{"floor":7,"key":"Lantern"},{"floor":9,"key":"Regal Pillow"},{"floor":13,"key":"Centennial Puzzle"}],"event_choices":[],"is_beta":false,"boss_relics":[],"items_purged_floors":[8,14],"is_endless":false,"potions_floor_spawned":[2,3,12,13],"killed_by":"WA_ARCHETYPE_RETAIN","ascension_level":11}}