{"host":"1wqvkeuqk47laf9u","time":1613436044,"event":{"mods":["100% Spire Juice","ATMod(∞¢Ë™Mod)","Act Like it!","BaseMod","Colored Map","Colored Powertips","Decade(Õı–°√˜)","Gensokyo","GifTheSpireLib","Hallownest","Koishi","KomeijiMod","Marisa£®ÏF”Í°°ƒß¿Ì…≥£©","Minty Spire (QoL Compilation)","Reimu£®≤©¿ˆ¡È√Œ£©","Reliquary","Remilia£®¿Ÿ√◊¿Ú—«£©","Replay The Spire","Robot Space Explorer","SOS£®Àπ∞Õ¥Ô÷Æ◊”£©","StSLib","The Administrix","The Animator","The Cursed","The Dragon Tamer","The Poker Player","The Servant 0.9.4","UnlockEverythingMod","Yakumo Yukari mod","Youmu£®ªÍ∆«—˝√Œ£©","Yuyuko","[GremlinLeader]The Maniac","°æ“≈ŒÔø®≈∆°øREMEMod"],"gold_per_floor":[166,217,77,97,110,110,127,127,153,170,170,183,26,26,26,121,121,140,140,159,59,75,75,75,109,132,132,146,162,162,162,162,266,266,284,284,299,316,316,316,53,53,78,90,90,170,170,187,187,187],"floor_reached":51,"language":"ZHS","playtime":4204,"items_purged":["Strike_YM","Strike_YM"],"score":782,"play_id":"cdb98d51-59d9-4687-af1c-fdee6fe35cb6","local_time":"20210216084044","is_ascension_mode":false,"campfire_choices":[{"data":"AT_FamilyPortrait","floor":6.0,"key":"SMITH"},{"floor":11,"key":"REST"},{"floor":15,"key":"REST"},{"data":"ReincarnationSword","floor":23,"key":"SMITH"},{"data":"VoidnessSword","floor":30,"key":"SMITH"},{"data":"SlashOfDepartureFromHesitation","floor":32,"key":"SMITH"},{"data":"ReincarnationSword","floor":40,"key":"SMITH"},{"data":"HiganSword","floor":45,"key":"SMITH"},{"data":"BizarrenessOfSixRealms","floor":47,"key":"SMITH"}],"circlet_count":0,"master_deck":["Strike_YM+1","Defend_YM+1","Defend_YM","Defend_YM","WheelOfPainOfLivingAndDead","VoidnessSword+1","RapidSlash","AT_FamilyPortrait+1","TwoHundredYojanaInOneSlash","BizarrenessOfSixRealms+1","DispleasureOfTheSevenHakus","SwordExtraction","SlashOfDepartureFromHesitation+1","FastingOfTheYoungPreta","HumanGodSword","AsuraSword","EchoesOfTheInclemencyOfAllBeings","FourBirthsSword","LotusPostureSlash","MatsuyoiReflectingSatelliteSlash","LifeCuttingSword","ReincarnationSword+1","SwordOfBindingDesires","PhosphoricSlash+1","SpiritMediumsBind+1","Gensokyo:LifeforceConverter","HiganSword+1","SanzenSekai","SanzenSekai","RapidSlash+1","ReincarnationSword","CrescentMoonSlash"],"relics":["REME_ComplimentaryCards","AT_ATBox","Tiny House","REME_HourglassOfDeath","Thread and Needle","Gensokyo:Mercy","AT_ArcaneBoots","Replay:Rubber Ducky","Sozu","Gensokyo:SongOfSouls","Replay:Kaleidoscope","Omamori","Gensokyo:MosesMiracle","reliquary:ThirdArm","Nunchaku","Gensokyo:EmptyGrave","Akabeko","Chameleon Ring","Prayer Wheel"],"acts_visited":["Gensokyo:Gensokyo","Gensokyo:Gensokyoer","Gensokyo:Gensokyoest"],"potions_floor_usage":[16,22,25],"damage_taken":[{"damage":16.0,"enemies":"Gensokyo:Python","floor":1.0,"turns":8.0},{"damage":0.0,"enemies":"Gensokyo:Gryphon","floor":4.0,"turns":3.0},{"damage":0.0,"enemies":"Gensokyo:3_Fairies","floor":5.0,"turns":3.0},{"damage":10.0,"enemies":"Gensokyo:Gryphon_and_Rabbit","floor":7.0,"turns":4.0},{"damage":2.0,"enemies":"Gensokyo:2_Rabbits","floor":10.0,"turns":3.0},{"damage":0,"enemies":"Gensokyo:5_Fairies","floor":12,"turns":3},{"damage":21,"enemies":"Gensokyo:Reimu","floor":16,"turns":10},{"damage":1,"enemies":"Gensokyo:3_Dogs","floor":18,"turns":6},{"damage":0,"enemies":"Gensokyo:2_Gloops","floor":20,"turns":2},{"damage":1,"enemies":"Gensokyo:Monolith_and_Dog","floor":22,"turns":5},{"damage":2,"enemies":"Gensokyo:Koishi","floor":25,"turns":7},{"damage":0,"enemies":"Gensokyo:Chomper_and_Gloop","floor":28,"turns":4},{"damage":0,"enemies":"Gensokyo:Slime_Group","floor":29,"turns":4},{"damage":3,"enemies":"Gensokyo:Kaguya","floor":33,"turns":4},{"damage":1,"enemies":"Gensokyo:AncientGuardian","floor":35,"turns":4},{"damage":12,"enemies":"Gensokyo:3_Boulders","floor":37,"turns":3},{"damage":2,"enemies":"Gensokyo:SeedOfUnknown","floor":38,"turns":5},{"damage":0,"enemies":"Gensokyo:Rafflesia","floor":44,"turns":6},{"damage":0,"enemies":"Gensokyo:3_Boulders","floor":48,"turns":4},{"damage":1,"enemies":"Gensokyo:Scarlet_Devils","floor":50,"turns":8}],"seed_played":"-8917392837578564293","potions_obtained":[{"floor":0.0,"key":"MagicPotion:ReiMu"},{"floor":2.0,"key":"SkillPotion"},{"floor":7.0,"key":"ColorlessPotion"},{"floor":12,"key":"Toxic Potion"},{"floor":16,"key":"Energy Potion"}],"is_trial":false,"path_per_floor":["M","?","?","M","M","R","M","?","T","M","R","M","$","?","R","B",null,"M","?","M","$","M","R","?","E","T","?","M","M","R","?","R","B",null,"M","?","M","M","?","R","$","?","T","M","R","T","R","M","R_BF","B",null],"character_chosen":"YOUMU","items_purchased":["HumanGodSword","HiganSword","Nunchaku","SanzenSekai"],"campfire_rested":2,"item_purchase_floors":[13,41,41,41],"current_hp_per_floor":[64,44,44,44,44,44,34,34,34,32,56,56,56,40,64,43,80,80,80,80,80,79,79,79,77,77,77,77,77,77,77,77,74,80,79,80,68,66,66,66,66,66,66,74,74,74,74,74,74,73],"gold":187,"neow_bonus":"BOSS_RELIC","is_daily":false,"chose_seed":false,"campfire_upgraded":7,"win_rate":0.0,"timestamp":1613436044,"path_taken":["M","?","?","?","M","R","M","?","T","?","R","M","$","?","R","BOSS","M","?","M","$","M","R","?","E","T","?","M","M","R","?","R","BOSS","M","?","M","M","?","R","?","?","T","?","R","?","R","?","R_BF","BOSS"],"items_purchased_type":["Card","Card","Relic","Card"],"build_version":"2020-12-22","purchased_purges":2,"victory":true,"max_hp_per_floor":[80,80,80,80,80,80,80,80,80,80,80,80,80,80,80,80,80,80,80,80,80,80,80,80,80,80,80,80,80,80,80,80,80,80,80,80,80,80,80,80,80,74,74,74,74,74,74,74,74,74],"card_choices":[{"not_picked":["ThoughtCuttingSword","PreachingAvici"],"picked":"RapidSlash","floor":0.0},{"not_picked":["DispleasureOfTheSevenHakus","SwordOfBindingDesires"],"picked":"TwoHundredYojanaInOneSlash","floor":1.0},{"not_picked":["CherryBlossomFlashing","TwoHundredYojanaInOneSlash"],"picked":"BizarrenessOfSixRealms","floor":2.0},{"not_picked":["HumanKnowledgeSword","LowerRealmReflectionSlash"],"picked":"DispleasureOfTheSevenHakus","floor":4.0},{"not_picked":["HumanKnowledgeSword","LowerRealmReflectionSlash","PhosphoricSlash"],"picked":"SKIP","floor":5.0},{"not_picked":["DispleasureOfTheSevenHakus","ConstancyOfTheConventionalTruth"],"picked":"SwordExtraction","floor":7.0},{"not_picked":["RapidSlash","HumanRealmSword"],"picked":"SlashOfDepartureFromHesitation","floor":10},{"not_picked":["LifeCuttingSword","CrescentMoonSlash"],"picked":"FastingOfTheYoungPreta","floor":12},{"not_picked":["VoidnessSword","SlashOfTheEternalFuture"],"picked":"AsuraSword","floor":16},{"not_picked":["FlashingScatteredFlowers","SwordExtraction+1"],"picked":"EchoesOfTheInclemencyOfAllBeings","floor":18},{"not_picked":["SwordOfBindingDesires","CherryBlossomFlashing"],"picked":"FourBirthsSword","floor":20},{"not_picked":["SanzenSekai","HiganSword"],"picked":"ReincarnationSword","floor":22},{"not_picked":["SanzenSekai","LifeCuttingSword"],"picked":"LotusPostureSlash","floor":25},{"not_picked":["ConstancyOfTheConventionalTruth","PhosphoricSlash"],"picked":"LifeCuttingSword","floor":28},{"not_picked":["HesitationCuttingSword","KarmicPunishmentOfTheIdleAndUnfocused","PreachingAvici"],"picked":"SKIP","floor":29},{"not_picked":["SlashOfSaigyouSpringWind","FastingOfTheYoungPreta"],"picked":"ReincarnationSword","floor":33},{"not_picked":["SlashOfMeditation+1","ThreeKonsSevenHakus"],"picked":"SwordOfBindingDesires","floor":35},{"not_picked":["PreachingAvici+1","FlashingScatteredFlowers"],"picked":"PhosphoricSlash+1","floor":37},{"not_picked":["ObsessionSword","LowerRealmReflectionSlash"],"picked":"SpiritMediumsBind+1","floor":38},{"not_picked":["DispleasureOfTheSevenHakus","FlashingScatteredFlowers"],"picked":"RapidSlash+1","floor":44},{"not_picked":["TwoHundredYojanaInOneSlash","ObsessionWithThePresentWorld"],"picked":"ReincarnationSword","floor":48}],"player_experience":96303,"relics_obtained":[{"floor":2.0,"key":"REME_HourglassOfDeath"},{"floor":9.0,"key":"AT_SpeedBoots"},{"floor":25,"key":"Replay:Kaleidoscope"},{"floor":26,"key":"Omamori"},{"floor":37,"key":"Gensokyo:MosesMiracle"},{"floor":43,"key":"Akabeko"},{"floor":46,"key":"Chameleon Ring"}],"event_choices":[],"is_beta":false,"boss_relics":[{"not_picked":["REME_DuelDisc","REME_DemonsWealth"],"picked":"Sozu"},{"not_picked":["Coffee Dripper","Busted Crown"],"picked":"reliquary:ThirdArm"}],"items_purged_floors":[13,21],"is_endless":false,"potions_floor_spawned":[7,12,16,18,28,37,44,48],"ascension_level":0}}