{"host":"0awa854l6bexpjrv","time":1613456801,"event":{"mods":["BaseMod","Block Reminder","Colored Map","Colored Powertips","Downfall","Highlight Path","Minty Spire (QoL Compilation)","Quick Restart","Rare Cards Sparkle","StSLib","SuperFastMode"],"gold_per_floor":[111,14,14,32,50,50,24,56,56,69,83,98,198,217,217,321,321,336,13,33,33,33,33,45,45,70,70,25,60,84,96,96,192,192,205,205,221,221,233,233,233,233],"floor_reached":41,"language":"ENG","playtime":2027,"items_purged":["Strike_B","Strike_B"],"score":475,"play_id":"81dfecb4-37c1-48c9-b3e9-81d480d6ff8e","local_time":"20210215222641","is_ascension_mode":true,"campfire_choices":[{"data":"Dark Shackles","floor":6.0,"key":"SMITH"},{"data":"Streamline","floor":15.0,"key":"SMITH"},{"data":"Machine Learning","floor":23,"key":"SMITH"},{"data":"Electrodynamics","floor":25,"key":"SMITH"},{"data":"Zap","floor":27,"key":"SMITH"},{"data":"Beam Cell","floor":32,"key":"SMITH"},{"data":"Hyperbeam","floor":40,"key":"SMITH"}],"circlet_count":0,"master_deck":["Strike_B","Strike_B","Defend_B","Defend_B","Defend_B","Defend_B","Zap+1","Dualcast","Dark Shackles+1","Streamline+1","Stack","Steam+1","Coolheaded+1","Conserve Battery+1","Electrodynamics+1","Redo+1","Turbo+1","Auto Shields+1","Doom and Gloom","Machine Learning+1","Self Repair+1","Apotheosis+1","Chaos+1","Coolheaded+1","Necronomicurse","Recycle+1","Turbo+1","Buffer+1","Beam Cell+1","Hyperbeam+1","Loop+1","Madness+1","Madness+1","Streamline+1"],"relics":["FrozenCore","Toxic Egg 2","Blood Vial","Eternal Feather","SlaversCollar","Necronomicon","Nunchaku","Peace Pipe","Smiling Mask"],"acts_visited":["Exordium","TheCity","TheBeyond"],"potions_floor_usage":[18,41],"damage_taken":[{"damage":4.0,"enemies":"2 Louse","floor":1.0,"turns":2.0},{"damage":1.0,"enemies":"Cultist","floor":4.0,"turns":3.0},{"damage":9.0,"enemies":"Jaw Worm","floor":5.0,"turns":6.0},{"damage":3.0,"enemies":"Lagavulin","floor":8.0,"turns":7.0},{"damage":0.0,"enemies":"Looter","floor":10.0,"turns":4.0},{"damage":0.0,"enemies":"Blue Slaver","floor":11.0,"turns":4.0},{"damage":0.0,"enemies":"Large Slime","floor":12.0,"turns":4.0},{"damage":0.0,"enemies":"Gremlin Gang","floor":14.0,"turns":4.0},{"damage":4.0,"enemies":"The Guardian","floor":16.0,"turns":10.0},{"damage":0,"enemies":"3 Byrds","floor":18,"turns":4},{"damage":3,"enemies":"Shell Parasite","floor":20,"turns":5},{"damage":1,"enemies":"Chosen and Byrds","floor":24,"turns":5},{"damage":30,"enemies":"Book of Stabbing","floor":29,"turns":6},{"damage":16,"enemies":"Snake Plant","floor":31,"turns":3},{"damage":17,"enemies":"Automaton","floor":33,"turns":10},{"damage":9,"enemies":"Orb Walker","floor":35,"turns":4},{"damage":6,"enemies":"3 Darklings","floor":37,"turns":4},{"damage":8,"enemies":"Transient","floor":39,"turns":5},{"damage":23,"enemies":"Nemesis","floor":41,"turns":6}],"seed_played":"6181095574982392697","potions_obtained":[{"floor":5.0,"key":"Weak Potion"},{"floor":8.0,"key":"PowerPotion"},{"floor":16.0,"key":"AttackPotion"},{"floor":31,"key":"FairyPotion"},{"floor":35,"key":"FearPotion"}],"is_trial":false,"path_per_floor":["M","$","?","M","M","R","$","E","T","M","M","M","?","M","R","B",null,"M","$","M","?","?","R","M","R","T","R","$","E","T","M","R","B",null,"M","?","M","?","M","R","E"],"character_chosen":"DEFECT","items_purchased":["Stack","Conserve Battery+1","Apotheosis+1","Chaos+1","Turbo+1"],"campfire_rested":0,"item_purchase_floors":[2,7,19,19,28],"current_hp_per_floor":[71,71,68,67,58,58,58,55,55,57,59,61,61,63,75,71,75,75,75,72,56,56,71,75,75,75,75,75,55,55,41,56,41,75,75,66,62,62,66,75,52,52],"gold":233,"neow_bonus":"RANDOM_COLORLESS","is_daily":false,"chose_seed":false,"campfire_upgraded":7,"win_rate":0.0,"timestamp":1613456801,"path_taken":["M","$","?","M","M","R","$","E","T","M","M","M","?","M","R","BOSS","M","$","?","?","?","R","M","R","T","R","?","E","?","M","R","BOSS","M","?","M","?","M","R","E"],"items_purchased_type":["Card","Card","Card","Card","Card"],"build_version":"2020-12-22","purchased_purges":2,"victory":false,"max_hp_per_floor":[75,75,75,75,75,75,75,75,75,75,75,75,75,75,75,75,75,75,75,75,75,75,75,75,75,75,75,75,75,75,75,75,75,75,75,75,75,75,75,75,75,75],"card_choices":[{"not_picked":["Impatience","Forethought"],"picked":"Dark Shackles","floor":0.0},{"not_picked":["Leap","Turbo"],"picked":"Streamline","floor":1.0},{"not_picked":["Beam Cell","Loop"],"picked":"Steam+1","floor":4.0},{"not_picked":["Rebound","Compile Driver"],"picked":"Coolheaded+1","floor":5.0},{"not_picked":["Coolheaded+1","Stack+1"],"picked":"Electrodynamics","floor":8.0},{"not_picked":["Gash","Rebound"],"picked":"Redo+1","floor":10.0},{"not_picked":["FTL","Compile Driver"],"picked":"Turbo+1","floor":11.0},{"not_picked":["Rebound","Sweeping Beam"],"picked":"Auto Shields+1","floor":12.0},{"not_picked":["Gash","Beam Cell"],"picked":"Doom and Gloom","floor":14.0},{"not_picked":["Buffer","Thunder Strike"],"picked":"Machine Learning","floor":16.0},{"not_picked":["Steam+1","Rebound"],"picked":"Self Repair+1","floor":18},{"not_picked":["Blizzard","Steam+1"],"picked":"Coolheaded+1","floor":20},{"not_picked":["Turbo+1","Lockon"],"picked":"Recycle+1","floor":24},{"not_picked":["Stack+1","Undo+1"],"picked":"Buffer","floor":29},{"not_picked":["Doom and Gloom","Hologram+1"],"picked":"Beam Cell","floor":31},{"not_picked":["All For One","Thunder Strike"],"picked":"Hyperbeam","floor":33},{"not_picked":["Scrape","Storm+1"],"picked":"Loop+1","floor":35},{"not_picked":["FTL","Steam Power+1"],"picked":"Streamline+1","floor":37},{"not_picked":["Barrage+1","Redo+1","Streamline"],"picked":"SKIP","floor":39}],"player_experience":781056,"relics_obtained":[{"floor":8.0,"key":"Blood Vial"},{"floor":9.0,"key":"Eternal Feather"},{"floor":21,"key":"Necronomicon"},{"floor":26,"key":"Nunchaku"},{"floor":29,"key":"Peace Pipe"},{"floor":30,"key":"Smiling Mask"}],"event_choices":[{"damage_healed":0.0,"max_hp_gain":0.0,"max_hp_loss":0.0,"gold_gain":0.0,"event_name":"Scrap Ooze","player_choice":"Success","floor":3.0,"gold_loss":0.0,"damage_taken":3.0,"relics_obtained":["Toxic Egg 2"]},{"damage_healed":0.0,"max_hp_gain":0.0,"max_hp_loss":0.0,"gold_gain":100.0,"event_name":"Golden Shrine","player_choice":"Pray","floor":13.0,"gold_loss":0.0,"damage_taken":0.0},{"damage_healed":0,"gold_gain":0,"player_choice":"Obtained Book","damage_taken":16,"max_hp_gain":0,"max_hp_loss":0,"event_name":"Cursed Tome","floor":21,"gold_loss":0},{"damage_healed":0,"gold_gain":0,"player_choice":"Ignored","damage_taken":0,"max_hp_gain":0,"max_hp_loss":0,"event_name":"Ghosts","floor":22,"gold_loss":0},{"damage_healed":0,"gold_gain":0,"player_choice":"Embrace Madness","damage_taken":9,"max_hp_gain":0,"max_hp_loss":0,"event_name":"Winding Halls","floor":36,"gold_loss":0,"cards_obtained":["Madness","Madness"]},{"damage_healed":0,"gold_gain":0,"player_choice":"Upgraded","damage_taken":0,"max_hp_gain":0,"max_hp_loss":0,"event_name":"Upgrade Shrine","floor":38,"gold_loss":0,"cards_upgraded":["Buffer"]}],"is_beta":false,"boss_relics":[{"not_picked":["Calling Bell","Velvet Choker"],"picked":"SlaversCollar"},{"not_picked":["Fusion Hammer","SacredBark"],"picked":"FrozenCore"}],"items_purged_floors":[2,19],"is_endless":false,"potions_floor_spawned":[5,8,16,31,35],"killed_by":"Nemesis","ascension_level":3}}