{"host":"qxt9611uhnemh1bn","time":1613448174,"event":{"mods":["AchievementEnabler","BaseMod","Minty Spire (QoL Compilation)","StSLib"],"gold_per_floor":[112,112,136,211,225,265,265,289,289,289,312,362,31,51,51,174,174,174,174],"floor_reached":18,"language":"ENG","playtime":449,"items_purged":[],"score":162,"play_id":"64a1f402-6620-4b77-961b-b9c9f1d60588","local_time":"20210215220254","is_ascension_mode":false,"campfire_choices":[{"floor":7,"key":"REST"},{"data":"Uppercut","floor":10,"key":"SMITH"},{"data":"Mayhem","floor":15,"key":"SMITH"}],"circlet_count":0,"master_deck":["Strike_R","Strike_R","Strike_R","Strike_R","Strike_R","Defend_R","Defend_R","Defend_R","Defend_R","Bash","Shrug It Off","Sword Boomerang","Pummel","Impervious","Uppercut+1","True Grit","Carnage","Mayhem+1","Metallicize","Reaper"],"relics":["Black Blood","Golden Idol","Prayer Wheel","InkBottle","Strawberry"],"acts_visited":["Exordium","TheCity"],"potions_floor_usage":[16],"damage_taken":[{"damage":6,"enemies":"Jaw Worm","floor":1,"turns":6},{"damage":0,"enemies":"Small Slimes","floor":3,"turns":3},{"damage":6,"enemies":"Cultist","floor":5,"turns":4},{"damage":62,"enemies":"Gremlin Nob","floor":6,"turns":6},{"damage":10,"enemies":"Looter","floor":8,"turns":4},{"damage":12,"enemies":"Blue Slaver","floor":11,"turns":4},{"damage":14,"enemies":"3 Louse","floor":14,"turns":3},{"damage":19,"enemies":"Hexaghost","floor":16,"turns":12},{"damage":0,"enemies":"3 Byrds","floor":18,"turns":1}],"seed_played":"5591721863965136128","potions_obtained":[{"floor":6,"key":"ElixirPotion"},{"floor":11,"key":"SkillPotion"},{"floor":14,"key":"Strength Potion"}],"is_trial":false,"path_per_floor":["M","?","M","?","M","E","R","M","T","R","M","?","$","M","R","B",null,"M"],"character_chosen":"IRONCLAD","items_purchased":["Strawberry","Mayhem"],"campfire_rested":1,"item_purchase_floors":[13,13],"current_hp_per_floor":[88,81,81,70,70,14,38,34,34,34,28,28,35,27,27,14,88,88,88],"gold":174,"neow_bonus":"TEN_PERCENT_HP_BONUS","is_daily":false,"chose_seed":false,"campfire_upgraded":2,"win_rate":0.0,"timestamp":1613448174,"path_taken":["M","?","M","?","M","E","R","M","T","R","M","?","$","M","R","BOSS","M"],"items_purchased_type":["Relic","Card"],"build_version":"2020-12-22","purchased_purges":0,"victory":false,"max_hp_per_floor":[88,81,81,81,81,81,81,81,81,81,81,81,88,88,88,88,88,88,88],"card_choices":[{"not_picked":["Warcry","Headbutt"],"picked":"Shrug It Off","floor":1},{"not_picked":["Iron Wave","Perfected Strike","Body Slam"],"picked":"SKIP","floor":3},{"not_picked":["Clothesline","Anger"],"picked":"Sword Boomerang","floor":5},{"not_picked":["Flex","Heavy Blade"],"picked":"Pummel","floor":6},{"not_picked":["Headbutt","Pommel Strike"],"picked":"Impervious","floor":8},{"not_picked":["Heavy Blade","Sever Soul"],"picked":"Uppercut","floor":8},{"not_picked":["Havoc","Infernal Blade"],"picked":"True Grit","floor":11},{"not_picked":["Armaments","Iron Wave"],"picked":"Carnage","floor":11},{"not_picked":["Dual Wield","Rupture"],"picked":"Metallicize","floor":14},{"not_picked":["Sword Boomerang","Blood for Blood","Rupture"],"picked":"SKIP","floor":14},{"not_picked":["Brutality","Double Tap"],"picked":"Reaper","floor":16}],"player_experience":250731,"relics_obtained":[{"floor":6,"key":"Prayer Wheel"},{"floor":9,"key":"InkBottle"}],"event_choices":[{"damage_healed":0,"gold_gain":0,"player_choice":"Lose Max HP","damage_taken":0,"relics_obtained":["Golden Idol"],"max_hp_gain":0,"max_hp_loss":7,"event_name":"Golden Idol","floor":2,"gold_loss":0},{"damage_healed":0,"gold_gain":75,"player_choice":"Gather Gold","damage_taken":11,"max_hp_gain":0,"max_hp_loss":0,"event_name":"World of Goop","floor":4,"gold_loss":0},{"damage_healed":0,"gold_gain":50,"player_choice":"Gained Gold","damage_taken":0,"max_hp_gain":0,"max_hp_loss":0,"event_name":"Golden Wing","floor":12,"gold_loss":0}],"is_beta":false,"boss_relics":[{"not_picked":["Philosopher\u0027s Stone","Astrolabe"],"picked":"Black Blood"}],"items_purged_floors":[],"is_endless":false,"potions_floor_spawned":[6,11,14],"killed_by":"3 Byrds","ascension_level":0}}