{"host":"plbsiuh3vwan8ocg","time":1613450784,"event":{"mods":["BaseMod","Downfall","Minty Spire (QoL Compilation)","Quick Restart","StSLib"],"gold_per_floor":[399,399,419,429,429,65,65,93,105,5,5,22,22,40,60,60,60,60],"floor_reached":16,"language":"ENG","playtime":1105,"items_purged":[],"score":101,"play_id":"2d87968f-6aab-4552-8bcb-94f18481d854","local_time":"20210215234624","is_ascension_mode":false,"campfire_choices":[{"floor":1,"key":"RECALL"},{"floor":10,"key":"REST"},{"data":"expansioncontent:StudyTheSpire","floor":13,"key":"SMITH"}],"circlet_count":0,"master_deck":["bronze:Strike","bronze:Strike","bronze:Strike","bronze:Strike","bronze:Defend","bronze:Defend","bronze:Defend","bronze:Defend","bronze:Replicate","bronze:Goto","bronze:WhirlingStrike","bronze:FineTuning","bronze:Optimize","bronze:BitShift","expansioncontent:StudyTheSpire+1","bronze:DelayedSlice","bronze:Overheat","bronze:Terminator","bronze:Repulsor","bronze:Invalidate"],"relics":["bronze:BronzeCore","Old Coin","Sling","Blue Candle","Centennial Puzzle","downfall:HeartBlessingRed","Spirit Poop"],"acts_visited":["Exordium"],"potions_floor_usage":[8,12,15,16],"damage_taken":[{"damage":3,"enemies":"Small Slimes","floor":3,"turns":4},{"damage":6,"enemies":"Jaw Worm","floor":4,"turns":2},{"damage":0,"enemies":"Cultist","floor":5,"turns":1},{"damage":0,"enemies":"downfall:FleeingMerchant","floor":6,"turns":4},{"damage":8,"enemies":"3 Sentries","floor":8,"turns":7},{"damage":8,"enemies":"Gremlin Gang","floor":9,"turns":2},{"damage":2,"enemies":"downfall:LooterAlt","floor":12,"turns":3},{"damage":10,"enemies":"Exordium Thugs","floor":14,"turns":2},{"damage":11,"enemies":"Lots of Slimes","floor":15,"turns":2},{"damage":66,"enemies":"DF_ARCHETYPE_STREAMLINE","floor":16,"turns":6}],"seed_played":"-7111284398168181213","potions_obtained":[{"floor":4,"key":"SkillPotion"},{"floor":9,"key":"SkillPotion"},{"floor":12,"key":"bronze:BurnAndBuffPotion"},{"floor":14,"key":"GamblersBrew"}],"is_trial":false,"path_per_floor":["R","?","M","M","M","$","T","E","M","R","?","M","R","M","M","B"],"character_chosen":"THE_AUTOMATON","items_purchased":["expansioncontent:StudyTheSpire","Sling"],"campfire_rested":1,"item_purchase_floors":[6,6],"current_hp_per_floor":[70,70,67,61,61,61,61,53,45,66,66,64,64,54,43,0,0,0],"gold":60,"neow_bonus":"ONE_RARE_RELIC","is_daily":false,"chose_seed":false,"campfire_upgraded":1,"win_rate":0.0,"timestamp":1613450784,"path_taken":["R","?","M","M","M","$","T","E","M","R","?","?","R","M","M","BOSS"],"items_purchased_type":["Card","Relic"],"build_version":"2020-12-22","purchased_purges":0,"victory":false,"max_hp_per_floor":[70,70,70,70,70,70,70,70,70,70,70,70,70,70,70,70,70,70],"card_choices":[{"not_picked":["bronze:Fortify","bronze:NullPointer"],"picked":"bronze:WhirlingStrike","floor":3},{"not_picked":["bronze:Overload","bronze:Frontload"],"picked":"bronze:FineTuning","floor":4},{"not_picked":["bronze:Constructor","bronze:Safeguard"],"picked":"bronze:Optimize","floor":5},{"not_picked":["bronze:DarkDash","bronze:ForceShield"],"picked":"bronze:BitShift","floor":6},{"not_picked":["bronze:Overheat","bronze:DelayedGuard"],"picked":"bronze:DelayedSlice","floor":8},{"not_picked":["bronze:Shell","bronze:Separator"],"picked":"bronze:Overheat","floor":9},{"not_picked":["bronze:DelayedGuard","bronze:Iterate"],"picked":"bronze:Terminator","floor":12},{"not_picked":["bronze:Invalidate","bronze:Safeguard"],"picked":"bronze:Repulsor","floor":14},{"not_picked":["bronze:BronzeArmor","bronze:Overheat"],"picked":"bronze:Invalidate","floor":15}],"player_experience":535411,"relics_obtained":[{"floor":7,"key":"Blue Candle"},{"floor":8,"key":"Centennial Puzzle"}],"event_choices":[{"cards_removed":["downfall:Haunted"],"damage_healed":0,"gold_gain":0,"player_choice":"Offered Curse","damage_taken":0,"relics_obtained":["Spirit Poop"],"max_hp_gain":0,"max_hp_loss":0,"event_name":"Bonfire Elementals","floor":11,"gold_loss":0}],"is_beta":false,"boss_relics":[],"items_purged_floors":[],"is_endless":false,"potions_floor_spawned":[4,9,12,14],"killed_by":"DF_ARCHETYPE_STREAMLINE","ascension_level":0}}