{"host":"bplbr8uekuotory4","time":1613483177,"event":{"mods":["Act Like it!","BaseMod","GungeonMod","Hermit","KinomotoSakuraMod(木之本樱)","Marisa（F雨　魔理沙）","Minty Spire (QoL Compilation)","Prisma Mod","Quick Restart","Reimu（博丽灵梦）","SOS（斯巴达之子）","Spicy Shops","StSLib","TestMod","The Blackbeard","The Cursed","The Mystic","The Saiyan","The Senshi","The Servant 0.9.4","Yuri Mod","[IsaacMod]以撒尖塔"],"gold_per_floor":[214,273,273,323,340,372,372,141,141,158,158,192,192,224,224,315,315,351,18,46,145,145,192,218,93,93,467,519,567,604,626,626,726,726,749,1748,1748,346,372,414,814,814,814,863,863,863,892,892,892,905,905,905,103,143,174],"floor_reached":56,"language":"ZHS","playtime":1521,"items_purged":["blackbeard:Cutlass","blackbeard:BlackbeardStrike","blackbeard:BlackbeardDefend","blackbeard:BlackbeardDefend","blackbeard:BlackbeardStrike","blackbeard:BlackbeardDefend","Normality","blackbeard:RearmingStrike","blackbeard:BlackbeardStrike","blackbeard:BlackbeardDefend"],"score":2762,"play_id":"42157872-9ffa-4b52-b825-a80cbf60e829","local_time":"20210216214617","is_ascension_mode":true,"campfire_choices":[{"data":"blackbeard:InfiniteBarrage","floor":7,"key":"SMITH"},{"data":"blackbeard:TheDrunkenSailor","floor":11,"key":"SMITH"},{"data":"blackbeard:CannonBarrage","floor":13,"key":"SMITH"},{"data":"blackbeard:CatONineTails","floor":15,"key":"SMITH"},{"data":"blackbeard:CaptainsHat","floor":32,"key":"SMITH"},{"data":"blackbeard:CaptainsCabin","floor":42,"key":"SMITH"},{"data":"blackbeard:Lifeboat","floor":46,"key":"SMITH"},{"floor":49,"key":"RECALL"},{"data":"blackbeard:GoldenStrike","floor":52,"key":"SMITH"}],"circlet_count":0,"master_deck":["AscendersBane","blackbeard:BlackbeardStrike","blackbeard:IntimidatingStrike","blackbeard:CannonBarrage+1","blackbeard:TheDrunkenSailor+1","blackbeard:InfiniteBarrage+1","blackbeard:TacticalRetreat+1","blackbeard:CatONineTails+1","blackbeard:CaptainsHat+1","blackbeard:Toast+1","blackbeard:CaptainsCabin+1","blackbeard:GoldenStrike+1","blackbeard:Lifeboat+1","blackbeard:PiratesWill+1"],"relics":["blackbeard:LoadTheCannons","HushsDoor","DeathBook","testmod-OneHitWonder","Regal Pillow","testmod-Motorcycle","Boot","SalivaCoin","Lee\u0027s Waffle","testmod-DragonStarHat","testmod-DeterminationOfClimber","GuppysHead","RottenBaby","D6","Toolbox","testmod-RandomTest","BloodDonationMachine","testmod-IndustrialRevolution","Gremlin Horn","DemoMod:GlassGuonStoneRelic","blackbeard:Karategi","SatanicBible","GuppysCollar","GuppysTail","Matryoshka","DemoMod:PinkGuonStone","TentaclePot:ReiMu","NineVolt","DemoMod:ClearGuonStone","Oddly Smooth Stone","Prayer Wheel","Kunai","SteamSale","DemoMod:MonsterBlood","Chemical X","Medical Kit","AnarchistCookbook","HornCleat","blackbeard:Penknife"],"acts_visited":["Exordium","TheCity","TheBeyond","TheEnding"],"potions_floor_usage":[6,6,55],"damage_taken":[{"damage":0,"enemies":"Small Slimes","floor":1,"turns":3},{"damage":27,"enemies":"Hiden Room Battle","floor":4,"turns":3},{"damage":0,"enemies":"Cultist","floor":5,"turns":2},{"damage":4,"enemies":"Gremlin Nob","floor":6,"turns":6},{"damage":11,"enemies":"Jaw Worm","floor":10,"turns":3},{"damage":19,"enemies":"Looter","floor":12,"turns":3},{"damage":0,"enemies":"3 Sentries","floor":14,"turns":1},{"damage":20,"enemies":"Slime Boss","floor":16,"turns":7},{"damage":8,"enemies":"Chosen","floor":18,"turns":3},{"damage":8,"enemies":"2 Thieves","floor":20,"turns":2},{"damage":0,"enemies":"Gremlin Leader","floor":23,"turns":3},{"damage":0,"enemies":"Snecko","floor":24,"turns":1},{"damage":13,"enemies":"Centurion and Healer","floor":27,"turns":2},{"damage":0,"enemies":"Book of Stabbing","floor":29,"turns":1},{"damage":7,"enemies":"Chosen and Byrds","floor":30,"turns":2},{"damage":0,"enemies":"Snake Plant","floor":31,"turns":1},{"damage":0,"enemies":"Champ","floor":33,"turns":2},{"damage":0,"enemies":"Orb Walker","floor":35,"turns":1},{"damage":0,"enemies":"3 Shapes","floor":39,"turns":1},{"damage":0,"enemies":"Nemesis","floor":40,"turns":1},{"damage":0,"enemies":"Reptomancer","floor":44,"turns":1},{"damage":0,"enemies":"3 Darklings","floor":47,"turns":1},{"damage":0,"enemies":"Time Eater","floor":50,"turns":2},{"damage":0,"enemies":"Shield and Spear","floor":54,"turns":1},{"damage":0,"enemies":"The Heart","floor":55,"turns":3}],"seed_played":"4045867797706498979","potions_obtained":[{"floor":1,"key":"blackbeard:OrangeJuicePotion"},{"floor":5,"key":"DemoMod:LeadSkinPotion"},{"floor":6,"key":"Regen Potion"},{"floor":40,"key":"PowerPotion"}],"is_trial":false,"path_per_floor":["M","?","?","?","M","E","R","$","T","M","R","M","R","E","R","B",null,"M","$","M","?","?","E","M","$","T","M","T","E","M","M","R","B",null,"M","?","?","$","M","E","?","R","T","E","?","R","M","?","R","B",null,"R","$","E","B",null],"character_chosen":"BLACKBEARD_CLASS","items_purchased":["Lee\u0027s Waffle","GuppysHead","RottenBaby","D6","Toolbox","SatanicBible","GuppysCollar","GuppysTail","Matryoshka","DemoMod:PinkGuonStone","TentaclePot:ReiMu","NineVolt","SteamSale","DemoMod:MonsterBlood","Chemical X","Medical Kit","AnarchistCookbook","HornCleat"],"campfire_rested":0,"item_purchase_floors":[8,17,17,19,19,34,34,38,38,38,38,38,53,53,53,53,53,53],"current_hp_per_floor":[64,49,46,4,4,16,16,78,78,67,67,48,48,48,48,28,42,38,38,38,38,38,47,47,47,47,18,18,32,35,47,47,47,8,8,8,8,15,15,15,15,15,15,15,15,15,15,15,15,15,15,15,22,22,22],"gold":174,"neow_bonus":"HUNDRED_GOLD","is_daily":false,"chose_seed":false,"campfire_upgraded":8,"win_rate":0.0,"timestamp":1613483177,"path_taken":["M","?","?","?","M","E","R","?","T","?","R","M","R","E","R","BOSS","M","$","M","?","?","E","?","?","T","M","?","E","?","M","R","BOSS","M","?","?","$","M","E","?","R","T","E","?","R","?","?","R","BOSS","R","$","E","BOSS"],"items_purchased_type":["Relic","Relic","Relic","Relic","Relic","Relic","Relic","Relic","Relic","Relic","Relic","Relic","Relic","Relic","Relic","Relic","Relic","Relic"],"build_version":"2020-12-22","purchased_purges":10,"victory":true,"max_hp_per_floor":[71,71,71,71,71,71,71,78,78,78,78,78,78,78,78,78,47,47,47,47,47,47,47,47,47,47,47,47,47,47,47,47,47,8,8,8,8,15,15,15,15,15,15,15,15,15,15,15,15,15,15,15,22,22,22],"card_choices":[{"not_picked":["blackbeard:FieryDefense","blackbeard:GoldenCannonball"],"picked":"blackbeard:CannonBarrage","floor":1},{"not_picked":["blackbeard:RemoveScurvy","blackbeard:Fencing"],"picked":"blackbeard:RearmingStrike","floor":4},{"not_picked":["blackbeard:RemoveScurvy","blackbeard:WeaponProficiency"],"picked":"blackbeard:TheDrunkenSailor","floor":5},{"not_picked":["blackbeard:Recklessness","blackbeard:JollyRoger"],"picked":"blackbeard:InfiniteBarrage","floor":6},{"not_picked":["blackbeard:WiseDefense","blackbeard:CannonBarrage"],"picked":"Bomb","floor":10},{"not_picked":["blackbeard:RearmingStrike","blackbeard:BuriedTreasure"],"picked":"blackbeard:TacticalRetreat","floor":12},{"not_picked":["blackbeard:Sharpening","blackbeard:UndeadForm"],"picked":"blackbeard:CatONineTails","floor":14},{"not_picked":["blackbeard:Lifeboat","blackbeard:Parrot"],"picked":"blackbeard:CaptainsHat","floor":16},{"not_picked":["blackbeard:SwordDance","blackbeard:ChaoticDefense+1","blackbeard:Provisioning"],"picked":"SKIP","floor":18},{"not_picked":["blackbeard:BlindAttacks","blackbeard:FieryDefense"],"picked":"blackbeard:Toast+1","floor":20},{"not_picked":["blackbeard:Sharpening","blackbeard:BeatUp","blackbeard:SwordDance"],"picked":"SKIP","floor":23},{"not_picked":["blackbeard:BeatUp","blackbeard:RearmingStrike","blackbeard:BlindAttacks"],"picked":"SKIP","floor":24},{"not_picked":["blackbeard:VengefulSpirit","blackbeard:GoldenStrike"],"picked":"blackbeard:CaptainsCabin","floor":27},{"not_picked":["blackbeard:Sword+1","blackbeard:SwordDance+1"],"picked":"blackbeard:GoldenStrike","floor":29},{"not_picked":["blackbeard:VengefulSpirit","blackbeard:DeadlyArsenal","blackbeard:CloakAndCannonball"],"picked":"SKIP","floor":30},{"not_picked":["blackbeard:CannonBarrage","blackbeard:FishingNets","blackbeard:Toast"],"picked":"SKIP","floor":31},{"not_picked":["blackbeard:HumongousCannonball","blackbeard:PirateStrength"],"picked":"blackbeard:Lifeboat","floor":33},{"not_picked":["blackbeard:FieryDefense","blackbeard:Fencing","blackbeard:DeadlyArsenal"],"picked":"SKIP","floor":35},{"not_picked":["blackbeard:CloakAndCannonball","blackbeard:SwordDance+1","blackbeard:DeadlyArsenal"],"picked":"SKIP","floor":39},{"not_picked":["blackbeard:JollyRoger","blackbeard:PirateHook","blackbeard:Spear"],"picked":"SKIP","floor":40},{"not_picked":["blackbeard:Rum","blackbeard:Provisioning","blackbeard:TerrorOfTheSeas"],"picked":"SKIP","floor":44},{"not_picked":["blackbeard:Sword","blackbeard:GoldenStrike","blackbeard:CloakAndCannonball"],"picked":"SKIP","floor":47},{"not_picked":["blackbeard:CloakAndCannonball+1","blackbeard:CannonBarrage","blackbeard:Rum"],"picked":"SKIP","floor":47},{"not_picked":["blackbeard:Salvager","blackbeard:SwordDance+1"],"picked":"blackbeard:PiratesWill+1","floor":54}],"player_experience":1144299,"relics_obtained":[{"floor":4,"key":"testmod-Motorcycle"},{"floor":4,"key":"Boot"},{"floor":6,"key":"SalivaCoin"},{"floor":14,"key":"testmod-DragonStarHat"},{"floor":23,"key":"testmod-RandomTest"},{"floor":26,"key":"BloodDonationMachine"},{"floor":28,"key":"testmod-IndustrialRevolution"},{"floor":29,"key":"Gremlin Horn"},{"floor":40,"key":"DemoMod:ClearGuonStone"},{"floor":43,"key":"Oddly Smooth Stone"},{"floor":43,"key":"Prayer Wheel"},{"floor":44,"key":"Kunai"},{"floor":54,"key":"blackbeard:Penknife"}],"event_choices":[{"damage_healed":0,"gold_gain":0,"player_choice":"Success","damage_taken":3,"relics_obtained":["Regal Pillow"],"max_hp_gain":0,"max_hp_loss":0,"event_name":"Scrap Ooze","floor":3,"gold_loss":0},{"damage_healed":0,"gold_gain":0,"player_choice":"Fight","damage_taken":0,"max_hp_gain":0,"max_hp_loss":0,"event_name":"HidenRoomEvent","floor":4,"gold_loss":0},{"damage_healed":0,"gold_gain":99,"player_choice":"Stole From Cult","damage_taken":0,"max_hp_gain":0,"max_hp_loss":0,"event_name":"Nest","floor":21,"gold_loss":0},{"damage_healed":0,"gold_gain":0,"player_choice":"0 cards matched","damage_taken":0,"max_hp_gain":0,"max_hp_loss":0,"event_name":"Match and Keep!","floor":22,"gold_loss":0,"cards_obtained":[]},{"damage_healed":0,"gold_gain":999,"player_choice":"Gold","damage_taken":0,"max_hp_gain":0,"max_hp_loss":0,"event_name":"MindBloom","floor":36,"gold_loss":0,"cards_obtained":["Normality","Normality"]},{"cards_removed":["Normality"],"damage_healed":0,"gold_gain":0,"player_choice":"Purged","damage_taken":0,"max_hp_gain":0,"max_hp_loss":0,"event_name":"Purifier","floor":37,"gold_loss":0},{"damage_healed":0,"gold_gain":400,"player_choice":"Sell","damage_taken":0,"max_hp_gain":0,"max_hp_loss":0,"event_name":"恩洛斯的盘子","floor":41,"relics_lost":["testmod-TestBox"],"gold_loss":0},{"damage_healed":0,"gold_gain":0,"player_choice":"Ignored","damage_taken":0,"max_hp_gain":0,"max_hp_loss":0,"event_name":"Duplicator","floor":45,"gold_loss":0},{"damage_healed":0,"gold_gain":0,"player_choice":"Forge","damage_taken":0,"max_hp_gain":0,"max_hp_loss":0,"event_name":"Accursed Blacksmith","floor":48,"gold_loss":0,"cards_upgraded":["blackbeard:TacticalRetreat"]}],"is_beta":false,"boss_relics":[{"not_picked":["Coffee Dripper","testmod-BloodSacrificeSpiritualization"],"picked":"testmod-DeterminationOfClimber"},{"not_picked":[]},{"not_picked":["testmod-TimeTraveler","blackbeard:LoadTheGoldenCannons"],"picked":"blackbeard:Karategi"},{"not_picked":[]}],"items_purged_floors":[8,17,19,25,34,34,38,38,53,53],"is_endless":false,"potions_floor_spawned":[1,5,6,20,24,30,40,44],"ascension_level":14}}