{"host":"zsnmfqgcm92hlreo","time":1613466289,"event":{"mods":["AchievementEnabler","BaseMod","Bestiary","Block Reminder","Colored Map","Colored Powertips","Filter the Spire","Minty Spire (QoL Compilation)","Permanent Neow","Quick Restart","Relic Stats","StSLib","Weighted Paths"],"gold_per_floor":[112,128,128,147,147,147,182,182,182,182,197,197,235,251,251,350,350,364,379,323,347,367,367,156,156,156,36,54,85,85,85,85],"floor_reached":31,"language":"ENG","playtime":1040,"items_purged":[],"score":580,"play_id":"4b2abf22-9fc5-47dc-9e02-807ee6788f73","local_time":"20210216030449","is_ascension_mode":true,"campfire_choices":[{"data":"Darkness","floor":6.0,"key":"SMITH"},{"data":"Creative AI","floor":8.0,"key":"SMITH"},{"data":"Buffer","floor":10.0,"key":"SMITH"},{"data":"Darkness","floor":12.0,"key":"SMITH"},{"data":"Sunder","floor":15.0,"key":"SMITH"},{"data":"Coolheaded","floor":23.0,"key":"SMITH"},{"data":"Multi-Cast","floor":25.0,"key":"SMITH"}],"circlet_count":0,"master_deck":["AscendersBane","Zap","Dualcast","Creative AI+1","Darkness+1","Electrodynamics","Reinforced Body","Cold Snap","Reprogram","Reinforced Body","Conserve Battery","Ball Lightning","Buffer+1","Darkness+1","Sunder+1","Cold Snap","Meteor Strike","Reinforced Body+1","Steam Power","Coolheaded+1","Multi-Cast+1","Redo","Glacier","Storm","Skim","Steam Power+1"],"relics":["Pandora\u0027s Box","Golden Idol","Eternal Feather","Akabeko","Meat on the Bone","Cables","Runic Dome","HornCleat"],"acts_visited":["Exordium","TheCity"],"potions_floor_usage":[],"damage_taken":[{"damage":2.0,"enemies":"Jaw Worm","floor":1.0,"turns":4.0},{"damage":7.0,"enemies":"2 Louse","floor":2.0,"turns":2.0},{"damage":0.0,"enemies":"Cultist","floor":4.0,"turns":3.0},{"damage":35.0,"enemies":"Gremlin Nob","floor":7.0,"turns":4.0},{"damage":16.0,"enemies":"Exordium Wildlife","floor":11.0,"turns":3.0},{"damage":0.0,"enemies":"Lagavulin","floor":13.0,"turns":5.0},{"damage":0.0,"enemies":"Large Slime","floor":14.0,"turns":3.0},{"damage":29.0,"enemies":"The Guardian","floor":16.0,"turns":10.0},{"damage":17.0,"enemies":"Shell Parasite","floor":18.0,"turns":5.0},{"damage":0.0,"enemies":"Chosen","floor":19.0,"turns":3.0},{"damage":15.0,"enemies":"Snake Plant","floor":21.0,"turns":4.0},{"damage":0.0,"enemies":"Centurion and Healer","floor":22.0,"turns":7.0},{"damage":10.0,"enemies":"Snecko","floor":28.0,"turns":3.0},{"damage":37.0,"enemies":"Slavers","floor":29.0,"turns":4.0},{"damage":30,"enemies":"Cultist and Chosen","floor":31,"turns":4}],"seed_played":"7207692564598628500","potions_obtained":[{"floor":2.0,"key":"SteroidPotion"},{"floor":7.0,"key":"DuplicationPotion"},{"floor":11.0,"key":"EssenceOfDarkness"},{"floor":29.0,"key":"EssenceOfSteel"}],"is_trial":false,"path_per_floor":["M","M","?","M","T","R","E","R","T","R","M","R","E","M","R","B",null,"M","M","$","M","M","R","$","R","T","$","M","E","?","M"],"character_chosen":"DEFECT","items_purchased":["Coolheaded","Multi-Cast","Redo","Glacier","Storm"],"campfire_rested":0,"item_purchase_floors":[20,24,24,27,27],"current_hp_per_floor":[62,55,55,55,55,61,26,32,32,38,34,40,40,40,49,32,56,39,39,39,36,36,48,48,60,60,60,50,25,25,0,0],"gold":85,"neow_bonus":"BOSS_RELIC","is_daily":false,"chose_seed":false,"campfire_upgraded":7,"win_rate":0.0,"timestamp":1613466289,"path_taken":["M","M","?","M","?","R","E","R","T","R","M","R","E","?","R","BOSS","M","M","$","M","M","R","$","R","T","$","M","E","?","M"],"items_purchased_type":["Card","Card","Card","Card","Card"],"build_version":"2020-12-22","purchased_purges":0,"victory":false,"max_hp_per_floor":[71,71,64,64,64,64,64,64,64,64,64,64,64,64,64,64,64,64,64,64,64,64,64,64,64,64,64,64,64,64,64,64],"relic_stats":{"counters":[15,64],"Golden Idol":70,"Pandora\u0027s Box":["Creative AI","Darkness","Electrodynamics","Reinforced Body","Cold Snap","Reprogram","Reinforced Body","Conserve Battery"],"Eternal Feather":57,"obtain_stats":[{"Runic Dome":17,"HornCleat":29,"Golden Idol":3,"Pandora\u0027s Box":0,"Eternal Feather":5,"Cracked Core":0,"Akabeko":7,"Meat on the Bone":9,"Cables":13},{"Runic Dome":8,"HornCleat":14,"Golden Idol":2,"Pandora\u0027s Box":0,"Eternal Feather":3,"Cracked Core":0,"Akabeko":4,"Meat on the Bone":4,"Cables":6},{"Runic Dome":34,"HornCleat":60,"Golden Idol":6,"Pandora\u0027s Box":0,"Eternal Feather":9,"Cracked Core":0,"Akabeko":13,"Meat on the Bone":13,"Cables":21}],"Meat on the Bone":48,"Cables":[40,9,13,18,0]},"card_choices":[{"not_picked":["Gash","Reinforced Body","Go for the Eyes"],"picked":"SKIP","floor":1.0},{"not_picked":["Rebound","Streamline"],"picked":"Ball Lightning","floor":2.0},{"not_picked":["Steam","Beam Cell","Sweeping Beam"],"picked":"SKIP","floor":4.0},{"not_picked":["Double Energy","Storm"],"picked":"Buffer","floor":7.0},{"not_picked":["Coolheaded","Turbo"],"picked":"Darkness","floor":11.0},{"not_picked":["Go for the Eyes","Hologram"],"picked":"Sunder","floor":13.0},{"not_picked":["Double Energy","Compile Driver"],"picked":"Cold Snap","floor":14.0},{"not_picked":["Buffer","Creative AI"],"picked":"Meteor Strike","floor":16.0},{"not_picked":["Streamline","Leap"],"picked":"Reinforced Body+1","floor":18.0},{"not_picked":["Streamline","Beam Cell"],"picked":"Steam Power","floor":19.0},{"not_picked":["Streamline","Melter","Rebound"],"picked":"SKIP","floor":21.0},{"not_picked":["Stack","Force Field","Hologram"],"picked":"SKIP","floor":22.0},{"not_picked":["Leap","Go for the Eyes"],"picked":"Skim","floor":28.0},{"not_picked":["Lockon","Creative AI"],"picked":"Steam Power+1","floor":29.0}],"player_experience":1163006,"relics_obtained":[{"floor":5.0,"key":"Eternal Feather"},{"floor":7.0,"key":"Akabeko"},{"floor":9.0,"key":"Meat on the Bone"},{"floor":13.0,"key":"Cables"},{"floor":29.0,"key":"HornCleat"}],"event_choices":[{"damage_healed":0.0,"max_hp_gain":0.0,"max_hp_loss":7.0,"gold_gain":0.0,"event_name":"Golden Idol","player_choice":"Lose Max HP","floor":3.0,"gold_loss":0.0,"damage_taken":0.0,"relics_obtained":["Golden Idol"]},{"damage_healed":0,"gold_gain":0,"player_choice":"Ignored","damage_taken":0,"max_hp_gain":0,"max_hp_loss":0,"event_name":"Cursed Tome","floor":30,"gold_loss":0}],"is_beta":false,"boss_relics":[{"not_picked":["Calling Bell","Black Star"],"picked":"Runic Dome"}],"items_purged_floors":[],"is_endless":false,"potions_floor_spawned":[2,7,11,14,18,19,22,29],"killed_by":"Cultist and Chosen","ascension_level":20}}