{"host":"zxd2l8an9de7z7b9","time":1613479062,"event":{"mods":["2.2 Compatiblity","AchievementEnabler","BaseMod","CapriCore","Colored Map","Colored Powertips","Minty Spire (QoL Compilation)","Rare Cards Sparkle","StSLib","SuperFastMode"],"gold_per_floor":[114,129,144,69,69,69,69,49,49,64,64,64,79,79,79,179,179,194,284,299,314,314,314,214,229,254,254,254],"floor_reached":27,"language":"KOR","playtime":1044,"items_purged":["Strike_P","Strike_P"],"score":228,"play_id":"77eb8a76-e41a-44d5-b509-f6011fa1b2c7","local_time":"20210216213742","daily_mods":["Specialized","ControlledChaos","Lethality"],"is_ascension_mode":false,"campfire_choices":[{"data":"CrushJoints","floor":6.0,"key":"SMITH"},{"floor":12.0,"key":"REST"},{"floor":15.0,"key":"REST"},{"data":"Omniscience","floor":23.0,"key":"SMITH"}],"circlet_count":0,"master_deck":["Strike_P","Strike_P","Defend_P","Defend_P","Defend_P+1","Eruption","Vigilance","Pray+1","Pray","Pray","Pray","Pray","CrushJoints+1","ClearTheMind","Evaluate","Prostrate","Omniscience+1","Protect"],"relics":["HolyWater","Frozen Eye","Omamori","War Paint","Bag of Preparation","Tiny Chest"],"acts_visited":["Exordium","TheCity"],"potions_floor_usage":[27,27],"damage_taken":[{"damage":2.0,"enemies":"Small Slimes","floor":1.0,"turns":4.0},{"damage":14.0,"enemies":"Jaw Worm","floor":2.0,"turns":4.0},{"damage":4.0,"enemies":"Cultist","floor":3.0,"turns":3.0},{"damage":23.0,"enemies":"3 Louse","floor":10.0,"turns":4.0},{"damage":0.0,"enemies":"2 Fungi Beasts","floor":13.0,"turns":2.0},{"damage":32.0,"enemies":"The Guardian","floor":16.0,"turns":9.0},{"damage":9.0,"enemies":"Shell Parasite","floor":18.0,"turns":4.0},{"damage":0.0,"enemies":"Spheric Guardian","floor":20.0,"turns":1.0},{"damage":4.0,"enemies":"Snake Plant","floor":21.0,"turns":3.0},{"damage":31.0,"enemies":"Shelled Parasite and Fungi","floor":25.0,"turns":5.0},{"damage":5,"enemies":"Gremlin Leader","floor":27,"turns":2}],"seed_played":"2711566965655028651","potions_obtained":[{"floor":1.0,"key":"PowerPotion"},{"floor":2.0,"key":"PowerPotion"},{"floor":8.0,"key":"DuplicationPotion"},{"floor":13.0,"key":"Weak Potion"},{"floor":16.0,"key":"Strength Potion"},{"floor":20.0,"key":"DistilledChaos"},{"floor":25.0,"key":"EssenceOfSteel"}],"is_trial":false,"path_per_floor":["M","M","M","$","?","R","T","?","T","M","?","R","M","?","R","B",null,"M","?","M","M","?","R","$","M","T","E"],"character_chosen":"WATCHER","items_purchased":[],"campfire_rested":2,"item_purchase_floors":[],"current_hp_per_floor":[70,56,52,52,57,57,57,57,57,34,1,24,24,17,40,8,77,68,56,56,52,52,52,52,21,21,16,16],"gold":254,"neow_bonus":"","is_daily":true,"chose_seed":false,"campfire_upgraded":2,"win_rate":0.0,"timestamp":1613479062,"path_taken":["M","M","M","$","?","R","?","?","T","?","?","R","M","?","R","BOSS","M","?","?","M","?","R","$","M","T","E"],"items_purchased_type":[],"build_version":"2020-12-22","purchased_purges":2,"victory":false,"max_hp_per_floor":[72,72,72,72,77,77,77,77,77,77,77,77,77,77,77,77,77,77,77,77,77,77,77,77,77,77,77,77],"card_choices":[{"not_picked":["FollowUp","DeceiveReality","ForeignInfluence"],"picked":"SKIP","floor":1.0},{"not_picked":["FearNoEvil","ThirdEye"],"picked":"CrushJoints","floor":2.0},{"not_picked":["CutThroughFate","SignatureMove"],"picked":"ClearTheMind","floor":3.0},{"not_picked":["Wireheading","ClearTheMind"],"picked":"Evaluate","floor":10.0},{"not_picked":["Evaluate","SashWhip"],"picked":"Prostrate","floor":13.0},{"not_picked":["Alpha","MasterReality"],"picked":"Omniscience","floor":16.0},{"not_picked":["ThirdEye+1","EmptyMind","SashWhip"],"picked":"SKIP","floor":18.0},{"not_picked":["BowlingBash","FollowUp","Protect"],"picked":"SKIP","floor":20.0},{"not_picked":["JustLucky+1","Tantrum"],"picked":"Protect","floor":21.0},{"not_picked":["CrushJoints","Evaluate","ThirdEye"],"picked":"SKIP","floor":25.0}],"player_experience":368967,"relics_obtained":[{"floor":7.0,"key":"Omamori"},{"floor":9.0,"key":"War Paint"},{"floor":26.0,"key":"Tiny Chest"}],"event_choices":[{"damage_healed":0.0,"max_hp_gain":5.0,"max_hp_loss":0.0,"gold_gain":0.0,"event_name":"Big Fish","player_choice":"Donut","floor":5.0,"gold_loss":0.0,"damage_taken":0.0},{"damage_healed":0.0,"max_hp_gain":0.0,"max_hp_loss":0.0,"gold_gain":0.0,"event_name":"The Woman in Blue","player_choice":"Bought 1 Potion","floor":8.0,"gold_loss":0.0,"damage_taken":0.0},{"damage_healed":0.0,"max_hp_gain":0.0,"max_hp_loss":0.0,"gold_gain":0.0,"event_name":"Scrap Ooze","player_choice":"Success","floor":11.0,"gold_loss":0.0,"damage_taken":33.0,"relics_obtained":["Bag of Preparation"]},{"cards_removed":["Defend_P"],"damage_healed":0.0,"max_hp_gain":0.0,"max_hp_loss":0.0,"gold_gain":0.0,"event_name":"Golden Wing","player_choice":"Card Removal","floor":14.0,"gold_loss":0.0,"damage_taken":7.0},{"damage_healed":0.0,"max_hp_gain":0.0,"max_hp_loss":0.0,"gold_gain":90.0,"event_name":"Knowing Skull","player_choice":"GOLD ","floor":19.0,"potions_obtained":[],"gold_loss":0.0,"damage_taken":12.0,"cards_obtained":[]},{"damage_healed":0.0,"max_hp_gain":0.0,"max_hp_loss":0.0,"gold_gain":0.0,"event_name":"The Mausoleum","player_choice":"Ignored","floor":22.0,"gold_loss":0.0,"damage_taken":0.0}],"is_beta":false,"boss_relics":[{"not_picked":["Black Star","Calling Bell"],"picked":"HolyWater"}],"items_purged_floors":[4,24],"is_endless":false,"potions_floor_spawned":[1,2,13,16,20,25],"killed_by":"Gremlin Leader","ascension_level":0}}