{"host":"5ydxnre3bcjywl3k","time":1613449601,"event":{"mods":["AchievementEnabler","BaseMod","Colored Powertips","Downfall","Googly Eyes","Hermit","Highlight Path","Hubris","Minty Spire (QoL Compilation)","Quick Restart","StSLib","The Bug Knight","The Cursed","The Disciple","The Runesmith","The Servant 0.9.4"],"gold_per_floor":[115,133,133,133,153,183,197,226,226,226,226,226,226,226],"floor_reached":13,"language":"ENG","playtime":1135,"items_purged":[],"score":93,"play_id":"f72a38da-947c-495c-a682-814accc8c40e","local_time":"20210215212641","is_ascension_mode":false,"campfire_choices":[{"floor":10,"key":"REST"},{"floor":12,"key":"REST"}],"circlet_count":0,"master_deck":["HollowMod:NailStrikeStart","HollowMod:NailStrikeStart","HollowMod:NailStrikeStart","HollowMod:NailStrikeStart","HollowMod:QuickDashStart","HollowMod:QuickDashStart","HollowMod:QuickDashStart","HollowMod:QuickDashStart","HollowMod:FocusHealStart","HollowMod:PogoStrike+1","HollowMod:GoodIntentions","HollowMod:SoulVessel","HollowMod:LifebloodCocoon","HollowMod:CycloneSlash","HollowMod:DashSlash","HollowMod:HeavyBlow"],"relics":["HollowMod:VesselMask","NeowsBlessing","InkBottle","Boot","hubris:PeanutButter","HornCleat"],"acts_visited":["Exordium"],"potions_floor_usage":[13],"damage_taken":[{"damage":0,"enemies":"Cultist","floor":1,"turns":1},{"damage":0,"enemies":"Jaw Worm","floor":2,"turns":1},{"damage":0,"enemies":"Small Slimes","floor":5,"turns":1},{"damage":32,"enemies":"3 Sentries","floor":6,"turns":13},{"damage":6,"enemies":"Red Slaver","floor":7,"turns":6},{"damage":31,"enemies":"Gremlin Nob","floor":8,"turns":5},{"damage":0,"enemies":"3 Sentries","floor":13,"turns":5}],"seed_played":"6052455870383240807","potions_obtained":[{"floor":1,"key":"Guardian:BlockOnCardUsePotion"},{"floor":8,"key":"EssenceOfSteel"}],"is_trial":false,"path_per_floor":["M","M","?","?","M","E","M","E","T","R","$","R","E"],"character_chosen":"THE_BUGKNIGHT","items_purchased":[],"campfire_rested":2,"item_purchase_floors":[],"current_hp_per_floor":[75,75,75,75,75,53,53,22,22,44,44,66,66,66],"gold":226,"neow_bonus":"THREE_ENEMY_KILL","is_daily":false,"chose_seed":false,"campfire_upgraded":0,"win_rate":0.0,"timestamp":1613449601,"path_taken":["M","M","?","?","M","E","?","E","T","R","$","R","E"],"items_purchased_type":[],"build_version":"2020-12-22","purchased_purges":0,"victory":false,"max_hp_per_floor":[75,75,75,75,75,75,75,75,75,75,75,75,75,75],"card_choices":[{"not_picked":["HollowMod:AbyssShriek","HollowMod:HowlingWraiths"],"picked":"HollowMod:GoodIntentions","floor":1},{"not_picked":["HollowMod:SiblingsSouls","HollowMod:MonarchWings"],"picked":"HollowMod:SoulVessel","floor":2},{"not_picked":["HollowMod:ShadowDash","HollowMod:CloakDash"],"picked":"HollowMod:LifebloodCocoon","floor":5},{"not_picked":["HollowMod:DoubleDash","HollowMod:Weaversong"],"picked":"HollowMod:CycloneSlash","floor":6},{"not_picked":["HollowMod:CycloneSlash","HollowMod:GoodIntentions"],"picked":"HollowMod:DashSlash","floor":7},{"not_picked":["HollowMod:InfectedAttack","HollowMod:SharpenedShadows"],"picked":"HollowMod:HeavyBlow","floor":8}],"player_experience":48289,"relics_obtained":[{"floor":6,"key":"Boot"},{"floor":8,"key":"hubris:PeanutButter"},{"floor":9,"key":"HornCleat"}],"event_choices":[{"damage_healed":0,"gold_gain":0,"player_choice":"Grow","damage_taken":0,"max_hp_gain":0,"max_hp_loss":0,"event_name":"Living Wall","floor":3,"gold_loss":0,"cards_upgraded":["HollowMod:PogoStrike"]},{"damage_healed":0,"gold_gain":0,"player_choice":"Gave Potion","damage_taken":0,"relics_obtained":["InkBottle"],"max_hp_gain":0,"max_hp_loss":0,"event_name":"WeMeetAgain","floor":4,"gold_loss":0}],"is_beta":false,"boss_relics":[],"items_purged_floors":[],"is_endless":false,"potions_floor_spawned":[1,8],"killed_by":"3 Sentries","ascension_level":0}}