{"host":"4epvxsx6d4oxmc67","time":1613489392,"event":{"mods":["AchievementEnabler","BaseMod","Colored Map","Highlight Path","Minty Spire (QoL Compilation)"],"gold_per_floor":[367,367,25,39,39,39,39,39,63,63,88,106,137,156,156,286,286,301,324,67,86,110,144,144,144,144,167,266,266,191,229,229,229,229],"floor_reached":33,"language":"ENG","playtime":1009,"items_purged":["Injury"],"score":477,"play_id":"c6c6add9-2f1e-43f9-9711-52e8fdef981d","local_time":"20210216152952","is_ascension_mode":true,"campfire_choices":[{"data":"Cleave","floor":6.0,"key":"SMITH"},{"data":"Twin Strike","floor":8.0,"key":"SMITH"},{"data":"Bash","floor":10.0,"key":"SMITH"},{"floor":15.0,"key":"REST"},{"data":"Power Through","floor":25.0,"key":"SMITH"},{"data":"Iron Wave","floor":29,"key":"SMITH"},{"data":"Perfected Strike","floor":32,"key":"SMITH"}],"circlet_count":0,"master_deck":["Strike_R","Strike_R","Strike_R","Strike_R","Strike_R","Defend_R","Defend_R","Defend_R","Bash+1","Cleave+1","Twin Strike+1","Perfected Strike+1","Iron Wave+1","Perfected Strike","Perfected Strike","Power Through+1","Feed"],"relics":["Burning Blood","Golden Idol","Shuriken","FaceOfCleric","Ancient Tea Set","Vajra","Busted Crown","Mercury Hourglass","Juzu Bracelet","Peace Pipe","Turnip"],"acts_visited":["Exordium","TheCity"],"potions_floor_usage":[27,27,27,27,31,33],"damage_taken":[{"damage":11.0,"enemies":"Jaw Worm","floor":1.0,"turns":5.0},{"damage":0.0,"enemies":"Small Slimes","floor":4.0,"turns":4.0},{"damage":0.0,"enemies":"Cultist","floor":11.0,"turns":2.0},{"damage":21.0,"enemies":"Exordium Wildlife","floor":12.0,"turns":4.0},{"damage":15.0,"enemies":"Lagavulin","floor":13.0,"turns":3.0},{"damage":14.0,"enemies":"Red Slaver","floor":14.0,"turns":2.0},{"damage":0.0,"enemies":"Slime Boss","floor":16.0,"turns":5.0},{"damage":14.0,"enemies":"Shell Parasite","floor":18.0,"turns":2.0},{"damage":6.0,"enemies":"3 Byrds","floor":19.0,"turns":4.0},{"damage":0.0,"enemies":"Sentry and Sphere","floor":21.0,"turns":3.0},{"damage":10.0,"enemies":"Chosen and Byrds","floor":22.0,"turns":4.0},{"damage":20.0,"enemies":"Book of Stabbing","floor":23.0,"turns":5.0},{"damage":14,"enemies":"Snecko","floor":27,"turns":3},{"damage":1,"enemies":"Slavers","floor":31,"turns":3},{"damage":72,"enemies":"Automaton","floor":33,"turns":6}],"seed_played":"-6098675910788289850","potions_obtained":[{"floor":4.0,"key":"Ancient Potion"},{"floor":12.0,"key":"SteroidPotion"},{"floor":16.0,"key":"PowerPotion"},{"floor":21.0,"key":"Ancient Potion"},{"floor":22.0,"key":"HeartOfIron"},{"floor":24.0,"key":"EntropicBrew"},{"floor":24.0,"key":"Fire Potion"},{"floor":27,"key":"Ancient Potion"}],"is_trial":false,"path_per_floor":["M","?","$","M","?","R","?","R","T","R","M","M","E","M","R","B",null,"M","M","$","M","M","E","?","R","T","M","?","R","?","E","R","B"],"character_chosen":"IRONCLAD","items_purchased":["Shuriken","Twin Strike","Mercury Hourglass"],"campfire_rested":1,"item_purchase_floors":[3,3,20],"current_hp_per_floor":[46,46,46,52,52,52,52,52,52,52,59,45,37,30,55,62,79,72,76,76,86,86,73,73,73,73,66,66,66,66,72,72,0,0],"gold":229,"neow_bonus":"TWO_FIFTY_GOLD","is_daily":false,"chose_seed":false,"campfire_upgraded":6,"win_rate":0.0,"timestamp":1613489392,"path_taken":["M","?","$","M","?","R","?","R","T","R","M","M","E","?","R","BOSS","M","M","$","M","M","E","?","R","T","M","?","R","?","E","R","BOSS"],"items_purchased_type":["Relic","Card","Relic"],"build_version":"2020-12-22","purchased_purges":1,"victory":false,"max_hp_per_floor":[80,80,80,80,80,80,80,80,80,80,81,82,83,84,84,85,85,86,90,90,94,98,99,99,99,99,100,100,100,100,101,101,101,101],"card_choices":[{"not_picked":["Thunderclap","Wild Strike"],"picked":"Cleave","floor":1.0},{"not_picked":["Dark Embrace","Reckless Charge"],"picked":"Perfected Strike","floor":4.0},{"not_picked":["True Grit","Anger"],"picked":"Iron Wave","floor":11.0},{"not_picked":["Whirlwind","Shrug It Off"],"picked":"Perfected Strike","floor":12.0},{"not_picked":["Clash","Bludgeon"],"picked":"Perfected Strike","floor":13.0},{"not_picked":["Anger","Intimidate"],"picked":"Power Through","floor":14.0},{"not_picked":["Corruption","Juggernaut"],"picked":"Feed","floor":16.0},{"not_picked":["Thunderclap"],"picked":"SKIP","floor":18.0},{"not_picked":["Wild Strike"],"picked":"SKIP","floor":19.0},{"not_picked":["Clothesline"],"picked":"SKIP","floor":21.0},{"not_picked":["Warcry+1"],"picked":"SKIP","floor":22.0},{"not_picked":["Sever Soul"],"picked":"SKIP","floor":23.0},{"not_picked":["Havoc"],"picked":"SKIP","floor":27},{"not_picked":["Searing Blow"],"picked":"SKIP","floor":31}],"player_experience":134764,"relics_obtained":[{"floor":9.0,"key":"Ancient Tea Set"},{"floor":13.0,"key":"Vajra"},{"floor":23.0,"key":"Juzu Bracelet"},{"floor":26.0,"key":"Peace Pipe"},{"floor":31,"key":"Turnip"}],"event_choices":[{"damage_healed":0.0,"max_hp_gain":0.0,"max_hp_loss":0.0,"gold_gain":0.0,"event_name":"Golden Idol","player_choice":"Take Wound","floor":2.0,"gold_loss":0.0,"damage_taken":0.0,"relics_obtained":["Golden Idol"],"cards_obtained":["Injury"]},{"damage_healed":0.0,"max_hp_gain":0.0,"max_hp_loss":0.0,"gold_gain":0.0,"event_name":"Liars Game","player_choice":"Ignored","floor":5.0,"gold_loss":0.0,"damage_taken":0.0},{"damage_healed":0.0,"max_hp_gain":0.0,"max_hp_loss":0.0,"gold_gain":0.0,"event_name":"FaceTrader","player_choice":"Trade","floor":7.0,"gold_loss":0.0,"damage_taken":0.0,"relics_obtained":["FaceOfCleric"]},{"damage_healed":0.0,"max_hp_gain":0.0,"max_hp_loss":0.0,"gold_gain":0.0,"event_name":"Lab","player_choice":"Got Potions","floor":24.0,"gold_loss":0.0,"damage_taken":0.0},{"damage_healed":0,"gold_gain":99,"player_choice":"Stole From Cult","damage_taken":0,"max_hp_gain":0,"max_hp_loss":0,"event_name":"Nest","floor":28,"gold_loss":0},{"cards_removed":["Defend_R"],"damage_healed":0,"gold_gain":0,"player_choice":"Gave Gold","damage_taken":0,"max_hp_gain":0,"max_hp_loss":0,"event_name":"Beggar","floor":30,"gold_loss":75}],"is_beta":false,"boss_relics":[{"not_picked":["Coffee Dripper","SacredBark"],"picked":"Busted Crown"}],"items_purged_floors":[3],"is_endless":false,"potions_floor_spawned":[4,12,16,21,22,27],"killed_by":"Automaton","ascension_level":7}}