{"host":"a2lvm7nbw6nkrc91","time":1613438315,"event":{"mods":["BaseMod","Friendly Minions","Hermit","Lobotomy","Minty Spire (QoL Compilation)","Replay The Spire","StSLib"],"gold_per_floor":[115,128,128,128,145,177,177,49,49,82,157,157,169,69,69,171,171,188,53,64,163,163,195,195,195,195],"floor_reached":25,"language":"KOR","playtime":1101,"items_purged":["hermit:Defend_Hermit"],"score":227,"play_id":"b225b857-82a4-4288-a76b-eff337d9a88e","local_time":"20210216101835","is_ascension_mode":false,"campfire_choices":[{"floor":7,"key":"REST"},{"data":"hermit:Showdown","floor":12,"key":"SMITH"},{"floor":15,"key":"REST"},{"data":"hermit:Vantage","floor":24,"key":"SMITH"}],"circlet_count":0,"master_deck":["hermit:Strike_Hermit","hermit:Strike_Hermit","hermit:Strike_Hermit","hermit:Strike_Hermit","hermit:Defend_Hermit+1","hermit:Defend_Hermit","hermit:Defend_Hermit","hermit:Snapshot","hermit:Covet","hermit:Enervate","DreamingCurrent","hermit:Headshot","hermit:Showdown+1","hermit:Determination","hermit:Dive","hermit:Snipe","hermit:HighCaliber","hermit:CalledShot","hermit:TrackingShot","RedShoes","hermit:Maintenance+1","hermit:Vantage+1","Dark Shackles","BigBadWolf","hermit:Coalescence","hermit:CalledShot+1"],"relics":["hermit:Momento","CogitoBucket","Happy Flower","InkBottle","Gremlin Horn","Bird Faced Urn","FleshIdol","Honey Jar","Blue Doll"],"acts_visited":["Exordium","TheCity"],"potions_floor_usage":[13,25,25,25],"damage_taken":[{"damage":5.0,"enemies":"Jaw Worm","floor":1.0,"turns":4.0},{"damage":4.0,"enemies":"Small Slimes","floor":2.0,"turns":3.0},{"damage":0.0,"enemies":"Cultist","floor":5.0,"turns":3.0},{"damage":43,"enemies":"Gremlin Nob","floor":6,"turns":4},{"damage":20,"enemies":"Lagavulin","floor":10,"turns":6},{"damage":67,"enemies":"Large Slime","floor":13,"turns":8},{"damage":37,"enemies":"Slime Boss","floor":16,"turns":8},{"damage":25,"enemies":"Shell Parasite","floor":18,"turns":4},{"damage":48,"enemies":"Spheric Guardian","floor":20,"turns":5},{"damage":45,"enemies":"Gremlin Leader","floor":23,"turns":6},{"damage":111,"enemies":"Snake Plant","floor":25,"turns":6}],"seed_played":"-4690311610847285515","potions_obtained":[{"floor":6,"key":"Elixir"},{"floor":10,"key":"hermit:Tonic"},{"floor":16,"key":"ColorlessPotion"},{"floor":20,"key":"ColorlessPotion"}],"is_trial":false,"path_per_floor":["M","M","?","?","M","E","R","$","T","E","?","R","M","$","R","B",null,"M","$","M","?","?","E","R","M"],"character_chosen":"HERMIT","items_purchased":["hermit:Dive","hermit:CalledShot","hermit:TrackingShot","hermit:Vantage","Dark Shackles"],"campfire_rested":2,"item_purchase_floors":[8,14,14,19,19],"current_hp_per_floor":[70,66,63,63,63,26,48,48,48,52,41,41,24,24,46,59,75,62,62,38,38,63,56,56,0,0],"gold":195,"neow_bonus":"","is_daily":false,"chose_seed":false,"campfire_upgraded":2,"win_rate":0.0,"timestamp":1613438315,"path_taken":["M","M","?","?","M","E","R","$","T","E","?","R","M","?","R","BOSS","M","$","M","?","?","E","R","M"],"items_purchased_type":["Card","Card","Card","Card","Card"],"build_version":"2020-12-22","purchased_purges":1,"victory":false,"max_hp_per_floor":[75,75,75,75,75,75,75,75,75,75,75,75,75,75,75,75,75,75,75,75,75,75,75,75,75,75],"card_choices":[{"not_picked":["hermit:CalledShot","hermit:LuckOfTheDraw"],"picked":"hermit:Enervate","floor":1.0},{"not_picked":["HappyTeddy","UniverseFragment"],"picked":"DreamingCurrent","floor":2.0},{"not_picked":["hermit:LuckOfTheDraw","hermit:Misfire"],"picked":"hermit:Headshot","floor":2.0},{"not_picked":["hermit:LuckOfTheDraw","hermit:Spite"],"picked":"hermit:Showdown","floor":5.0},{"not_picked":["hermit:HighCaliber","hermit:Showdown"],"picked":"hermit:Determination","floor":6},{"not_picked":["hermit:LuckOfTheDraw","hermit:CursedWeapon"],"picked":"hermit:Snipe","floor":10},{"not_picked":["hermit:Gambit","hermit:Shortfuse"],"picked":"hermit:HighCaliber","floor":13},{"not_picked":["VoidDream","FairyFestival"],"picked":"RedShoes","floor":18},{"not_picked":["hermit:ItchyTrigger","hermit:Desperado","hermit:GoldenBullet"],"picked":"hermit:Maintenance+1","floor":18},{"not_picked":["HeroicMonk","OSAHOGD"],"picked":"BigBadWolf","floor":20},{"not_picked":["hermit:HoleUp","hermit:ItchyTrigger+1","hermit:BodyArmor"],"picked":"hermit:Coalescence","floor":20},{"not_picked":["hermit:FlashPowder","hermit:HighCaliber","hermit:Coalescence"],"picked":"hermit:CalledShot+1","floor":23}],"player_experience":511607,"relics_obtained":[{"floor":6,"key":"InkBottle"},{"floor":9,"key":"Gremlin Horn"},{"floor":10,"key":"Bird Faced Urn"},{"floor":23,"key":"Blue Doll"}],"event_choices":[{"damage_healed":0.0,"max_hp_gain":0.0,"max_hp_loss":0.0,"gold_gain":0.0,"event_name":"Scrap Ooze","player_choice":"Success","floor":3.0,"gold_loss":0.0,"damage_taken":3.0,"relics_obtained":["Happy Flower"]},{"damage_healed":0,"gold_gain":75,"player_choice":"Gather Gold","damage_taken":11,"max_hp_gain":0,"max_hp_loss":0,"event_name":"World of Goop","floor":11,"gold_loss":0},{"damage_healed":0,"gold_gain":99,"player_choice":"Stole From Cult","damage_taken":0,"max_hp_gain":0,"max_hp_loss":0,"event_name":"Nest","floor":21,"gold_loss":0},{"damage_healed":25,"gold_gain":0,"player_choice":"Heal","damage_taken":0,"max_hp_gain":0,"max_hp_loss":0,"event_name":"The Library","floor":22,"gold_loss":0}],"is_beta":false,"boss_relics":[{"not_picked":["Replay:Wanted Poster","Empty Cage"],"picked":"Honey Jar"}],"items_purged_floors":[8],"is_endless":false,"potions_floor_spawned":[6,10,16,20],"killed_by":"Snake Plant","ascension_level":0}}