{"host":"19r1ww88x2tc73i0","time":1613496698,"event":{"mods":["BaseMod","BetterRewards","Colored Map","Minty Spire (QoL Compilation)","Relic Stats","StSLib","SuperFastMode","slay the spire mod where everything is the same but ironclad has a cowboy hat"],"gold_per_floor":[118,132,16,66,77,77,107,2,28,57,74,93,113,176,176,253,253,273,292,292,303,160,160,195,221,245,83,117,136,168,186,186,265,265,280,292,153,173,198,225,241,241,310,94,94,94,122,122,122,122,122,122,122,40,70,70],"floor_reached":57,"language":"ENG","playtime":11062,"items_purged":["Strike_B","Strike_B","Strike_B","Strike_B","Defend_B"],"score":3050,"play_id":"babb03ea-0f98-45ff-8ec7-3576ab8d147e","local_time":"25640217003138","is_ascension_mode":true,"campfire_choices":[{"data":"Consume","floor":6.0,"key":"SMITH"},{"data":"Rainbow","floor":15.0,"key":"SMITH"},{"data":"Defragment","floor":23,"key":"SMITH"},{"data":"Double Energy","floor":32,"key":"SMITH"},{"data":"Defragment","floor":42,"key":"SMITH"},{"data":"Hologram","floor":45,"key":"SMITH"},{"floor":49,"key":"RECALL"},{"data":"Capacitor","floor":53,"key":"SMITH"}],"circlet_count":0,"master_deck":["AscendersBane","Defend_B","Defend_B","Defend_B","Zap","Dualcast","Reinforced Body","Consume+1","Tempest","Glacier","Capacitor+1","Skim","Coolheaded","Conserve Battery","Rainbow+1","Go for the Eyes","Double Energy+1","Hologram+1","Echo Form","Ball Lightning","Defragment+1","Amplify","Echo Form","Turbo","Electrodynamics","Glacier+1","Echo Form","Heatsinks","Compile Driver","Meteor Strike","Defragment+1","Capacitor","White Noise"],"relics":["Cracked Core","DataDisk","ClockworkSouvenir","Membership Card","Bird Faced Urn","Centennial Puzzle","Runic Capacitor","Bag of Preparation","WingedGreaves","SacredBark","Medical Kit","Matryoshka","Emotion Chip","Art of War","Nunchaku","Lee\u0027s Waffle","Boot","FossilizedHelix","Snecko Eye","Bottled Tornado","Ice Cream","Ornamental Fan","Juzu Bracelet","Blue Candle","Bronze Scales","Omamori","Lantern","Bag of Marbles"],"acts_visited":["Exordium","TheCity","TheBeyond","TheEnding"],"potions_floor_usage":[20,21,30,55],"damage_taken":[{"damage":1.0,"enemies":"Cultist","floor":1.0,"turns":4.0},{"damage":3.0,"enemies":"2 Louse","floor":2.0,"turns":2.0},{"damage":0.0,"enemies":"Small Slimes","floor":5.0,"turns":3.0},{"damage":5.0,"enemies":"Lagavulin","floor":7.0,"turns":7.0},{"damage":10.0,"enemies":"Gremlin Nob","floor":10.0,"turns":7.0},{"damage":8.0,"enemies":"Blue Slaver","floor":11.0,"turns":4.0},{"damage":1.0,"enemies":"Lots of Slimes","floor":12.0,"turns":4.0},{"damage":0.0,"enemies":"Large Slime","floor":13.0,"turns":3.0},{"damage":2.0,"enemies":"Lagavulin Event","floor":14.0,"turns":4.0},{"damage":26.0,"enemies":"Slime Boss","floor":16.0,"turns":6.0},{"damage":6,"enemies":"3 Byrds","floor":18,"turns":4},{"damage":0,"enemies":"Chosen","floor":19,"turns":5},{"damage":17,"enemies":"Shelled Parasite and Fungi","floor":21,"turns":6},{"damage":66,"enemies":"Slavers","floor":24,"turns":5},{"damage":84,"enemies":"Gremlin Leader","floor":25,"turns":5},{"damage":42,"enemies":"Slavers","floor":28,"turns":4},{"damage":3,"enemies":"Snake Plant","floor":29,"turns":6},{"damage":34,"enemies":"Gremlin Leader","floor":30,"turns":6},{"damage":0,"enemies":"Centurion and Healer","floor":31,"turns":6},{"damage":12,"enemies":"Champ","floor":33,"turns":6},{"damage":0,"enemies":"Orb Walker","floor":35,"turns":3},{"damage":9,"enemies":"3 Darklings","floor":36,"turns":3},{"damage":0,"enemies":"Jaw Worm Horde","floor":38,"turns":2},{"damage":0,"enemies":"Mind Bloom Boss Battle","floor":39,"turns":4},{"damage":0,"enemies":"Giant Head","floor":40,"turns":5},{"damage":0,"enemies":"Sphere and 2 Shapes","floor":41,"turns":5},{"damage":0,"enemies":"Reptomancer","floor":47,"turns":4},{"damage":0,"enemies":"Donu and Deca","floor":50,"turns":4},{"damage":0,"enemies":"Time Eater","floor":51,"turns":8},{"damage":12,"enemies":"Shield and Spear","floor":55,"turns":3},{"damage":55,"enemies":"The Heart","floor":56,"turns":8}],"seed_played":"5823733742955639741","potions_obtained":[{"floor":1.0,"key":"LiquidBronze"},{"floor":5.0,"key":"FairyPotion"},{"floor":7.0,"key":"PowerPotion"},{"floor":13.0,"key":"Explosive Potion"},{"floor":20,"key":"Fruit Juice"},{"floor":20,"key":"Regen Potion"},{"floor":21,"key":"FairyPotion"},{"floor":28,"key":"Weak Potion"},{"floor":30,"key":"ColorlessPotion"},{"floor":33,"key":"PowerPotion"},{"floor":55,"key":"Regen Potion"}],"is_trial":false,"path_per_floor":["M","M","$","?","M","R","E","$","T","E","M","M","M","?","R","B",null,"M","M","?","M","$","R","E","E","T","$","E","M","E","M","R","B",null,"M","M","$","M","?","E","M","R","T","$","R","?","E","?","R","B","B",null,"R","$","E","B",null],"character_chosen":"DEFECT","items_purchased":["Reinforced Body","DataDisk","ClockworkSouvenir","Membership Card","Bird Faced Urn","Glacier","Capacitor","Runic Capacitor","Conserve Battery","Medical Kit","Lee\u0027s Waffle","Bottled Tornado","Bronze Scales","Capacitor","Lantern"],"campfire_rested":0,"item_purchase_floors":[0,0,0,0,0,3,3,8,8,22,27,37,44,44,54],"current_hp_per_floor":[63,60,60,60,62,62,59,59,59,57,51,50,52,52,52,30,61,61,63,73,81,81,81,21,4,4,88,50,57,35,37,37,37,75,83,79,79,88,88,88,88,88,88,88,88,88,88,84,84,84,84,84,84,84,84,47],"gold":70,"neow_bonus":"","is_daily":false,"chose_seed":false,"campfire_upgraded":7,"win_rate":0.0,"timestamp":1613496698,"path_taken":["M","M","$","?","M","R","E","$","T","E","M","M","?","?","R","BOSS","M","M","?","M","$","R","E","E","T","$","E","M","E","M","R","BOSS","M","?","$","M","?","E","M","R","T","$","R","?","E","?","R","BOSS","BOSS","R","$","E","BOSS"],"items_purchased_type":["Card","Relic","Relic","Relic","Relic","Card","Card","Relic","Card","Relic","Relic","Relic","Relic","Card","Relic"],"build_version":"2020-12-22","purchased_purges":5,"victory":true,"max_hp_per_floor":[71,71,71,71,71,71,71,71,71,71,71,71,71,71,71,71,71,71,71,81,81,81,81,81,81,81,88,88,88,88,88,88,88,88,88,88,88,88,88,88,88,88,88,88,88,88,88,84,84,84,84,84,84,84,84,84],"relic_stats":{"Lee\u0027s Waffle":84,"counters":[37,164],"Blue Candle":[0],"Bag of Preparation":[52],"Juzu Bracelet":0,"Medical Kit":[5],"Boot":[36],"Centennial Puzzle":[48],"Emotion Chip":[60,31,16,6,7],"Nunchaku":[6],"Ornamental Fan":[28],"Bird Faced Urn":[142],"Bronze Scales":[159],"Snecko Eye":[107,103,119,106],"Art of War":[31],"obtain_stats":[{"Ice Cream":39,"Lantern":54,"SacredBark":17,"Runic Capacitor":8,"Bag of Preparation":10,"Juzu Bracelet":43,"Bottled Tornado":37,"Boot":28,"ClockworkSouvenir":0,"Centennial Puzzle":7,"Emotion Chip":25,"Nunchaku":26,"Matryoshka":24,"WingedGreaves":14,"Cracked Core":0,"Lee\u0027s Waffle":27,"Blue Candle":43,"Omamori":47,"Medical Kit":22,"Nuclear Battery":0,"DataDisk":0,"Ornamental Fan":40,"Bird Faced Urn":0,"Bronze Scales":44,"Snecko Eye":34,"CultistMask":8,"Art of War":26,"Bag of Marbles":55,"Membership Card":0,"FossilizedHelix":30},{"Ice Cream":30,"Lantern":35,"SacredBark":16,"Runic Capacitor":10,"Bag of Preparation":11,"Juzu Bracelet":32,"Bottled Tornado":28,"Boot":22,"ClockworkSouvenir":6,"Centennial Puzzle":10,"Emotion Chip":21,"Nunchaku":21,"Matryoshka":20,"WingedGreaves":14,"Cracked Core":0,"Lee\u0027s Waffle":21,"Blue Candle":32,"Omamori":33,"Medical Kit":19,"Nuclear Battery":0,"DataDisk":6,"Ornamental Fan":31,"Bird Faced Urn":6,"Bronze Scales":32,"Snecko Eye":26,"CultistMask":5,"Art of War":21,"Bag of Marbles":36,"Membership Card":6,"FossilizedHelix":24},{"Ice Cream":127,"Lantern":153,"SacredBark":62,"Runic Capacitor":34,"Bag of Preparation":41,"Juzu Bracelet":137,"Bottled Tornado":121,"Boot":91,"ClockworkSouvenir":18,"Centennial Puzzle":34,"Emotion Chip":87,"Nunchaku":87,"Matryoshka":82,"WingedGreaves":52,"Cracked Core":0,"Lee\u0027s Waffle":87,"Blue Candle":137,"Omamori":141,"Medical Kit":77,"Nuclear Battery":0,"DataDisk":18,"Ornamental Fan":132,"Bird Faced Urn":18,"Bronze Scales":137,"Snecko Eye":115,"CultistMask":15,"Art of War":87,"Bag of Marbles":156,"Membership Card":18,"FossilizedHelix":103}]},"card_choices":[{"not_picked":["Stack","Leap"],"picked":"Consume","floor":1.0},{"not_picked":["Go for the Eyes","Redo"],"picked":"Tempest","floor":2.0},{"not_picked":["Blizzard","Redo"],"picked":"Skim","floor":5.0},{"not_picked":["Steam","Streamline"],"picked":"Coolheaded","floor":7.0},{"not_picked":["Glacier","Leap"],"picked":"Rainbow","floor":10.0},{"not_picked":["Lockon","Rebound"],"picked":"Go for the Eyes","floor":11.0},{"not_picked":["Reprogram","Rebound"],"picked":"Storm","floor":12.0},{"not_picked":["Gash","Streamline"],"picked":"Double Energy","floor":13.0},{"not_picked":["Steam","Gash"],"picked":"Hologram","floor":14.0},{"not_picked":["Hyperbeam","Buffer"],"picked":"Echo Form","floor":16.0},{"not_picked":["Sweeping Beam","Steam Power","Rebound"],"picked":"SKIP","floor":18},{"not_picked":["Beam Cell","Compile Driver"],"picked":"Ball Lightning","floor":19},{"not_picked":["Beam Cell","Force Field"],"picked":"Defragment","floor":21},{"not_picked":["FTL","Rip and Tear"],"picked":"Amplify","floor":24},{"not_picked":["Force Field","Ball Lightning"],"picked":"Echo Form","floor":25},{"not_picked":["Auto Shields","Redo"],"picked":"Turbo","floor":28},{"not_picked":["Double Energy","Redo","Glacier"],"picked":"SKIP","floor":29},{"not_picked":["Heatsinks","Hologram"],"picked":"Electrodynamics","floor":30},{"not_picked":["Chaos","Lockon"],"picked":"Glacier+1","floor":31},{"not_picked":["Amplify","All For One"],"picked":"Echo Form","floor":33},{"not_picked":["Go for the Eyes+1","Stack+1"],"picked":"Heatsinks","floor":35},{"not_picked":["Go for the Eyes","Double Energy","Redo"],"picked":"SKIP","floor":36},{"not_picked":["Compile Driver","Hologram","Barrage"],"picked":"SKIP","floor":38},{"not_picked":["Hologram","Barrage"],"picked":"Compile Driver","floor":38},{"not_picked":["Gash","FTL+1"],"picked":"Meteor Strike","floor":40},{"not_picked":["Redo","Conserve Battery+1"],"picked":"Defragment","floor":41},{"not_picked":["Steam","Gash+1","Coolheaded"],"picked":"SKIP","floor":47},{"not_picked":["Chill+1","Beam Cell"],"picked":"White Noise","floor":55}],"player_experience":1101352,"relics_obtained":[{"floor":7.0,"key":"Centennial Puzzle"},{"floor":10.0,"key":"Bag of Preparation"},{"floor":24,"key":"Matryoshka"},{"floor":25,"key":"Emotion Chip"},{"floor":26,"key":"Art of War"},{"floor":26,"key":"Nunchaku"},{"floor":28,"key":"Boot"},{"floor":30,"key":"FossilizedHelix"},{"floor":39,"key":"Ice Cream"},{"floor":40,"key":"Ornamental Fan"},{"floor":43,"key":"Juzu Bracelet"},{"floor":43,"key":"Blue Candle"},{"floor":47,"key":"Omamori"},{"floor":55,"key":"Bag of Marbles"}],"event_choices":[{"damage_healed":0.0,"max_hp_gain":0.0,"max_hp_loss":0.0,"gold_gain":50.0,"event_name":"Golden Shrine","player_choice":"Pray","floor":4.0,"gold_loss":0.0,"damage_taken":0.0},{"damage_healed":0.0,"max_hp_gain":0.0,"max_hp_loss":0.0,"gold_gain":0.0,"event_name":"Dead Adventurer","player_choice":"Searched \u00272\u0027 times","floor":14.0,"gold_loss":0.0,"damage_taken":0.0,"relics_obtained":["WingedGreaves"]},{"damage_healed":0,"gold_gain":0,"player_choice":"Got Potions","damage_taken":0,"max_hp_gain":0,"max_hp_loss":0,"event_name":"Lab","floor":20,"gold_loss":0},{"damage_healed":0,"gold_gain":0,"player_choice":"Fight","damage_taken":0,"max_hp_gain":0,"max_hp_loss":0,"event_name":"MindBloom","floor":39,"gold_loss":0},{"cards_removed":["Storm"],"damage_healed":0,"gold_gain":0,"player_choice":"Removed Power","damage_taken":0,"max_hp_gain":0,"max_hp_loss":0,"event_name":"Falling","floor":46,"gold_loss":0},{"damage_healed":0,"gold_gain":0,"player_choice":"Max HP","damage_taken":0,"max_hp_gain":0,"max_hp_loss":4,"event_name":"Winding Halls","floor":48,"gold_loss":0}],"is_beta":false,"boss_relics":[{"not_picked":["Pandora\u0027s Box","Tiny House"],"picked":"SacredBark"},{"not_picked":["Busted Crown","Calling Bell"],"picked":"Snecko Eye"}],"items_purged_floors":[0,3,22,27,44],"is_endless":false,"potions_floor_spawned":[1,5,7,13,21,24,28,30,33,40,41,47,55],"ascension_level":20}}