{"host":"zybdh2ue20qfjbiz","time":1613491805,"event":{"mods":["AchievementEnabler","BaseMod","Better Altar","Better Skull","BetterRewards","Friendly Minions","Kiyohime（清?）","Koishi","Lobotomy","LobotomyExtend","Marisa（霧雨　魔理沙）","Minty Spire (QoL Compilation)","Remilia（蕾米莉?）","StSLib"],"gold_per_floor":[118,118,118,132,72,106,106,146,197,231,256,274,288,313,313,409,409,427,427,450,500,275,316,66,66,66,66,97,116,157,173,173,264,264,280,280,296,319,153,184,184,245,245,245,288,304,344,363,363,363,363,363,363,363,47,88,88],"floor_reached":58,"language":"ENG","playtime":1437,"items_purged":["Koishi:BasicStrike","Koishi:BasicStrike","Koishi:BasicStrike","Koishi:BasicStrike","Koishi:HauntingSlash","Koishi:BasicDefend","Koishi:BasicDefend","Koishi:BasicDefend","Koishi:BasicDefend+1"],"score":4425,"play_id":"4dcea241-ffc7-4324-880f-3d006ba64afc","local_time":"20210216191005","is_ascension_mode":true,"campfire_choices":[{"floor":7,"key":"REST"},{"data":"Impatience","floor":15,"key":"SMITH"},{"data":"Koishi:Whimsy","floor":25,"key":"SMITH"},{"data":"Impatience","floor":32,"key":"SMITH"},{"floor":44,"key":"RECALL"},{"data":"Koishi:ReflexRadar","floor":49,"key":"SMITH"},{"data":"Koishi:BasicDefend","floor":54,"key":"SMITH"}],"circlet_count":0,"master_deck":["AscendersBane","Koishi:Provoke+1","Impatience+1","Koishi:HeartAttack+1","Impatience+1","Koishi:ReflexRadar+1","Koishi:Whimsy+1","Koishi:Whimsy+1","Panache"],"relics":["Koishi:ImaginaryFriend","Lee\u0027s Waffle","Molten Egg 2","Orichalcum","Koishi:AHoleWhereASisterShouldBe","Matryoshka","TheAbacus","Medical Kit","ClockworkSouvenir","Turnip","LetterFromLob","Golden Idol","Happy Flower","Potion Belt","Juzu Bracelet","Vajra","Calipers","Whetstone","Sundial","Runic Pyramid","Meat on the Bone","Bag of Marbles","Blue Candle","Eternal Feather","Blood Vial","SacredBark","Bag of Preparation","Regal Pillow","Gambling Chip","Smiling Mask","War Paint","Koishi:LettersToReimu","Bird Faced Urn"],"acts_visited":["Exordium","TheCity","TheBeyond","TheEnding"],"potions_floor_usage":[],"damage_taken":[{"damage":0,"enemies":"Jaw Worm","floor":1,"turns":1},{"damage":0,"enemies":"2 Louse","floor":4,"turns":1},{"damage":0,"enemies":"Gremlin Nob","floor":6,"turns":1},{"damage":0,"enemies":"3 Sentries","floor":8,"turns":2},{"damage":0,"enemies":"Gremlin Nob","floor":10,"turns":1},{"damage":0,"enemies":"Cultist","floor":11,"turns":1},{"damage":0,"enemies":"Exordium Wildlife","floor":12,"turns":1},{"damage":0,"enemies":"Red Slaver","floor":13,"turns":1},{"damage":0,"enemies":"3 Louse","floor":14,"turns":1},{"damage":0,"enemies":"Hexaghost","floor":16,"turns":1},{"damage":0,"enemies":"Chosen","floor":18,"turns":2},{"damage":0,"enemies":"2 Thieves","floor":20,"turns":1},{"damage":0,"enemies":"Slavers","floor":23,"turns":1},{"damage":0,"enemies":"Book of Stabbing","floor":28,"turns":1},{"damage":0,"enemies":"Snake Plant","floor":29,"turns":1},{"damage":0,"enemies":"Slavers","floor":30,"turns":1},{"damage":0,"enemies":"Cultist and Chosen","floor":31,"turns":1},{"damage":0,"enemies":"Collector","floor":33,"turns":1},{"damage":0,"enemies":"3 Darklings","floor":35,"turns":1},{"damage":0,"enemies":"Orb Walker","floor":37,"turns":1},{"damage":0,"enemies":"Maw","floor":38,"turns":1},{"damage":0,"enemies":"Reptomancer","floor":40,"turns":1},{"damage":0,"enemies":"2 Orb Walkers","floor":42,"turns":1},{"damage":0,"enemies":"Nemesis","floor":45,"turns":1},{"damage":7,"enemies":"Sphere and 2 Shapes","floor":46,"turns":1},{"damage":0,"enemies":"Reptomancer","floor":47,"turns":1},{"damage":0,"enemies":"Writhing Mass","floor":48,"turns":1},{"damage":0,"enemies":"Donu and Deca","floor":50,"turns":1},{"damage":0,"enemies":"Time Eater","floor":51,"turns":2},{"damage":0,"enemies":"Shield and Spear","floor":56,"turns":1},{"damage":4,"enemies":"The Heart","floor":57,"turns":4}],"seed_played":"-4964447978867890206","potions_obtained":[{"floor":6,"key":"Weak Potion"},{"floor":12,"key":"Weak Potion"},{"floor":13,"key":"Fire Potion"},{"floor":23,"key":"Strength Potion"},{"floor":27,"key":"Block Potion"},{"floor":28,"key":"LiquidMemories"}],"is_trial":false,"path_per_floor":["M","?","?","M","?","E","R","E","T","E","M","M","M","M","R","B",null,"M","?","M","?","$","E","$","R","T","?","E","M","E","M","R","B",null,"M","?","M","M","$","E","?","?","T","R","E","M","E","M","R","B","B",null,null,"R","$","E","B",null],"character_chosen":"KOISHI","items_purchased":["Lee\u0027s Waffle","Molten Egg 2","Impatience","Orichalcum","Koishi:AHoleWhereASisterShouldBe","Koishi:HeartAttack+1","Matryoshka","TheAbacus","Medical Kit","Impatience","ClockworkSouvenir","Koishi:ReflexRadar","DistilledChaos","Bag of Preparation","DistilledChaos","Panache"],"campfire_rested":1,"item_purchase_floors":[0,0,0,0,0,0,0,0,0,0,0,0,0,39,55,55],"current_hp_per_floor":[64,42,11,11,11,11,30,30,30,30,30,30,30,30,30,30,56,56,56,56,56,56,56,56,56,56,56,56,56,56,58,64,64,64,64,54,56,58,58,60,60,62,62,64,64,57,59,61,64,64,64,64,64,64,64,64,62],"gold":88,"neow_bonus":"","is_daily":false,"chose_seed":false,"campfire_upgraded":5,"win_rate":0.0,"timestamp":1613491805,"path_taken":["M","?","?","?","?","E","R","E","T","E","M","M","M","M","R","BOSS","M","?","M","?","$","E","$","R","T","?","E","M","E","M","R","BOSS","M","?","M","M","$","E","?","?","T","R","E","M","E","M","R","BOSS","BOSS","R","$","E","BOSS"],"items_purchased_type":["Relic","Relic","Card","Relic","Relic","Card","Relic","Relic","Relic","Card","Relic","Card","Potion","Relic","Potion","Card"],"build_version":"2020-12-22","purchased_purges":9,"victory":true,"max_hp_per_floor":[64,64,64,64,64,64,64,64,64,64,64,64,64,64,64,64,64,64,64,64,64,64,64,64,64,64,64,64,64,64,64,64,64,64,64,64,64,64,64,64,64,64,64,64,64,64,64,64,64,64,64,64,64,64,64,64,64],"card_choices":[{"not_picked":["Koishi:JumpScare","Koishi:PhantomStrike+1","Koishi:IdleWhim"],"picked":"SKIP","floor":1},{"not_picked":["Koishi:UnconsciousUprising","Koishi:Catatonia+1","Koishi:BloodcurdlingScream+1"],"picked":"SKIP","floor":4},{"not_picked":["Koishi:SpiritedAway+1","Koishi:UnconsciousUprising","Koishi:RacingHeart+1"],"picked":"SKIP","floor":6},{"not_picked":["Koishi:HeartfeltFancy","Koishi:SubconsciousSweep+1","Koishi:BramblyRoseGarden"],"picked":"SKIP","floor":8},{"not_picked":["Koishi:ImGoingToCallYouNow","Koishi:DreadfulBlow+1","Koishi:SubconsciousSweep+1"],"picked":"SKIP","floor":10},{"not_picked":["Koishi:StrangeCloudFist+1","Koishi:ReflexRadar","Koishi:EmbryosDream"],"picked":"SKIP","floor":11},{"not_picked":["Koishi:BloodcurdlingScream+1","Koishi:JumpScare","Koishi:BramblyRoseGarden"],"picked":"SKIP","floor":12},{"not_picked":["Koishi:UnconsciousUprising","Koishi:EmbryosDream","Koishi:ParalyzingFear+1"],"picked":"SKIP","floor":13},{"not_picked":["Koishi:SpiritedAway+1","Koishi:BloodcurdlingScream+1","Koishi:Prune+1"],"picked":"SKIP","floor":14},{"not_picked":["Koishi:SpiritedAway+1","Koishi:ReflexRadar","Koishi:TremblingHands+1"],"picked":"SKIP","floor":18},{"not_picked":["Koishi:DNAsFlaw","Koishi:StingingMind+1"],"picked":"Koishi:Whimsy","floor":20},{"not_picked":["Koishi:RorschachInDanmaku+1","Koishi:PhantomBarrier+1","Koishi:FidgetySnatcher"],"picked":"SKIP","floor":23},{"not_picked":["Koishi:SpiritedAway+1","Koishi:BramblyRoseGarden","Koishi:PhilosophyOfTheDespised"],"picked":"SKIP","floor":28},{"not_picked":["Koishi:RorschachInDanmaku+1","Koishi:UnconsciousUprising","Koishi:SubterraneanRose"],"picked":"SKIP","floor":29},{"not_picked":["Koishi:Jaunt+1","Koishi:ApparitionsStalkTheNight","Koishi:Prune+1"],"picked":"SKIP","floor":30},{"not_picked":["Koishi:PhantomStrike+1","Koishi:UnansweredLove"],"picked":"Koishi:Whimsy","floor":31},{"not_picked":["Koishi:FleetingPhantom","Koishi:DanmakuParanoia","Koishi:VengefulSpirit"],"picked":"SKIP","floor":35},{"not_picked":["Koishi:TremblingHands+1","Koishi:SpiritedAway+1","Koishi:RacingHeart+1"],"picked":"SKIP","floor":37},{"not_picked":["Koishi:Prune+1","Koishi:RacingHeart+1","Koishi:ParalyzingFear+1"],"picked":"SKIP","floor":38},{"not_picked":["Koishi:DNAsFlaw","Koishi:UnconsciousUprising","Koishi:UnansweredLove+1"],"picked":"SKIP","floor":40},{"not_picked":["Koishi:ReleaseOfTheId","Koishi:Possession","Koishi:RuptureMind+1"],"picked":"SKIP","floor":45},{"not_picked":["Koishi:Whimsy","Koishi:UnconsciousUprising","Koishi:Jaunt+1"],"picked":"SKIP","floor":46},{"not_picked":["Koishi:Bloodlust+1","Koishi:DNAsFlaw","Koishi:SpiritedAway+1"],"picked":"SKIP","floor":47},{"not_picked":["Koishi:JumpScare","Koishi:TraumaticStroke+1","Koishi:TremblingHands+1"],"picked":"SKIP","floor":48},{"not_picked":["Koishi:Jaunt+1","Koishi:UnansweredLove","Koishi:Prune+1"],"picked":"SKIP","floor":56}],"player_experience":447689,"relics_obtained":[{"floor":1,"key":"LetterFromLob"},{"floor":6,"key":"Vajra"},{"floor":8,"key":"Calipers"},{"floor":9,"key":"Whetstone"},{"floor":10,"key":"Sundial"},{"floor":23,"key":"Meat on the Bone"},{"floor":26,"key":"Bag of Marbles"},{"floor":26,"key":"Blue Candle"},{"floor":28,"key":"Eternal Feather"},{"floor":30,"key":"Blood Vial"},{"floor":40,"key":"Regal Pillow"},{"floor":42,"key":"Gambling Chip"},{"floor":43,"key":"Smiling Mask"},{"floor":45,"key":"War Paint"},{"floor":47,"key":"Koishi:LettersToReimu"},{"floor":56,"key":"Bird Faced Urn"}],"event_choices":[{"damage_healed":0,"gold_gain":0,"player_choice":"Take Damage","damage_taken":22,"relics_obtained":["Golden Idol"],"max_hp_gain":0,"max_hp_loss":0,"event_name":"Golden Idol","floor":2,"gold_loss":0},{"damage_healed":0,"gold_gain":0,"player_choice":"RE RE ","damage_taken":35,"relics_obtained":["Happy Flower","Potion Belt"],"max_hp_gain":0,"max_hp_loss":0,"event_name":"betterSkull:BetterSkull","floor":3,"gold_loss":0,"cards_upgraded":[]},{"damage_healed":0,"gold_gain":0,"player_choice":"Paid Gold","damage_taken":0,"relics_obtained":["Juzu Bracelet"],"max_hp_gain":0,"max_hp_loss":0,"event_name":"WeMeetAgain","floor":5,"gold_loss":60},{"damage_healed":0,"gold_gain":0,"player_choice":"Read","damage_taken":0,"max_hp_gain":0,"max_hp_loss":0,"event_name":"The Library","floor":19,"gold_loss":0,"cards_obtained":["Koishi:ReflexRadar"]},{"damage_healed":0,"gold_gain":50,"player_choice":"Stole From Cult","damage_taken":0,"max_hp_gain":0,"max_hp_loss":0,"event_name":"Nest","floor":21,"gold_loss":0},{"damage_healed":0,"gold_gain":0,"player_choice":"Got Potions","damage_taken":0,"max_hp_gain":0,"max_hp_loss":0,"event_name":"Lab","floor":27,"gold_loss":0},{"damage_healed":0,"gold_gain":0,"player_choice":"Memory 3","damage_taken":10,"max_hp_gain":0,"max_hp_loss":0,"event_name":"SensoryStone","floor":36,"gold_loss":0},{"cards_removed":["Koishi:ReflexRadar"],"damage_healed":0,"gold_gain":0,"player_choice":"Removed Skill","damage_taken":0,"max_hp_gain":0,"max_hp_loss":0,"event_name":"Falling","floor":41,"gold_loss":0},{"damage_healed":0,"gold_gain":0,"player_choice":"Fight","damage_taken":0,"max_hp_gain":0,"max_hp_loss":0,"event_name":"Mysterious Sphere","floor":42,"gold_loss":0}],"is_beta":false,"boss_relics":[{"not_picked":["Pandora\u0027s Box","Cursed Key"],"picked":"Runic Pyramid"},{"not_picked":["Calling Bell","Busted Crown"],"picked":"SacredBark"}],"items_purged_floors":[0,0,0,0,0,0,22,24,55],"is_endless":false,"potions_floor_spawned":[6,12,13,16,23,28,30,31,40,45,46,48],"ascension_level":20}}