{"host":"drl4gs3853zme1q6","time":1613459619,"event":{"mods":["BaseMod","Colored Map","Colored Powertips","Hermit","Hubris","Infinite Spire","Minty Spire (QoL Compilation)","Replay The Spire","StSLib"],"gold_per_floor":[118,134,134,147,160,160,194,294,345,356,356,398,419,419,419,515,515,536,476,505,505,304,346,346,346],"floor_reached":24,"language":"ENG","playtime":935,"items_purged":[],"score":276,"play_id":"c5c3ff42-4b79-463a-a209-f06235ee9214","local_time":"20210216011339","daily_mods":["Heirloom","Time Dilation"],"is_ascension_mode":false,"campfire_choices":[{"data":"1","floor":6,"key":"LIFT"},{"data":"Noxious Fumes","floor":11,"key":"SMITH"},{"data":"After Image","floor":15,"key":"SMITH"}],"circlet_count":0,"master_deck":["Strike_G","Strike_G","Strike_G","Strike_G","Strike_G","Defend_G","Defend_G","Defend_G","Defend_G","Defend_G","Survivor","Neutralize","Poisoned Stab","After Image+1","Dagger Spray","Noxious Fumes+1","Bane","Crippling Poison","Replay:Poison Smokescreen","Deadly Poison","hubris:NaturalOne","Poisoned Stab+1","infinitespire:Collect"],"relics":["Girya","Sizzling Blood","Smiling Mask","CeramicFish","hubris:Icosahedron","hubris:Backtick","Snake Skull","ReplayTheSpireMod:Lightbulb","ReplayFunnel"],"acts_visited":["Exordium","TheCity"],"potions_floor_usage":[7,13,16,23,23],"damage_taken":[{"damage":1,"enemies":"Cultist","floor":1,"turns":4},{"damage":4,"enemies":"2 Louse","floor":2,"turns":3},{"damage":0,"enemies":"Small Slimes","floor":4,"turns":3},{"damage":3,"enemies":"Exordium Thugs","floor":5,"turns":5},{"damage":8,"enemies":"3 Sentries","floor":7,"turns":7},{"damage":2,"enemies":"Blue Slaver","floor":10,"turns":4},{"damage":14,"enemies":"Gremlin Nob","floor":12,"turns":4},{"damage":4,"enemies":"3 Louse","floor":13,"turns":2},{"damage":0,"enemies":"Slime Boss","floor":16,"turns":7},{"damage":4,"enemies":"Spheric Guardian","floor":18,"turns":5},{"damage":25,"enemies":"2 Thieves","floor":19,"turns":4},{"damage":13,"enemies":"Centurion and Healer","floor":20,"turns":6},{"damage":34,"enemies":"Nightmare","floor":23,"turns":7},{"damage":22,"enemies":"Shelled Parasite and Fungi","floor":24,"turns":4}],"seed_played":"-7798828482357548573","potions_obtained":[{"floor":1,"key":"Fire Potion"},{"floor":7,"key":"Swift Potion"},{"floor":10,"key":"Explosive Potion"},{"floor":12,"key":"SteroidPotion"},{"floor":16,"key":"Regen Potion"},{"floor":18,"key":"SteroidPotion"}],"is_trial":true,"path_per_floor":["M","M","?","M","M","R","E","?","T","M","R","E","M","?","R","B",null,"M","M","M","?","$","NM","M"],"character_chosen":"THE_SILENT","items_purchased":["ReplayTheSpireMod:Lightbulb"],"campfire_rested":0,"item_purchase_floors":[22],"current_hp_per_floor":[69,65,69,73,74,74,70,70,70,72,72,62,62,62,62,66,74,74,53,44,44,44,29,7,7],"gold":346,"neow_bonus":"","is_daily":false,"chose_seed":false,"campfire_upgraded":2,"win_rate":0.0,"timestamp":1613459619,"path_taken":["M","?","?","M","M","R","E","?","T","M","R","E","?","?","R","BOSS","M","M","M","?","$","NM","M"],"items_purchased_type":["Relic"],"build_version":"2020-12-22","purchased_purges":0,"victory":false,"max_hp_per_floor":[70,70,74,74,74,74,74,74,74,74,74,74,74,74,74,74,74,74,74,74,74,74,74,74,74],"card_choices":[{"not_picked":["Outmaneuver","hubris:Sniper"],"picked":"Poisoned Stab","floor":1},{"not_picked":["Tactician","Quick Slash"],"picked":"After Image","floor":2},{"not_picked":["Escape Plan","Acrobatics"],"picked":"Dagger Spray","floor":4},{"not_picked":["Prepared","Underhanded Strike"],"picked":"Noxious Fumes","floor":5},{"not_picked":["Heel Hook","Sucker Punch"],"picked":"Bane","floor":7},{"not_picked":["Deflect","Dagger Throw","Dagger Spray"],"picked":"SKIP","floor":10},{"not_picked":["Heel Hook","hubris:TrickCloak"],"picked":"Crippling Poison","floor":12},{"not_picked":["Sneak Up","Sucker Punch"],"picked":"Replay:Poison Smokescreen","floor":13},{"not_picked":["Flying Knee","Toxin Wave"],"picked":"Deadly Poison","floor":18},{"not_picked":["Draining Mist+1","Accuracy","Terror"],"picked":"SKIP","floor":19},{"not_picked":["PiercingWail","Outmaneuver+1"],"picked":"Poisoned Stab","floor":20},{"not_picked":["ReplayTheSpireMod:Echoes of Time","ReplayTheSpireMod:??????????????????????"],"picked":"infinitespire:Collect","floor":23},{"not_picked":["Reflex","Concentrate","Dagger Throw"],"picked":"SKIP","floor":23}],"player_experience":343996,"relics_obtained":[{"floor":9,"key":"Smiling Mask"},{"floor":12,"key":"CeramicFish"},{"floor":23,"key":"ReplayFunnel"}],"event_choices":[{"damage_healed":0,"gold_gain":100,"player_choice":"Gold","damage_taken":0,"max_hp_gain":0,"max_hp_loss":0,"event_name":"Wheel of Change","floor":8,"gold_loss":0}],"is_beta":false,"boss_relics":[{"not_picked":["ChewingGum","Replay:Grab Bag"],"picked":"hubris:Backtick"}],"items_purged_floors":[],"is_endless":true,"potions_floor_spawned":[1,7,10,12,16,18],"killed_by":"Shelled Parasite and Fungi","ascension_level":0}}