{"host":"xsuxkwaivmtd234a","time":1613514740,"event":{"mods":["BaseMod","Bestiary","Colored Map","Filter the Spire","Minty Spire (QoL Compilation)","Relic Stats","StSLib"],"gold_per_floor":[116,116,132,150,168,207,207,242,265,265,289,289,329,345,345,474,474,499,524,449,449,229,272,272,295,295,331,331,374,398,418,418,418,418],"floor_reached":33,"language":"ENG","playtime":1383,"items_purged":["Strike_R"],"score":503,"play_id":"41fdd8ca-5dec-4631-94dc-6d724be74703","local_time":"20210216173220","is_ascension_mode":true,"campfire_choices":[{"floor":7.0,"key":"REST"},{"floor":10.0,"key":"REST"},{"data":"1","floor":12.0,"key":"LIFT"},{"data":"Uppercut","floor":15.0,"key":"SMITH"},{"data":"2","floor":24,"key":"LIFT"},{"data":"3","floor":28,"key":"LIFT"},{"floor":32,"key":"REST"}],"circlet_count":0,"master_deck":["Defend_R","Defend_R+1","Defend_R+1","Defend_R","Bash+1","Pommel Strike","Carnage+1","Uppercut+1","Blood for Blood","Fiend Fire","Whirlwind","Shockwave","Exhume","Offering+1","Ghostly Armor+1","Flame Barrier+1","Feel No Pain+1","True Grit+1","Double Tap"],"relics":["Burning Blood","Girya","Golden Idol","War Paint","Tiny Chest","Red Skull","Akabeko","Nloth\u0027s Gift","ClockworkSouvenir","Du-Vu Doll","Blood Vial","Whetstone","Gambling Chip"],"acts_visited":["Exordium","TheCity"],"potions_floor_usage":[23,27,27],"damage_taken":[{"damage":10.0,"enemies":"2 Louse","floor":1.0,"turns":3.0},{"damage":2.0,"enemies":"Jaw Worm","floor":3.0,"turns":3.0},{"damage":6.0,"enemies":"Cultist","floor":4.0,"turns":3.0},{"damage":5.0,"enemies":"2 Fungi Beasts","floor":5.0,"turns":3.0},{"damage":40.0,"enemies":"Gremlin Nob","floor":6.0,"turns":5.0},{"damage":28.0,"enemies":"Lagavulin","floor":8.0,"turns":6.0},{"damage":8.0,"enemies":"Exordium Thugs","floor":11.0,"turns":5.0},{"damage":16.0,"enemies":"Gremlin Nob","floor":13.0,"turns":3.0},{"damage":0.0,"enemies":"Gremlin Gang","floor":14.0,"turns":1.0},{"damage":0.0,"enemies":"Slime Boss","floor":16.0,"turns":4.0},{"damage":6.0,"enemies":"Chosen","floor":18.0,"turns":3.0},{"damage":0.0,"enemies":"3 Byrds","floor":19.0,"turns":3.0},{"damage":20,"enemies":"Book of Stabbing","floor":23,"turns":2},{"damage":6,"enemies":"Snake Plant","floor":25,"turns":1},{"damage":6,"enemies":"Gremlin Leader","floor":27,"turns":5},{"damage":39,"enemies":"Slavers","floor":29,"turns":3},{"damage":6,"enemies":"Snecko","floor":30,"turns":2},{"damage":6,"enemies":"3 Cultists","floor":31,"turns":1},{"damage":65,"enemies":"Collector","floor":33,"turns":6}],"seed_played":"-4202980757594729504","potions_obtained":[{"floor":6.0,"key":"Fire Potion"},{"floor":11.0,"key":"SmokeBomb"},{"floor":13.0,"key":"DuplicationPotion"},{"floor":14.0,"key":"Energy Potion"},{"floor":18.0,"key":"AttackPotion"},{"floor":23,"key":"ColorlessPotion"},{"floor":30,"key":"Strength Potion"}],"is_trial":false,"path_per_floor":["M","?","M","M","M","E","R","E","T","R","M","R","E","M","R","B",null,"M","M","?","?","$","E","R","M","T","E","R","E","M","M","R","B"],"character_chosen":"IRONCLAD","items_purchased":["ClockworkSouvenir"],"campfire_rested":3,"item_purchase_floors":[22],"current_hp_per_floor":[68,50,54,54,55,21,42,20,20,41,39,39,29,35,35,41,64,64,70,70,70,70,56,56,56,56,58,58,27,29,31,52,0,0],"gold":418,"neow_bonus":"ONE_RARE_RELIC","is_daily":false,"chose_seed":false,"campfire_upgraded":1,"win_rate":0.0,"timestamp":1613514740,"path_taken":["M","?","M","M","M","E","R","E","T","R","M","R","E","M","R","BOSS","M","M","?","?","$","E","R","M","T","E","R","E","M","?","R","BOSS"],"items_purchased_type":["Relic"],"build_version":"2020-12-22","purchased_purges":1,"victory":false,"max_hp_per_floor":[72,72,72,72,72,72,72,72,72,72,72,72,72,72,72,72,72,72,72,72,72,72,72,72,72,72,72,72,72,72,72,72,72,72],"relic_stats":{"Blood Vial":10,"counters":[19,62],"Golden Idol":117,"Gambling Chip":[12],"Tiny Chest":0,"Nloth\u0027s Gift":3,"Whetstone":["Carnage","Bash"],"War Paint":["Defend_R","Defend_R"],"obtain_stats":[{"Girya":0,"Golden Idol":2,"Astrolabe":17,"Whetstone":27,"War Paint":6,"Burning Blood":0,"Akabeko":13,"ClockworkSouvenir":22,"Du-Vu Doll":23,"Blood Vial":26,"Gambling Chip":29,"Tiny Chest":8,"Nloth\u0027s Gift":21,"Red Skull":9},{"Girya":0,"Golden Idol":1,"Astrolabe":10,"Whetstone":15,"War Paint":5,"Burning Blood":0,"Akabeko":8,"ClockworkSouvenir":12,"Du-Vu Doll":13,"Blood Vial":14,"Gambling Chip":16,"Tiny Chest":6,"Nloth\u0027s Gift":12,"Red Skull":6},{"Girya":0,"Golden Idol":3,"Astrolabe":36,"Whetstone":50,"War Paint":17,"Burning Blood":0,"Akabeko":31,"ClockworkSouvenir":42,"Du-Vu Doll":44,"Blood Vial":45,"Gambling Chip":53,"Tiny Chest":23,"Nloth\u0027s Gift":42,"Red Skull":23}],"Burning Blood":108},"card_choices":[{"not_picked":["Warcry","True Grit"],"picked":"Pommel Strike","floor":1.0},{"not_picked":["Disarm","Clash"],"picked":"Carnage","floor":3.0},{"not_picked":["Heavy Blade","Iron Wave","Havoc"],"picked":"SKIP","floor":4.0},{"not_picked":["Entrench","Shrug It Off"],"picked":"Uppercut","floor":5.0},{"not_picked":["Wild Strike","Dropkick"],"picked":"Blood for Blood","floor":6.0},{"not_picked":["True Grit","Rage"],"picked":"Fiend Fire","floor":8.0},{"not_picked":["Evolve","Iron Wave","Combust"],"picked":"SKIP","floor":11.0},{"not_picked":["Dual Wield","Burning Pact"],"picked":"Whirlwind","floor":13.0},{"not_picked":["Combust","Perfected Strike"],"picked":"Shockwave","floor":14.0},{"not_picked":["Bludgeon","Juggernaut"],"picked":"Exhume","floor":16.0},{"not_picked":["Clash","Rupture","Twin Strike"],"picked":"SKIP","floor":18.0},{"not_picked":["Perfected Strike+1","Heavy Blade","Body Slam+1"],"picked":"SKIP","floor":19.0},{"not_picked":["Feed","Shrug It Off"],"picked":"Feel No Pain+1","floor":23},{"not_picked":["Clothesline+1","Anger+1"],"picked":"True Grit+1","floor":25},{"not_picked":["Metallicize","Berserk"],"picked":"Double Tap","floor":27},{"not_picked":["Rage","Immolate","Second Wind"],"picked":"SKIP","floor":29},{"not_picked":["Perfected Strike","Havoc","Blood for Blood+1"],"picked":"SKIP","floor":30},{"not_picked":["Evolve","Clothesline","Sword Boomerang"],"picked":"SKIP","floor":31}],"player_experience":1279578,"relics_obtained":[{"floor":6.0,"key":"War Paint"},{"floor":8.0,"key":"Tiny Chest"},{"floor":9.0,"key":"Red Skull"},{"floor":13.0,"key":"Akabeko"},{"floor":23,"key":"Du-Vu Doll"},{"floor":26,"key":"Blood Vial"},{"floor":27,"key":"Whetstone"},{"floor":29,"key":"Gambling Chip"}],"event_choices":[{"damage_healed":0.0,"max_hp_gain":0.0,"max_hp_loss":0.0,"gold_gain":0.0,"event_name":"Golden Idol","player_choice":"Take Damage","floor":2.0,"gold_loss":0.0,"damage_taken":18.0,"relics_obtained":["Golden Idol"]},{"cards_removed":["Strike_R"],"damage_healed":0.0,"max_hp_gain":0.0,"max_hp_loss":0.0,"gold_gain":0.0,"event_name":"Beggar","player_choice":"Gave Gold","floor":20.0,"gold_loss":75.0,"damage_taken":0.0},{"damage_healed":0.0,"max_hp_gain":0.0,"max_hp_loss":0.0,"gold_gain":0.0,"event_name":"N\u0027loth","player_choice":"Traded Relic","floor":21.0,"relics_lost":["Astrolabe"],"gold_loss":0.0,"damage_taken":0.0,"relics_obtained":["Nloth\u0027s Gift"]}],"is_beta":false,"boss_relics":[{"not_picked":["Runic Cube","SlaversCollar"],"picked":"Astrolabe"}],"items_purged_floors":[22],"is_endless":false,"potions_floor_spawned":[6,11,13,14,18,23,25,30],"killed_by":"Collector","ascension_level":5}}