{"host":"ymmeoa1x24ihslbm","time":1613483685,"event":{"mods":["AchievementEnabler","BaseMod","Colored Map","Colored Powertips","Defuse TimeMaze Blight","Highlight Path","Minty Spire (QoL Compilation)","Permanent Neow","Quick Restart","StSLib","Unceasing Turn Reminder"],"gold_per_floor":[111,131,146,71,71,106,106,121,202,202,219,219,250,264,264,340,340,357,357,374,393,244,244,261,261,261],"floor_reached":25,"language":"ENG","playtime":1765,"items_purged":[],"score":376,"play_id":"dd726a64-ed9e-4166-a011-9709997a0e1d","local_time":"20210216145445","is_ascension_mode":true,"campfire_choices":[{"data":"Dash","floor":7,"key":"SMITH"},{"data":"Dagger Spray","floor":10,"key":"SMITH"},{"floor":15,"key":"REST"},{"data":"Catalyst","floor":23,"key":"SMITH"}],"circlet_count":0,"master_deck":["AscendersBane","Survivor","Neutralize","Dagger Throw","Escape Plan","Bouncing Flask","Dagger Spray+1","Dash+1","Underhanded Strike","Footwork","Dodge and Roll","Blur","Tactician","Slice","Envenom+1","Leg Sweep+1","Escape Plan","Catalyst+1","Well Laid Plans+1"],"relics":["Pandora\u0027s Box","Gambling Chip","Frozen Egg 2","Regal Pillow","Smiling Mask","HoveringKite","Toy Ornithopter","Bag of Marbles"],"acts_visited":["Exordium","TheCity"],"potions_floor_usage":[3,13,14,16],"damage_taken":[{"damage":0,"enemies":"Cultist","floor":1,"turns":3},{"damage":0,"enemies":"2 Louse","floor":2,"turns":2},{"damage":0,"enemies":"Jaw Worm","floor":3,"turns":2},{"damage":26,"enemies":"3 Sentries","floor":6,"turns":12},{"damage":0,"enemies":"Red Slaver","floor":8,"turns":3},{"damage":0,"enemies":"Blue Slaver","floor":11,"turns":2},{"damage":20,"enemies":"Lagavulin","floor":13,"turns":3},{"damage":0,"enemies":"2 Fungi Beasts","floor":14,"turns":2},{"damage":6,"enemies":"The Guardian","floor":16,"turns":9},{"damage":13,"enemies":"Spheric Guardian","floor":18,"turns":5},{"damage":16,"enemies":"3 Byrds","floor":20,"turns":5},{"damage":0,"enemies":"Shelled Parasite and Fungi","floor":21,"turns":7},{"damage":29,"enemies":"Sentry and Sphere","floor":24,"turns":6},{"damage":3,"enemies":"Snake Plant","floor":25,"turns":4}],"seed_played":"4113349316167345791","potions_obtained":[{"floor":1,"key":"LiquidBronze"},{"floor":2,"key":"SneckoOil"},{"floor":8,"key":"Fire Potion"},{"floor":13,"key":"AttackPotion"},{"floor":18,"key":"CultistPotion"}],"is_trial":false,"path_per_floor":["M","M","M","?","?","E","R","M","T","R","M","?","E","M","R","B",null,"M","?","M","M","$","R","M","M"],"character_chosen":"THE_SILENT","items_purchased":["Bag of Marbles"],"campfire_rested":1,"item_purchase_floors":[22],"current_hp_per_floor":[59,59,59,59,59,33,33,33,33,33,33,28,8,8,42,36,59,46,46,30,30,30,30,1,0,0],"gold":261,"neow_bonus":"BOSS_RELIC","is_daily":false,"chose_seed":false,"campfire_upgraded":3,"win_rate":0.0,"timestamp":1613483685,"path_taken":["M","M","M","?","?","E","R","?","T","R","M","?","E","M","R","BOSS","M","?","M","M","$","R","M","M"],"items_purchased_type":["Relic"],"build_version":"2020-12-22","purchased_purges":0,"victory":false,"max_hp_per_floor":[66,66,66,66,66,66,66,66,66,66,66,66,66,66,66,66,66,66,66,66,66,66,66,66,66,66],"card_choices":[{"not_picked":["Riddle With Holes","Eviscerate","Accuracy"],"picked":"SKIP","floor":1},{"not_picked":["Flechettes","Sucker Punch"],"picked":"Blur","floor":2},{"not_picked":["Bouncing Flask","Dodge and Roll"],"picked":"Tactician","floor":3},{"not_picked":["Sucker Punch","PiercingWail","Flying Knee"],"picked":"SKIP","floor":6},{"not_picked":["Reflex","Dodge and Roll"],"picked":"Slice","floor":8},{"not_picked":["Flying Knee","Riddle With Holes","Dagger Throw"],"picked":"SKIP","floor":11},{"not_picked":["Die Die Die","Underhanded Strike","Deadly Poison"],"picked":"SKIP","floor":13},{"not_picked":["Distraction","Sucker Punch","Flying Knee"],"picked":"SKIP","floor":14},{"not_picked":["Adrenaline","Storm of Steel"],"picked":"Envenom+1","floor":16},{"not_picked":["Distraction","Sucker Punch"],"picked":"Leg Sweep+1","floor":18},{"not_picked":["PiercingWail","Sucker Punch"],"picked":"Escape Plan","floor":20},{"not_picked":["Riddle With Holes","Slice"],"picked":"Catalyst","floor":21},{"not_picked":["Expertise","Blade Dance"],"picked":"Well Laid Plans+1","floor":24}],"player_experience":597867,"relics_obtained":[{"floor":6,"key":"Gambling Chip"},{"floor":9,"key":"Frozen Egg 2"},{"floor":13,"key":"Smiling Mask"}],"event_choices":[{"cards_removed":["Expertise"],"damage_healed":0,"gold_gain":0,"player_choice":"Card Removal","damage_taken":0,"max_hp_gain":0,"max_hp_loss":0,"event_name":"The Cleric","floor":4,"gold_loss":75},{"cards_removed":["Grand Finale"],"damage_healed":0,"gold_gain":0,"player_choice":"Purged","damage_taken":0,"max_hp_gain":0,"max_hp_loss":0,"event_name":"Purifier","floor":5,"gold_loss":0},{"damage_healed":0,"gold_gain":0,"player_choice":"Success","damage_taken":5,"relics_obtained":["Regal Pillow"],"max_hp_gain":0,"max_hp_loss":0,"event_name":"Scrap Ooze","floor":12,"gold_loss":0},{"damage_healed":0,"gold_gain":0,"player_choice":"Gave Potion","damage_taken":0,"relics_obtained":["Toy Ornithopter"],"max_hp_gain":0,"max_hp_loss":0,"event_name":"WeMeetAgain","floor":19,"gold_loss":0}],"is_beta":false,"boss_relics":[{"not_picked":["Ectoplasm","Fusion Hammer"],"picked":"HoveringKite"}],"items_purged_floors":[],"is_endless":false,"potions_floor_spawned":[1,2,8,13,18],"killed_by":"Snake Plant","ascension_level":15}}