{"host":"7sni158j623xchr2","time":1613435262,"event":{"mods":["BaseMod","Colored Map","Highlight Path","Minty Spire (QoL Compilation)","Permanent Neow","Potion Indicator Mod","Rare Cards Sparkle","Relic Sorter","Relic Stats","StSLib","everything is the same but u backflip on backflip"],"gold_per_floor":[118,118,134,134,30,65,65,98,121,138,138,138,164,176,176,277,277,291,95,115,39,139,173,173,201,201,231,244,261,261,273,273,377,377,393,393,393,409,426,457,470,480,480,480,514,75,104,118,118,118,118,118,18,46,46],"floor_reached":56,"language":"ENG","playtime":2131,"items_purged":["Strike_G","Strike_G","Regret","Parasite"],"score":1602,"play_id":"9a2ec3b8-8a8d-45de-92fa-dbce1e56cc38","local_time":"20210215182742","is_ascension_mode":true,"campfire_choices":[{"data":"Dash","floor":7,"key":"SMITH"},{"data":"Glass Knife","floor":11,"key":"SMITH"},{"data":"Bouncing Flask","floor":15,"key":"SMITH"},{"data":"Adrenaline","floor":24,"key":"SMITH"},{"floor":30,"key":"REST"},{"data":"Neutralize","floor":32,"key":"SMITH"},{"floor":44,"key":"REST"},{"floor":49,"key":"RECALL"},{"data":"Catalyst","floor":52,"key":"SMITH"}],"circlet_count":0,"master_deck":["Strike_G","Strike_G","Strike_G","Defend_G+1","Defend_G","Defend_G","Defend_G","Survivor","Neutralize+1","Bouncing Flask+1","Deflect","Dash+1","Glass Knife+1","Backstab","Adrenaline+1","PiercingWail+1","Catalyst+1","Well Laid Plans+1","Dagger Spray+1","Wraith Form v2+1","Deadly Poison+1","Apotheosis","Deflect+1","PiercingWail+1","PiercingWail+1","Blind","Catalyst+1","PiercingWail+1"],"relics":["Ring of the Snake","StoneCalendar","Dream Catcher","Smiling Mask","Singing Bowl","Pen Nib","Tingsha","Cursed Key","Anchor","Frozen Egg 2","Orichalcum","Paper Crane","Nunchaku","Philosopher\u0027s Stone","Strawberry","Dead Branch","Ornamental Fan","Centennial Puzzle","War Paint","Shuriken","Lizard Tail"],"acts_visited":["Exordium","TheCity","TheBeyond","TheEnding"],"potions_floor_usage":[13,25,27,31,33,39,53,55,55,55,55,55,55],"damage_taken":[{"damage":0,"enemies":"2 Louse","floor":1,"turns":4},{"damage":4,"enemies":"Jaw Worm","floor":3,"turns":3},{"damage":19,"enemies":"Gremlin Nob","floor":6,"turns":5},{"damage":3,"enemies":"Lagavulin","floor":8,"turns":7},{"damage":0,"enemies":"Cultist","floor":10,"turns":3},{"damage":7,"enemies":"Gremlin Nob","floor":13,"turns":3},{"damage":0,"enemies":"Blue Slaver","floor":14,"turns":2},{"damage":12,"enemies":"Slime Boss","floor":16,"turns":7},{"damage":3,"enemies":"Spheric Guardian","floor":18,"turns":3},{"damage":0,"enemies":"2 Thieves","floor":20,"turns":2},{"damage":7,"enemies":"Slavers","floor":23,"turns":5},{"damage":30,"enemies":"Gremlin Leader","floor":25,"turns":6},{"damage":0,"enemies":"Book of Stabbing","floor":27,"turns":3},{"damage":11,"enemies":"Snake Plant","floor":28,"turns":3},{"damage":5,"enemies":"Shelled Parasite and Fungi","floor":29,"turns":3},{"damage":0,"enemies":"Sentry and Sphere","floor":31,"turns":3},{"damage":31,"enemies":"Automaton","floor":33,"turns":11},{"damage":21,"enemies":"3 Shapes","floor":35,"turns":3},{"damage":1,"enemies":"3 Darklings","floor":38,"turns":6},{"damage":13,"enemies":"Sphere and 2 Shapes","floor":39,"turns":4},{"damage":25,"enemies":"Nemesis","floor":40,"turns":7},{"damage":3,"enemies":"Spire Growth","floor":41,"turns":4},{"damage":2,"enemies":"Writhing Mass","floor":42,"turns":6},{"damage":0,"enemies":"Giant Head","floor":45,"turns":8},{"damage":0,"enemies":"Nemesis","floor":47,"turns":7},{"damage":1,"enemies":"Jaw Worm Horde","floor":48,"turns":4},{"damage":30,"enemies":"Awakened One","floor":50,"turns":15},{"damage":0,"enemies":"Shield and Spear","floor":54,"turns":9},{"damage":56,"enemies":"The Heart","floor":55,"turns":7}],"seed_played":"-5074191536757938063","potions_obtained":[{"floor":1,"key":"LiquidBronze"},{"floor":10,"key":"DistilledChaos"},{"floor":13,"key":"Weak Potion"},{"floor":29,"key":"Fire Potion"},{"floor":31,"key":"PowerPotion"},{"floor":35,"key":"Dexterity Potion"},{"floor":38,"key":"SneckoOil"},{"floor":40,"key":"Fruit Juice"},{"floor":45,"key":"Swift Potion"}],"is_trial":false,"path_per_floor":["M","?","M","?","$","E","R","E","T","M","R","?","E","M","R","B",null,"M","$","M","$","?","E","R","E","T","E","M","M","R","M","R","B",null,"M","?","?","M","M","E","M","M","T","R","E","$","E","M","R","B",null,"R","$","E","B",null],"character_chosen":"THE_SILENT","items_purchased":["EntropicBrew","Anchor","PiercingWail","Centennial Puzzle","War Paint","Blind","ColorlessPotion"],"campfire_rested":2,"item_purchase_floors":[5,19,21,46,46,46,53],"current_hp_per_floor":[63,63,59,52,52,33,33,30,30,32,32,32,25,27,27,15,67,66,66,68,68,68,63,63,33,33,33,22,19,43,43,43,14,79,58,52,59,60,47,22,19,19,19,49,51,51,51,50,50,20,98,98,100,102,46],"gold":46,"neow_bonus":"ONE_RARE_RELIC","is_daily":false,"chose_seed":false,"campfire_upgraded":6,"win_rate":0.0,"timestamp":1613435262,"path_taken":["M","?","M","?","$","E","R","E","T","M","R","?","E","M","R","BOSS","M","?","M","$","?","E","R","E","T","E","?","M","R","?","R","BOSS","M","?","?","?","M","E","M","M","T","R","E","$","E","M","R","BOSS","R","$","E","BOSS"],"items_purchased_type":["Potion","Relic","Card","Relic","Relic","Card","Potion"],"build_version":"2020-12-22","purchased_purges":4,"victory":true,"max_hp_per_floor":[63,63,63,63,63,63,63,63,63,65,65,65,65,67,67,67,67,69,69,71,71,71,73,73,73,73,73,73,75,77,77,77,79,79,79,83,90,92,92,92,92,94,94,96,98,98,98,98,98,98,98,98,100,102,102],"relic_stats":{"Singing Bowl":30,"counters":[29,153],"Dead Branch":[69],"StoneCalendar":[286],"Tingsha":[42],"Pen Nib":[25],"Orichalcum":[72],"War Paint":["PiercingWail","Defend_G"],"Smiling Mask":250,"Cursed Key":2,"Dream Catcher":2,"Nunchaku":[17],"Centennial Puzzle":[9],"Lizard Tail":0,"Ornamental Fan":[36],"Shuriken":[7],"obtain_stats":[{"Singing Bowl":8,"Dead Branch":40,"StoneCalendar":0,"Tingsha":13,"Pen Nib":9,"Frozen Egg 2":23,"Orichalcum":25,"Paper Crane":26,"War Paint":46,"Smiling Mask":6,"Cursed Key":17,"Dream Catcher":2,"Anchor":19,"Nunchaku":27,"Centennial Puzzle":46,"Lizard Tail":54,"Ornamental Fan":45,"Shuriken":47,"Strawberry":37,"Philosopher\u0027s Stone":34,"Ring of the Snake":0},{"Singing Bowl":4,"Dead Branch":21,"StoneCalendar":0,"Tingsha":6,"Pen Nib":4,"Frozen Egg 2":11,"Orichalcum":12,"Paper Crane":12,"War Paint":24,"Smiling Mask":3,"Cursed Key":8,"Dream Catcher":1,"Anchor":9,"Nunchaku":13,"Centennial Puzzle":24,"Lizard Tail":28,"Ornamental Fan":24,"Shuriken":25,"Strawberry":18,"Philosopher\u0027s Stone":17,"Ring of the Snake":0},{"Singing Bowl":19,"Dead Branch":93,"StoneCalendar":0,"Tingsha":25,"Pen Nib":19,"Frozen Egg 2":44,"Orichalcum":50,"Paper Crane":50,"War Paint":111,"Smiling Mask":12,"Cursed Key":34,"Dream Catcher":4,"Anchor":37,"Nunchaku":53,"Centennial Puzzle":111,"Lizard Tail":146,"Ornamental Fan":111,"Shuriken":118,"Strawberry":76,"Philosopher\u0027s Stone":73,"Ring of the Snake":0}],"Ring of the Snake":[58]},"card_choices":[{"not_picked":["Outmaneuver","Dagger Throw"],"picked":"Bouncing Flask","floor":1},{"not_picked":["Acrobatics","Reflex"],"picked":"Deflect","floor":3},{"not_picked":["Bane","Backflip"],"picked":"Dash","floor":6},{"not_picked":["Predator","Tactician"],"picked":"Glass Knife","floor":8},{"not_picked":["Well Laid Plans","Sucker Punch","Backflip"],"picked":"Singing Bowl","floor":10},{"not_picked":["Noxious Fumes","Finisher"],"picked":"Backstab","floor":13},{"not_picked":["Sucker Punch","Prepared","Backflip"],"picked":"Singing Bowl","floor":14},{"not_picked":["Tools of the Trade","Unload"],"picked":"Adrenaline","floor":16},{"not_picked":["Escape Plan","Sucker Punch","Bouncing Flask"],"picked":"Singing Bowl","floor":18},{"not_picked":["Tactician","Setup","Blade Dance"],"picked":"Singing Bowl","floor":20},{"not_picked":["Bane","Sucker Punch","Dagger Throw"],"picked":"Singing Bowl","floor":23},{"not_picked":["Blade Dance+1","Underhanded Strike"],"picked":"Catalyst+1","floor":25},{"not_picked":["Sucker Punch","Deadly Poison"],"picked":"Well Laid Plans+1","floor":27},{"not_picked":["Poisoned Stab","Eviscerate"],"picked":"Dagger Spray+1","floor":28},{"not_picked":["Setup+1","Acrobatics","Underhanded Strike+1"],"picked":"Singing Bowl","floor":29},{"not_picked":["Deadly Poison","Dash","Prepared"],"picked":"Singing Bowl","floor":30},{"not_picked":["Flechettes","Bane"],"picked":"Wraith Form v2+1","floor":31},{"not_picked":["Phantasmal Killer","Tools of the Trade+1","Bullet Time"],"picked":"Singing Bowl","floor":33},{"not_picked":["Deflect+1","Heel Hook+1"],"picked":"Deadly Poison+1","floor":35},{"not_picked":["Flash of Steel","Forethought"],"picked":"Apotheosis","floor":36},{"not_picked":["Transmutation","Swift Strike","Panacea"],"picked":"Singing Bowl","floor":36},{"not_picked":["Dramatic Entrance","Swift Strike","PanicButton"],"picked":"Singing Bowl","floor":36},{"not_picked":["Blur","Deadly Poison+1","Endless Agony"],"picked":"Singing Bowl","floor":38},{"not_picked":["Dodge and Roll","Riddle With Holes"],"picked":"Deflect+1","floor":39},{"not_picked":["Accuracy+1","Tactician+1"],"picked":"PiercingWail+1","floor":40},{"not_picked":["Quick Slash+1","Deadly Poison+1"],"picked":"PiercingWail+1","floor":41},{"not_picked":["Flying Knee","Deadly Poison+1","Eviscerate+1"],"picked":"Singing Bowl","floor":42},{"not_picked":["Expertise+1","Choke+1","Accuracy+1"],"picked":"Singing Bowl","floor":44},{"not_picked":["Bane","Expertise","Poisoned Stab"],"picked":"Singing Bowl","floor":45},{"not_picked":["Sucker Punch+1","Venomology"],"picked":"Catalyst","floor":47},{"not_picked":["Backstab","Prepared"],"picked":"PiercingWail+1","floor":48},{"not_picked":["Unload","Choke","Quick Slash"],"picked":"Singing Bowl","floor":54}],"player_experience":1810261,"relics_obtained":[{"floor":6,"key":"Smiling Mask"},{"floor":8,"key":"Singing Bowl"},{"floor":9,"key":"Pen Nib"},{"floor":13,"key":"Tingsha"},{"floor":23,"key":"Frozen Egg 2"},{"floor":25,"key":"Orichalcum"},{"floor":26,"key":"Paper Crane"},{"floor":27,"key":"Nunchaku"},{"floor":40,"key":"Dead Branch"},{"floor":45,"key":"Ornamental Fan"},{"floor":47,"key":"Shuriken"},{"floor":54,"key":"Lizard Tail"}],"event_choices":[{"damage_healed":0,"gold_gain":0,"player_choice":"Box","damage_taken":0,"relics_obtained":["Dream Catcher"],"max_hp_gain":0,"max_hp_loss":0,"event_name":"Big Fish","floor":2,"gold_loss":0,"cards_obtained":["Regret"]},{"cards_removed":["Regret"],"damage_healed":0,"gold_gain":0,"player_choice":"Card Removal","damage_taken":7,"max_hp_gain":0,"max_hp_loss":0,"event_name":"Golden Wing","floor":4,"gold_loss":0},{"cards_removed":["Defend_G"],"damage_healed":0,"gold_gain":0,"player_choice":"Purged","damage_taken":0,"max_hp_gain":0,"max_hp_loss":0,"event_name":"Purifier","floor":12,"gold_loss":0},{"damage_healed":0,"gold_gain":100,"player_choice":"Pray","damage_taken":0,"max_hp_gain":0,"max_hp_loss":0,"event_name":"Golden Shrine","floor":22,"gold_loss":0},{"damage_healed":0,"gold_gain":0,"player_choice":"Memory 3","damage_taken":10,"max_hp_gain":0,"max_hp_loss":0,"event_name":"SensoryStone","floor":36,"gold_loss":0},{"damage_healed":0,"gold_gain":0,"player_choice":"Gave Potion","damage_taken":0,"relics_obtained":["Strawberry"],"max_hp_gain":0,"max_hp_loss":0,"event_name":"WeMeetAgain","floor":37,"gold_loss":0}],"is_beta":false,"boss_relics":[{"not_picked":["Astrolabe","Velvet Choker"],"picked":"Cursed Key"},{"not_picked":["WristBlade","Coffee Dripper"],"picked":"Philosopher\u0027s Stone"}],"items_purged_floors":[19,21,46,53],"is_endless":false,"potions_floor_spawned":[1,10,13,20,23,29,31,35,38,40,45],"ascension_level":2}}