{"host":"ydg0vn0pu4pubmdt","time":1613501916,"event":{"mods":["AchievementEnabler","BaseMod","Colored Map","Minty Spire (QoL Compilation)","Quick Restart","SuperFastMode"],"gold_per_floor":[114,133,133,133,133,164,177,212,261,274,290,325,325,336,336,411,411,424,424,349,349,363,389,400,433,485,485,516,531,531,546,546,546,546],"floor_reached":33,"language":"KOR","playtime":863,"items_purged":[],"score":879,"play_id":"2368b3ec-4cd9-4147-9ca8-9b829b868b7e","local_time":"20210217035836","is_ascension_mode":true,"campfire_choices":[{"data":"1","floor":13.0,"key":"LIFT"},{"data":"2","floor":15.0,"key":"LIFT"},{"floor":27.0,"key":"REST"},{"floor":30,"key":"REST"},{"data":"3","floor":32,"key":"LIFT"}],"circlet_count":0,"master_deck":["AscendersBane","Strike_R","Strike_R","Strike_R","Strike_R+1","Defend_R","Defend_R","Defend_R","Defend_R","Bash","Armaments","Pommel Strike+1","Immolate","Sword Boomerang","Shrug It Off","Seeing Red","Offering","Second Wind","Evolve","Body Slam+1","Feel No Pain"],"relics":["Burning Blood","NeowsBlessing","Question Card","Bag of Preparation","Girya","Akabeko","Gambling Chip","Pear","Smiling Mask","Blood Vial","Bag of Marbles"],"acts_visited":["Exordium","TheCity"],"potions_floor_usage":[29,33],"damage_taken":[{"damage":0.0,"enemies":"Small Slimes","floor":1.0,"turns":1.0},{"damage":0.0,"enemies":"Jaw Worm","floor":2.0,"turns":1.0},{"damage":0.0,"enemies":"3 Sentries","floor":6.0,"turns":1.0},{"damage":0.0,"enemies":"2 Louse","floor":7.0,"turns":1.0},{"damage":22.0,"enemies":"Lagavulin","floor":8.0,"turns":7.0},{"damage":0.0,"enemies":"2 Fungi Beasts","floor":10.0,"turns":2.0},{"damage":1.0,"enemies":"Lots of Slimes","floor":11.0,"turns":3.0},{"damage":0.0,"enemies":"3 Sentries","floor":12.0,"turns":4.0},{"damage":0.0,"enemies":"Large Slime","floor":14.0,"turns":2.0},{"damage":0.0,"enemies":"Slime Boss","floor":16.0,"turns":4.0},{"damage":6.0,"enemies":"3 Byrds","floor":18.0,"turns":5.0},{"damage":6.0,"enemies":"Chosen","floor":22.0,"turns":2.0},{"damage":21.0,"enemies":"Slavers","floor":23.0,"turns":4.0},{"damage":38.0,"enemies":"Shelled Parasite and Fungi","floor":24.0,"turns":3.0},{"damage":40.0,"enemies":"Gremlin Leader","floor":25.0,"turns":6.0},{"damage":28.0,"enemies":"Slavers","floor":28.0,"turns":3.0},{"damage":13,"enemies":"Chosen and Byrds","floor":29,"turns":3},{"damage":6,"enemies":"Snake Plant","floor":31,"turns":2},{"damage":82,"enemies":"Automaton","floor":33,"turns":6}],"seed_played":"8026235277042194115","potions_obtained":[{"floor":6.0,"key":"Weak Potion"},{"floor":8.0,"key":"Fruit Juice"},{"floor":10.0,"key":"SkillPotion"},{"floor":11.0,"key":"Explosive Potion"},{"floor":16.0,"key":"SteroidPotion"},{"floor":18.0,"key":"Energy Potion"},{"floor":28.0,"key":"ColorlessPotion"},{"floor":29,"key":"Strength Potion"}],"is_trial":false,"path_per_floor":["M","M","?","?","?","E","M","E","T","M","M","E","R","M","R","B",null,"M","?","?","?","M","E","M","E","T","R","E","M","R","M","R","B"],"character_chosen":"IRONCLAD","items_purchased":[],"campfire_rested":2,"item_purchase_floors":[],"current_hp_per_floor":[74,75,80,56,30,36,42,26,26,32,42,48,48,54,54,60,79,79,79,79,79,79,74,42,8,8,36,16,11,39,41,41,0,0],"gold":546,"neow_bonus":"THREE_ENEMY_KILL","is_daily":false,"chose_seed":false,"campfire_upgraded":0,"win_rate":0.0,"timestamp":1613501916,"path_taken":["M","M","?","?","?","E","M","E","T","M","?","E","R","M","R","BOSS","M","?","?","?","?","E","M","E","T","R","E","M","R","M","R","BOSS"],"items_purchased_type":[],"build_version":"2020-12-22","purchased_purges":0,"victory":false,"max_hp_per_floor":[75,75,80,80,80,80,80,80,80,80,85,85,85,85,85,85,85,85,85,85,85,85,95,95,95,95,95,95,95,95,95,95,95,95],"card_choices":[{"not_picked":["Burning Pact","Pummel"],"picked":"Armaments","floor":1.0},{"not_picked":["Headbutt","Intimidate"],"picked":"Pommel Strike","floor":2.0},{"not_picked":["Searing Blow","Whirlwind","Armaments"],"picked":"Immolate","floor":6.0},{"not_picked":["Inflame","Headbutt","Anger","Dark Embrace"],"picked":"SKIP","floor":7.0},{"not_picked":["Bludgeon","Infernal Blade","Warcry"],"picked":"Sword Boomerang","floor":8.0},{"not_picked":["Uppercut","Perfected Strike","Warcry","Armaments"],"picked":"SKIP","floor":10.0},{"not_picked":["Dropkick","Bloodletting","Body Slam"],"picked":"Shrug It Off","floor":11.0},{"not_picked":["Metallicize","Perfected Strike","Dark Embrace"],"picked":"Seeing Red","floor":12.0},{"not_picked":["Perfected Strike","Shrug It Off","Juggernaut","Carnage"],"picked":"SKIP","floor":14.0},{"not_picked":["Juggernaut","Exhume","Bludgeon"],"picked":"Offering","floor":16.0},{"not_picked":["Pommel Strike","Intimidate","Cleave"],"picked":"Second Wind","floor":18.0},{"not_picked":["Anger","Clash","Inflame","Havoc"],"picked":"SKIP","floor":22.0},{"not_picked":["Heavy Blade","Body Slam","Carnage"],"picked":"Evolve","floor":23.0},{"not_picked":["Ghostly Armor","Clothesline","Heavy Blade"],"picked":"Body Slam+1","floor":24.0},{"not_picked":["Twin Strike+1","Dropkick","Rage","Inflame"],"picked":"SKIP","floor":25.0},{"not_picked":["Reaper","Twin Strike","Dropkick","Warcry"],"picked":"SKIP","floor":28.0},{"not_picked":["Havoc","Heavy Blade","Pommel Strike"],"picked":"Feel No Pain","floor":29},{"not_picked":["Entrench","Clothesline","Demon Form","Body Slam"],"picked":"SKIP","floor":31}],"player_experience":601985,"relics_obtained":[{"floor":6.0,"key":"Bag of Preparation"},{"floor":8.0,"key":"Girya"},{"floor":9.0,"key":"Akabeko"},{"floor":12.0,"key":"Gambling Chip"},{"floor":23.0,"key":"Pear"},{"floor":25.0,"key":"Smiling Mask"},{"floor":26.0,"key":"Blood Vial"},{"floor":28.0,"key":"Bag of Marbles"}],"event_choices":[{"damage_healed":0.0,"max_hp_gain":5.0,"max_hp_loss":0.0,"gold_gain":0.0,"event_name":"Big Fish","player_choice":"Donut","floor":3.0,"gold_loss":0.0,"damage_taken":0.0},{"damage_healed":0.0,"max_hp_gain":0.0,"max_hp_loss":0.0,"gold_gain":0.0,"event_name":"Shining Light","player_choice":"Entered Light","floor":4.0,"gold_loss":0.0,"damage_taken":24.0,"cards_upgraded":["Pommel Strike","Strike_R"]},{"damage_healed":0.0,"max_hp_gain":0.0,"max_hp_loss":0.0,"gold_gain":0.0,"event_name":"Scrap Ooze","player_choice":"Success","floor":5.0,"gold_loss":0.0,"damage_taken":26.0,"relics_obtained":["Question Card"]},{"damage_healed":0.0,"max_hp_gain":0.0,"max_hp_loss":0.0,"gold_gain":0.0,"event_name":"Cursed Tome","player_choice":"Ignored","floor":19.0,"gold_loss":0.0,"damage_taken":0.0},{"cards_removed":["Strike_R"],"damage_healed":0.0,"max_hp_gain":0.0,"max_hp_loss":0.0,"gold_gain":0.0,"event_name":"Beggar","player_choice":"Gave Gold","floor":20.0,"gold_loss":75.0,"damage_taken":0.0},{"damage_healed":0.0,"max_hp_gain":0.0,"max_hp_loss":0.0,"gold_gain":0.0,"event_name":"Ghosts","player_choice":"Ignored","floor":21.0,"gold_loss":0.0,"damage_taken":0.0}],"is_beta":false,"boss_relics":[{"not_picked":["Velvet Choker","Calling Bell","Runic Dome"]}],"items_purged_floors":[],"is_endless":false,"potions_floor_spawned":[6,8,10,11,16,18,28,29],"killed_by":"Automaton","ascension_level":20}}