{"host":"blhqr6uo32maonpv","time":1613455699,"event":{"mods":["BaseMod","Conspire","Downfall","Minty Spire (QoL Compilation)","StSLib","The Bug Knight","The Marked"],"gold_per_floor":[112,112,132,149,149,175,192,209,209,11,67,85,110,80,80,179,179,189,206,206,206],"floor_reached":20,"language":"ENG","playtime":796,"items_purged":[],"score":211,"play_id":"4919bb17-e0cf-4ccd-a865-368073e9a710","local_time":"20210216020819","is_ascension_mode":false,"campfire_choices":[{"data":"Sword Boomerang","floor":15,"key":"SMITH"}],"circlet_count":0,"master_deck":["conspire:GhostlyStrike","conspire:GhostlyStrike","conspire:GhostlyStrike","conspire:GhostlyStrike","conspire:GhostlyStrike","conspire:GhostlyDefend","conspire:GhostlyDefend","conspire:GhostlyDefend","Bash","Sword Boomerang+1","Whirlwind","Flex","Reaper","Metallicize","Thunderclap","Metallicize","Warcry","Entrench+1","Dark Embrace","Iron Wave","Limit Break+1","Infernal Blade+1","Armaments+1"],"relics":["conspire:SpecialSausage","Shuriken","Paper Frog","Eternal Feather","Membership Card","Toxic Egg 2","Smiling Mask","conspire:RunicOctahedron"],"acts_visited":["Exordium","TheCity"],"potions_floor_usage":[4,11,13,16,16],"damage_taken":[{"damage":1,"enemies":"Jaw Worm","floor":1,"turns":3},{"damage":7,"enemies":"Small Slimes","floor":3,"turns":3},{"damage":0,"enemies":"Cultist","floor":4,"turns":2},{"damage":8,"enemies":"Gremlin Nob","floor":6,"turns":3},{"damage":10,"enemies":"Looter","floor":7,"turns":3},{"damage":15,"enemies":"Lots of Slimes","floor":8,"turns":3},{"damage":20,"enemies":"Lagavulin Event","floor":11,"turns":5},{"damage":0,"enemies":"2 Fungi Beasts","floor":12,"turns":2},{"damage":5,"enemies":"3 Sentries","floor":13,"turns":5},{"damage":54,"enemies":"The Guardian","floor":16,"turns":11},{"damage":12,"enemies":"Chosen","floor":18,"turns":6},{"damage":14,"enemies":"Spheric Guardian","floor":19,"turns":4},{"damage":0,"enemies":"Centurion and Healer","floor":20,"turns":1}],"seed_played":"-6232223603497686466","potions_obtained":[{"floor":1,"key":"Fruit Juice"},{"floor":8,"key":"Swift Potion"},{"floor":12,"key":"DistilledChaos"},{"floor":14,"key":"Guardian:BlockOnCardUsePotion"},{"floor":14,"key":"Explosive Potion"},{"floor":16,"key":"Energy Potion"},{"floor":18,"key":"SteroidPotion"}],"is_trial":false,"path_per_floor":["M","?","M","M","?","E","M","M","T","$","?","M","E","?","R","B",null,"M","M","M"],"character_chosen":"IRONCLAD","items_purchased":["Membership Card","Metallicize","Warcry"],"campfire_rested":0,"item_purchase_floors":[10,10,10],"current_hp_per_floor":[79,79,72,77,77,69,67,70,70,70,58,78,82,82,85,31,85,78,64,64,64],"gold":206,"neow_bonus":"BOSS_RELIC","is_daily":false,"chose_seed":false,"campfire_upgraded":1,"win_rate":0.0,"timestamp":1613455699,"path_taken":["M","?","M","M","?","E","M","?","T","$","?","M","E","?","R","BOSS","M","?","M"],"items_purchased_type":["Relic","Card","Card"],"build_version":"2020-12-22","purchased_purges":0,"victory":false,"max_hp_per_floor":[80,80,80,85,85,85,85,85,85,85,85,85,85,85,85,85,85,85,85,85,85],"card_choices":[{"not_picked":["Shockwave","Searing Blow"],"picked":"Sword Boomerang","floor":1},{"not_picked":["Infernal Blade","Cleave"],"picked":"Whirlwind","floor":3},{"not_picked":["Dual Wield","Warcry"],"picked":"Flex","floor":4},{"not_picked":["Sword Boomerang","Twin Strike"],"picked":"Reaper","floor":6},{"not_picked":["Body Slam","Searing Blow"],"picked":"Metallicize","floor":7},{"not_picked":["Cleave","Anger"],"picked":"Thunderclap","floor":8},{"not_picked":["Battle Trance+1","Iron Wave"],"picked":"Entrench+1","floor":11},{"not_picked":["Whirlwind","True Grit+1"],"picked":"Dark Embrace","floor":12},{"not_picked":["Feel No Pain","Carnage"],"picked":"Iron Wave","floor":13},{"not_picked":["Offering+1","Berserk"],"picked":"Limit Break+1","floor":16},{"not_picked":["Shrug It Off+1","Cleave"],"picked":"Infernal Blade+1","floor":18},{"not_picked":["Warcry+1","Disarm+1"],"picked":"Armaments+1","floor":19}],"player_experience":18823,"relics_obtained":[{"floor":6,"key":"Paper Frog"},{"floor":9,"key":"Eternal Feather"},{"floor":13,"key":"Smiling Mask"}],"event_choices":[{"damage_healed":0,"gold_gain":0,"player_choice":"Agree","damage_taken":0,"max_hp_gain":0,"max_hp_loss":0,"event_name":"conspire:LoneGhost","floor":2,"gold_loss":0},{"cards_removed":["conspire:GhostlyDefend"],"damage_healed":0,"gold_gain":0,"player_choice":"Gave Card","damage_taken":0,"relics_obtained":["Shuriken"],"max_hp_gain":0,"max_hp_loss":0,"event_name":"WeMeetAgain","floor":5,"gold_loss":0},{"damage_healed":0,"gold_gain":0,"player_choice":"Searched \u00273\u0027 times","damage_taken":0,"relics_obtained":["Toxic Egg 2"],"max_hp_gain":0,"max_hp_loss":0,"event_name":"Dead Adventurer","floor":11,"gold_loss":0},{"damage_healed":0,"gold_gain":0,"player_choice":"Bought 2 Potions","damage_taken":0,"max_hp_gain":0,"max_hp_loss":0,"event_name":"The Woman in Blue","floor":14,"gold_loss":0}],"is_beta":false,"boss_relics":[{"not_picked":["Busted Crown","Tiny House"],"picked":"conspire:RunicOctahedron"}],"items_purged_floors":[],"is_endless":false,"potions_floor_spawned":[1,8,11,12,16,18],"killed_by":"Centurion and Healer","ascension_level":0}}