{"host":"mydft8i2zzydgggw","time":1613465326,"event":{"mods":["AchievementEnabler","BaseMod","Colored Map","Colored Powertips","DeckTracker","Keyboard Shortcuts","Minty Spire (QoL Compilation)","Rare Cards Sparkle","StSLib","SuperFastMode","Together in Spire","everything is the same but u backflip on backflip"],"gold_per_floor":[111,61,61,78,90,90,100,133,133,133,133,15,34,134,134,134,134],"floor_reached":16,"language":"KOR","playtime":277,"items_purged":[],"score":155,"play_id":"6c86d17c-dd70-462e-83ae-b4120462fb87","local_time":"20210216174846","is_ascension_mode":true,"campfire_choices":[{"data":"Strike_R","floor":6,"key":"PURGE"},{"floor":10,"key":"REST"},{"data":"Strike_R","floor":15,"key":"PURGE"}],"circlet_count":0,"master_deck":["AscendersBane","Strike_R","Strike_R","Defend_R","Defend_R","Defend_R","Bash","Thunderclap","Body Slam","Battle Trance","Wild Strike","Reaper","Impervious"],"relics":["Burning Blood","Peace Pipe","White Beast Statue","Singing Bowl","The Courier"],"acts_visited":["Exordium"],"potions_floor_usage":[5,16,16],"damage_taken":[{"damage":0,"enemies":"Small Slimes","floor":1,"turns":3},{"damage":12,"enemies":"2 Louse","floor":4,"turns":3},{"damage":13,"enemies":"Jaw Worm","floor":5,"turns":4},{"damage":18,"enemies":"Large Slime","floor":7,"turns":5},{"damage":43,"enemies":"Gremlin Nob","floor":8,"turns":5},{"damage":13,"enemies":"Red Slaver","floor":13,"turns":6},{"damage":32,"enemies":"The Guardian","floor":16,"turns":11}],"seed_played":"-7030454075102649705","potions_obtained":[{"floor":1,"key":"Regen Potion"},{"floor":7,"key":"Dexterity Potion"},{"floor":13,"key":"SpeedPotion"}],"is_trial":false,"path_per_floor":["M","?","?","M","M","R","M","E","T","R","?","$","M","?","R","B"],"character_chosen":"IRONCLAD","items_purchased":["Impervious"],"campfire_rested":1,"item_purchase_floors":[12],"current_hp_per_floor":[57,57,57,51,56,56,44,7,7,31,24,24,23,23,23,0,0],"gold":134,"neow_bonus":"ONE_RARE_RELIC","is_daily":false,"chose_seed":false,"campfire_upgraded":0,"win_rate":0.0,"timestamp":1613465326,"path_taken":["M","?","?","M","M","R","M","E","T","R","?","?","M","?","R","BOSS"],"items_purchased_type":["Card"],"build_version":"2020-12-22","purchased_purges":0,"victory":false,"max_hp_per_floor":[80,80,80,80,80,80,80,80,80,80,80,80,82,82,82,82,82],"card_choices":[{"not_picked":["Reckless Charge","Armaments"],"picked":"Thunderclap","floor":1},{"not_picked":["Infernal Blade","Iron Wave"],"picked":"Body Slam","floor":4},{"not_picked":["Heavy Blade","Clothesline"],"picked":"Battle Trance","floor":5},{"not_picked":["Inflame","Cleave"],"picked":"Wild Strike","floor":7},{"not_picked":["True Grit","Warcry"],"picked":"Reaper","floor":8},{"not_picked":["Pummel","Blood for Blood","Combust"],"picked":"Singing Bowl","floor":13}],"player_experience":271043,"relics_obtained":[{"floor":8,"key":"White Beast Statue"},{"floor":9,"key":"Singing Bowl"}],"event_choices":[{"cards_removed":["Strike_R"],"damage_healed":0,"gold_gain":0,"player_choice":"Card Removal","damage_taken":0,"max_hp_gain":0,"max_hp_loss":0,"event_name":"The Cleric","floor":2,"gold_loss":50},{"cards_removed":["Defend_R"],"damage_healed":0,"gold_gain":0,"player_choice":"Forget","damage_taken":0,"max_hp_gain":0,"max_hp_loss":0,"event_name":"Living Wall","floor":3,"gold_loss":0},{"damage_healed":0,"gold_gain":0,"player_choice":"Success","damage_taken":7,"relics_obtained":["The Courier"],"max_hp_gain":0,"max_hp_loss":0,"event_name":"Scrap Ooze","floor":11,"gold_loss":0},{"damage_healed":0,"gold_gain":100,"player_choice":"Pray","damage_taken":0,"max_hp_gain":0,"max_hp_loss":0,"event_name":"Golden Shrine","floor":14,"gold_loss":0}],"is_beta":false,"boss_relics":[],"items_purged_floors":[],"is_endless":false,"potions_floor_spawned":[1,7,13],"killed_by":"The Guardian","ascension_level":11}}