{"host":"27c1zwn2rxlukojz","time":1613499585,"event":{"mods":["BaseMod","Filter the Spire","Minty Spire (QoL Compilation)","Relic Stats","StSLib"],"gold_per_floor":[113,129,147,117,131,131,145,174,174,187,187,222,289,335,347,432,444,467,45,61,61,61,92,16,28,28,28,28,28,57,71,71,145,145,161,161,174,30,30,59,59,90,90,90,90],"floor_reached":44,"language":"DEU","playtime":2168,"items_purged":[],"score":986,"play_id":"fe0601ad-229f-475c-93b0-693777f9a5cb","local_time":"20210216191945","is_ascension_mode":true,"campfire_choices":[{"data":"Quick Slash","floor":6.0,"key":"SMITH"},{"data":"Dash","floor":11.0,"key":"SMITH"},{"data":"Phantasmal Killer","floor":15.0,"key":"SMITH"},{"floor":27.0,"key":"REST"},{"data":"Glass Knife","floor":29.0,"key":"SMITH"},{"data":"Finisher","floor":32.0,"key":"SMITH"},{"data":"Footwork","floor":41,"key":"SMITH"}],"circlet_count":0,"master_deck":["AscendersBane","Survivor","Neutralize","Cloak And Dagger","Quick Slash+1","Blade Dance","Underhanded Strike","Dash+1","Phantasmal Killer+1","Tactician","Die Die Die","Storm of Steel","Finisher+1","Flying Knee","Blade Dance","PiercingWail","Skewer","Glass Knife+1","Eviscerate","Deflect","Backflip+1","Tactician+1","Footwork+1","Blade Dance+1","Prepared+1","Dodge and Roll+1","Accuracy+1","Corpse Explosion+1","Dodge and Roll+1","Dodge and Roll+1","Accuracy","Predator","PiercingWail+1"],"relics":["Ring of the Snake","Torii","Centennial Puzzle","MawBank","Ninja Scroll","Pandora\u0027s Box","Toxic Egg 2","OrangePellets","The Courier","Bag of Preparation","Blue Candle","Snecko Eye","ClockworkSouvenir","Letter Opener","Oddly Smooth Stone","Peace Pipe"],"acts_visited":["Exordium","TheCity","TheBeyond"],"potions_floor_usage":[33,40,40,44],"damage_taken":[{"damage":1.0,"enemies":"Small Slimes","floor":1.0,"turns":3.0},{"damage":0.0,"enemies":"Cultist","floor":2.0,"turns":4.0},{"damage":5.0,"enemies":"Jaw Worm","floor":3.0,"turns":6.0},{"damage":26.0,"enemies":"Exordium Wildlife","floor":5.0,"turns":6.0},{"damage":3.0,"enemies":"Looter","floor":7.0,"turns":4.0},{"damage":5.0,"enemies":"3 Sentries","floor":8.0,"turns":6.0},{"damage":0.0,"enemies":"Large Slime","floor":10.0,"turns":5.0},{"damage":0.0,"enemies":"Gremlin Nob","floor":12.0,"turns":3.0},{"damage":12.0,"enemies":"Lagavulin","floor":14.0,"turns":9.0},{"damage":4.0,"enemies":"Hexaghost","floor":16.0,"turns":11.0},{"damage":2.0,"enemies":"3 Byrds","floor":18.0,"turns":3.0},{"damage":0.0,"enemies":"2 Thieves","floor":20.0,"turns":3.0},{"damage":21.0,"enemies":"Slavers","floor":23.0,"turns":4.0},{"damage":0.0,"enemies":"Cultist and Chosen","floor":25.0,"turns":2.0},{"damage":3.0,"enemies":"Gremlin Leader","floor":30.0,"turns":3.0},{"damage":0.0,"enemies":"Snecko","floor":31.0,"turns":2.0},{"damage":9,"enemies":"Champ","floor":33,"turns":7},{"damage":1,"enemies":"Orb Walker","floor":35,"turns":2},{"damage":2,"enemies":"3 Shapes","floor":37,"turns":4},{"damage":37,"enemies":"Reptomancer","floor":40,"turns":5},{"damage":13,"enemies":"Nemesis","floor":42,"turns":5},{"damage":48,"enemies":"Reptomancer","floor":44,"turns":4}],"seed_played":"8222414100669813278","potions_obtained":[{"floor":1.0,"key":"Strength Potion"},{"floor":4.0,"key":"Fruit Juice"},{"floor":4.0,"key":"Dexterity Potion"},{"floor":8.0,"key":"Explosive Potion"},{"floor":10.0,"key":"Explosive Potion"},{"floor":12.0,"key":"SpeedPotion"},{"floor":16.0,"key":"SteroidPotion"},{"floor":31.0,"key":"Strength Potion"},{"floor":33,"key":"GamblersBrew"},{"floor":37,"key":"CunningPotion"},{"floor":42,"key":"ColorlessPotion"}],"is_trial":false,"path_per_floor":["M","M","M","?","M","R","M","E","T","M","R","E","?","E","R","B",null,"M","$","M","?","?","E","$","M","T","R","?","R","E","M","R","B",null,"M","?","M","$","?","E","R","E","T","E"],"character_chosen":"THE_SILENT","items_purchased":["Toxic Egg 2","Backflip+1","OrangePellets","Blade Dance+1","Prepared+1","ClockworkSouvenir","Accuracy"],"campfire_rested":1,"item_purchase_floors":[19,19,19,24,24,38,38],"current_hp_per_floor":[55,55,50,55,29,29,26,21,21,21,21,21,21,9,9,5,64,62,62,62,38,38,17,17,17,17,43,43,43,40,40,40,31,74,73,73,71,71,98,61,61,48,48,0,0],"gold":90,"neow_bonus":"TWENTY_PERCENT_HP_BONUS","is_daily":false,"chose_seed":false,"campfire_upgraded":6,"win_rate":0.0,"timestamp":1613499585,"path_taken":["M","M","M","?","M","R","M","E","T","?","R","E","?","E","R","BOSS","M","$","M","?","?","E","?","M","T","R","?","R","E","M","R","BOSS","M","?","?","?","?","E","R","E","T","E"],"items_purchased_type":["Relic","Card","Relic","Card","Card","Relic","Card"],"build_version":"2020-12-22","purchased_purges":0,"victory":false,"max_hp_per_floor":[78,78,78,83,83,83,83,83,83,83,83,83,83,83,83,83,83,83,83,83,88,88,88,88,88,88,88,88,88,88,88,88,88,88,88,88,88,88,98,98,98,98,98,98,98],"relic_stats":{"Torii":33,"counters":[22,101],"Blue Candle":[0],"Bag of Preparation":[0],"Letter Opener":[6],"MawBank":84,"Peace Pipe":0,"OrangePellets":[9],"Centennial Puzzle":[30],"Snecko Eye":[17,21,16,27],"Pandora\u0027s Box":["Storm of Steel","Finisher","Glass Knife","Flying Knee","Infinite Blades","Blade Dance","PiercingWail","Skewer","Glass Knife","Eviscerate"],"obtain_stats":[{"Torii":8,"Blue Candle":30,"Oddly Smooth Stone":42,"The Courier":23,"Bag of Preparation":26,"Letter Opener":40,"MawBank":12,"ClockworkSouvenir":38,"Peace Pipe":43,"OrangePellets":19,"Centennial Puzzle":9,"Ninja Scroll":14,"Snecko Eye":34,"Pandora\u0027s Box":17,"Toxic Egg 2":19,"Ring of the Snake":0},{"Torii":6,"Blue Candle":15,"Oddly Smooth Stone":21,"The Courier":13,"Bag of Preparation":14,"Letter Opener":20,"MawBank":8,"ClockworkSouvenir":19,"Peace Pipe":21,"OrangePellets":11,"Centennial Puzzle":6,"Ninja Scroll":9,"Snecko Eye":17,"Pandora\u0027s Box":10,"Toxic Egg 2":11,"Ring of the Snake":0},{"Torii":29,"Blue Candle":72,"Oddly Smooth Stone":97,"The Courier":67,"Bag of Preparation":69,"Letter Opener":92,"MawBank":37,"ClockworkSouvenir":87,"Peace Pipe":97,"OrangePellets":60,"Centennial Puzzle":29,"Ninja Scroll":46,"Snecko Eye":81,"Pandora\u0027s Box":57,"Toxic Egg 2":60,"Ring of the Snake":0}],"Ring of the Snake":[34]},"card_choices":[{"not_picked":["Caltrops","PiercingWail"],"picked":"Flying Knee","floor":1.0},{"not_picked":["Flying Knee","Accuracy","Bane"],"picked":"SKIP","floor":2.0},{"not_picked":["Prepared","Bane"],"picked":"Cloak And Dagger","floor":3.0},{"not_picked":["A Thousand Cuts","Poisoned Stab"],"picked":"Quick Slash","floor":5.0},{"not_picked":["Heel Hook","Poisoned Stab"],"picked":"Blade Dance","floor":7.0},{"not_picked":["Flying Knee","PiercingWail"],"picked":"Underhanded Strike","floor":8.0},{"not_picked":["Sucker Punch","Dodge and Roll"],"picked":"Dash","floor":10.0},{"not_picked":["Terror","Underhanded Strike"],"picked":"Phantasmal Killer","floor":12.0},{"not_picked":["Slice","Catalyst"],"picked":"Tactician","floor":14.0},{"not_picked":["Glass Knife","A Thousand Cuts"],"picked":"Die Die Die","floor":16.0},{"not_picked":["Acrobatics+1","Escape Plan"],"picked":"Deflect","floor":18.0},{"not_picked":["Dagger Throw","Bane"],"picked":"Tactician+1","floor":20.0},{"not_picked":["Dagger Throw","Quick Slash"],"picked":"Footwork","floor":23.0},{"not_picked":["Poisoned Stab+1","Backflip+1"],"picked":"Dodge and Roll+1","floor":25.0},{"not_picked":["Caltrops+1","Tactician+1"],"picked":"Accuracy+1","floor":30.0},{"not_picked":["Slice","Choke","Flying Knee"],"picked":"SKIP","floor":31.0},{"not_picked":["Envenom","Glass Knife"],"picked":"Corpse Explosion+1","floor":33},{"not_picked":["Heel Hook","Underhanded Strike"],"picked":"Dodge and Roll+1","floor":35},{"not_picked":["Poisoned Stab+1","Finisher"],"picked":"Dodge and Roll+1","floor":37},{"not_picked":["Riddle With Holes","Quick Slash"],"picked":"Predator","floor":40},{"not_picked":["Glass Knife","Deflect+1"],"picked":"PiercingWail+1","floor":42}],"player_experience":3991749,"relics_obtained":[{"floor":8.0,"key":"Torii"},{"floor":9.0,"key":"Centennial Puzzle"},{"floor":12.0,"key":"MawBank"},{"floor":14.0,"key":"Ninja Scroll"},{"floor":23.0,"key":"The Courier"},{"floor":26.0,"key":"Bag of Preparation"},{"floor":30.0,"key":"Blue Candle"},{"floor":40,"key":"Letter Opener"},{"floor":42,"key":"Oddly Smooth Stone"},{"floor":43,"key":"Peace Pipe"}],"event_choices":[{"damage_healed":0.0,"max_hp_gain":0.0,"max_hp_loss":0.0,"gold_gain":0.0,"event_name":"The Woman in Blue","player_choice":"Bought 2 Potions","floor":4.0,"gold_loss":0.0,"damage_taken":0.0},{"damage_healed":0.0,"max_hp_gain":0.0,"max_hp_loss":0.0,"gold_gain":55.0,"event_name":"Golden Wing","player_choice":"Gained Gold","floor":13.0,"gold_loss":0.0,"damage_taken":0.0},{"damage_healed":0.0,"max_hp_gain":5.0,"max_hp_loss":0.0,"gold_gain":0.0,"event_name":"Forgotten Altar","player_choice":"Shed Blood","floor":21.0,"gold_loss":0.0,"damage_taken":29.0},{"cards_removed":["Infinite Blades"],"damage_healed":0.0,"max_hp_gain":0.0,"max_hp_loss":0.0,"gold_gain":0.0,"event_name":"Back to Basics","player_choice":"Elegance","floor":22.0,"gold_loss":0.0,"damage_taken":0.0},{"damage_healed":0.0,"max_hp_gain":0.0,"max_hp_loss":0.0,"gold_gain":0.0,"event_name":"Vampires","player_choice":"Ignored","floor":28.0,"gold_loss":0.0,"damage_taken":0.0},{"cards_removed":["Flying Knee"],"damage_healed":0,"gold_gain":0,"player_choice":"Purged","damage_taken":0,"max_hp_gain":0,"max_hp_loss":0,"event_name":"Purifier","floor":36,"gold_loss":0},{"cards_removed":["Glass Knife"],"damage_healed":17,"gold_gain":0,"player_choice":"Offered Rare","damage_taken":0,"max_hp_gain":10,"max_hp_loss":0,"event_name":"Bonfire Elementals","floor":39,"gold_loss":0}],"is_beta":false,"boss_relics":[{"not_picked":["SacredBark","Fusion Hammer"],"picked":"Pandora\u0027s Box"},{"not_picked":["Astrolabe","Busted Crown"],"picked":"Snecko Eye"}],"items_purged_floors":[],"is_endless":false,"potions_floor_spawned":[1,8,10,12,16,31,33,37,42],"killed_by":"Reptomancer","ascension_level":15}}