{"host":"enu5gq013fznxjyt","time":1613454658,"event":{"mods":["BaseMod","Better Note","Block Reminder","Colored Powertips","Minty Spire (QoL Compilation)","Quick Restart","Relic Stats","StSLib"],"gold_per_floor":[119,69,20,31,31,58,77,96,96,96,96,96,96],"floor_reached":12,"language":"ENG","playtime":424,"items_purged":[],"score":78,"play_id":"9d51cb75-fea0-4b7e-8ab9-172dc465495f","local_time":"20210215215058","is_ascension_mode":false,"campfire_choices":[{"floor":10,"key":"REST"}],"circlet_count":0,"master_deck":["Strike_B","Strike_B","Strike_B","Defend_B","Defend_B","Defend_B","Defend_B","Zap","Dualcast","Turbo","Leap","Conserve Battery","Force Field","Rip and Tear","Redo"],"relics":["Cracked Core","Omamori","Golden Idol"],"acts_visited":["Exordium"],"potions_floor_usage":[6],"damage_taken":[{"damage":5,"enemies":"Small Slimes","floor":1,"turns":4},{"damage":0,"enemies":"2 Louse","floor":4,"turns":3},{"damage":48,"enemies":"Lagavulin","floor":6,"turns":9},{"damage":1,"enemies":"Jaw Worm","floor":7,"turns":4},{"damage":0,"enemies":"Blue Slaver","floor":8,"turns":2},{"damage":64,"enemies":"3 Sentries","floor":12,"turns":10}],"seed_played":"-2915040520178053970","potions_obtained":[{"floor":1,"key":"SkillPotion"},{"floor":7,"key":"LiquidMemories"}],"is_trial":false,"path_per_floor":["M","?","$","M","?","E","M","M","T","R","?","E"],"character_chosen":"DEFECT","items_purchased":["Leap"],"campfire_rested":1,"item_purchase_floors":[3],"current_hp_per_floor":[84,84,84,84,84,36,35,35,35,61,61,0,0],"gold":96,"neow_bonus":"TWENTY_PERCENT_HP_BONUS","is_daily":false,"chose_seed":false,"campfire_upgraded":0,"win_rate":0.0,"timestamp":1613454658,"path_taken":["M","?","$","M","?","E","M","?","T","R","?","E"],"items_purchased_type":["Card"],"build_version":"2020-12-22","purchased_purges":0,"victory":false,"max_hp_per_floor":[89,89,89,89,89,89,89,89,89,89,89,89,89],"relic_stats":{"counters":[6,32],"Golden Idol":0,"obtain_stats":[{"Golden Idol":11,"Omamori":6,"Cracked Core":0},{"Golden Idol":5,"Omamori":3,"Cracked Core":0},{"Golden Idol":22,"Omamori":16,"Cracked Core":0}]},"card_choices":[{"not_picked":["Double Energy","Blizzard"],"picked":"Turbo","floor":1},{"not_picked":["Coolheaded","Go for the Eyes"],"picked":"Conserve Battery","floor":4},{"not_picked":["Hologram","Fission"],"picked":"Force Field","floor":6},{"not_picked":["Coolheaded","Stack"],"picked":"Rip and Tear","floor":7},{"not_picked":["Genetic Algorithm","Sunder"],"picked":"Redo","floor":8}],"player_experience":251022,"relics_obtained":[{"floor":6,"key":"Omamori"}],"event_choices":[{"cards_removed":["Normality"],"damage_healed":0,"gold_gain":0,"player_choice":"Card Removal","damage_taken":0,"max_hp_gain":0,"max_hp_loss":0,"event_name":"The Cleric","floor":2,"gold_loss":50},{"cards_removed":["Strike_B"],"damage_healed":0,"gold_gain":0,"player_choice":"Forget","damage_taken":0,"max_hp_gain":0,"max_hp_loss":0,"event_name":"Living Wall","floor":5,"gold_loss":0},{"damage_healed":0,"gold_gain":0,"player_choice":"Take Wound","damage_taken":0,"relics_obtained":["Golden Idol"],"max_hp_gain":0,"max_hp_loss":0,"event_name":"Golden Idol","floor":11,"gold_loss":0,"cards_obtained":["Injury"]}],"is_beta":false,"boss_relics":[],"items_purged_floors":[],"is_endless":false,"potions_floor_spawned":[1,7],"killed_by":"3 Sentries","ascension_level":0}}