{"host":"zmnaju399zpax9sm","time":1613478593,"event":{"mods":["BaseMod","Hermit","Minty Spire (QoL Compilation)","StSLib","The Cursed","The Poker Player","The Runesmith"],"gold_per_floor":[116,126,140,157,157,157,176,188,188,188,214,214,214,214,214,310,310,322,421,421,68,88,120,120,140,140,160,190,209,219,246,246,343,343,361,378,13,0,50,50,50,81,152,180,180,180,207,225,225,225,225,225,65,97,97],"floor_reached":56,"language":"KOR","playtime":4977,"items_purged":["Runesmith:Firestorm"],"score":1500,"play_id":"826c42d6-0337-4e91-bf1e-0a643ca84e68","local_time":"20210216212953","is_ascension_mode":true,"campfire_choices":[{"data":"Runesmith:Grindstone","floor":6.0,"key":"SMITH"},{"data":"Runesmith:CraftFirestone","floor":10.0,"key":"SMITH"},{"data":"Runesmith:LithiumIon","floor":13.0,"key":"SMITH"},{"floor":15.0,"key":"REST"},{"data":"Runesmith:RunicBlueprint","floor":32.0,"key":"SMITH"},{"floor":40.0,"key":"RECALL"},{"data":"Runesmith:ChiselStab","floor":46.0,"key":"PURGE"},{"floor":49.0,"key":"REST"},{"data":"Runesmith:WhiteBalance","floor":52.0,"key":"PURGE"}],"circlet_count":0,"master_deck":["Runesmith:Strike_RS+1","Runesmith:Strike_RS+1","Runesmith:Strike_RS+1","Runesmith:Defend_RS+1","Runesmith:Defend_RS+1","Runesmith:Defend_RS+1","Runesmith:Defend_RS+1","Runesmith:CraftFirestone+1","Runesmith:Fortify+1","Runesmith:Grindstone+1","Runesmith:LithiumIon+1","Runesmith:CraftObretio+1","Runesmith:LightningRod+1","Runesmith:ReplicatingBarrier","Runesmith:RunicBlueprint+1","Runesmith:CraftPrismatica","Runesmith:PoweredAnvil","Runesmith:Accelerate","Runesmith:OneForEveryone+1","Runesmith:BackupBattery+1","Runesmith:WhiteBalance+1","Runesmith:CreatorForm"],"relics":["Runesmith:BrokenRuby","Calipers","Sundial","Boot","Gambling Chip","SlaversCollar","Runesmith:MiniCore","ClockworkSouvenir","Gremlin Horn","Pantograph","Potion Belt","Matryoshka","Fusion Hammer","War Paint","Bag of Preparation","Red Mask","Peace Pipe","Ornamental Fan","Smiling Mask","Orichalcum","PreservedInsect","HornCleat","Dead Branch","Bottled Tornado"],"acts_visited":["Exordium","TheCity","TheBeyond","TheEnding"],"potions_floor_usage":[55,55,55],"damage_taken":[{"damage":0.0,"enemies":"2 Louse","floor":1.0,"turns":3.0},{"damage":0.0,"enemies":"Cultist","floor":2.0,"turns":4.0},{"damage":1.0,"enemies":"Small Slimes","floor":3.0,"turns":4.0},{"damage":4.0,"enemies":"3 Louse","floor":4.0,"turns":3.0},{"damage":3.0,"enemies":"Blue Slaver","floor":7.0,"turns":4.0},{"damage":4.0,"enemies":"Exordium Wildlife","floor":8.0,"turns":10.0},{"damage":2.0,"enemies":"3 Sentries","floor":11.0,"turns":11.0},{"damage":0.0,"enemies":"Hexaghost","floor":16.0,"turns":10.0},{"damage":7.0,"enemies":"Spheric Guardian","floor":18.0,"turns":5.0},{"damage":0.0,"enemies":"Shell Parasite","floor":22.0,"turns":7.0},{"damage":15.0,"enemies":"Slavers","floor":23.0,"turns":6.0},{"damage":0.0,"enemies":"Snecko","floor":25.0,"turns":6.0},{"damage":0.0,"enemies":"Snake Plant","floor":27.0,"turns":6.0},{"damage":0.0,"enemies":"Book of Stabbing","floor":28.0,"turns":7.0},{"damage":4.0,"enemies":"3 Cultists","floor":29.0,"turns":6.0},{"damage":0.0,"enemies":"Centurion and Healer","floor":30.0,"turns":8.0},{"damage":5.0,"enemies":"Gremlin Leader","floor":31.0,"turns":7.0},{"damage":18.0,"enemies":"Collector","floor":33.0,"turns":10.0},{"damage":0.0,"enemies":"Orb Walker","floor":35.0,"turns":5.0},{"damage":0.0,"enemies":"3 Darklings","floor":36.0,"turns":6.0},{"damage":0.0,"enemies":"Mind Bloom Boss Battle","floor":39.0,"turns":7.0},{"damage":0.0,"enemies":"Reptomancer","floor":42.0,"turns":5.0},{"damage":12.0,"enemies":"Nemesis","floor":44.0,"turns":13.0},{"damage":3.0,"enemies":"Giant Head","floor":47.0,"turns":6.0},{"damage":0.0,"enemies":"Writhing Mass","floor":48.0,"turns":5.0},{"damage":22.0,"enemies":"Donu and Deca","floor":50.0,"turns":9.0},{"damage":10.0,"enemies":"Shield and Spear","floor":54.0,"turns":7.0},{"damage":57,"enemies":"The Heart","floor":55,"turns":9}],"seed_played":"-6129415263566848144","potions_obtained":[{"floor":2.0,"key":"EntropicBrew"},{"floor":4.0,"key":"FairyPotion"},{"floor":8.0,"key":"Ancient Potion"},{"floor":28.0,"key":"AttackPotion"},{"floor":33.0,"key":"LiquidMemories"},{"floor":39.0,"key":"Weak Potion"},{"floor":48.0,"key":"Swift Potion"}],"is_trial":false,"path_per_floor":["M","M","M","M","?","R","M","M","T","R","E","?","R","?","R","B",null,"M","?","?","$","M","E","?","M","T","M","E","M","M","E","R","B",null,"M","M","$","?","?","R","?","E","T","E","T","R","E","M","R","B",null,"R","$","E","B",null],"character_chosen":"RUNESMITH_CLASS","items_purchased":["Runesmith:MiniCore","ClockworkSouvenir","Runesmith:Firestorm","War Paint","Bag of Preparation","Runesmith:CreatorForm"],"campfire_rested":2,"item_purchase_floors":[21,21,21,37,37,53],"current_hp_per_floor":[49,49,48,44,44,44,41,37,37,37,35,32,32,18,39,39,70,63,63,63,63,63,48,48,48,48,48,48,44,44,39,39,46,70,70,70,70,70,70,70,70,70,70,58,58,58,55,55,70,48,70,70,70,60,13],"gold":97,"neow_bonus":"ONE_RARE_RELIC","is_daily":false,"chose_seed":false,"campfire_upgraded":4,"win_rate":0.0,"timestamp":1613478593,"path_taken":["M","M","M","M","?","R","?","M","T","R","E","?","R","?","R","BOSS","M","?","?","?","M","E","?","M","T","M","E","M","M","E","R","BOSS","M","M","$","?","?","R","?","E","T","E","?","R","E","M","R","BOSS","R","$","E","BOSS"],"items_purchased_type":["Relic","Relic","Card","Relic","Relic","Card"],"build_version":"2020-12-22","purchased_purges":1,"victory":true,"max_hp_per_floor":[70,70,70,70,70,70,70,70,70,70,70,70,70,70,70,70,70,70,70,70,70,70,70,70,70,70,70,70,70,70,70,70,70,70,70,70,70,70,70,70,70,70,70,70,70,70,70,70,70,70,70,70,70,70,70],"card_choices":[{"not_picked":["Runesmith:BackupBattery","Runesmith:OneForEveryone"],"picked":"Runesmith:Grindstone","floor":1.0},{"not_picked":["Runesmith:RuneHurl","Runesmith:Attraction"],"picked":"Runesmith:LithiumIon","floor":2.0},{"not_picked":["Runesmith:BackupBattery","Runesmith:Repurpose"],"picked":"Runesmith:CraftObretio","floor":3.0},{"not_picked":["Runesmith:MakeshiftArmor","Runesmith:Overpower","Runesmith:Grindstone"],"picked":"SKIP","floor":4.0},{"not_picked":["Runesmith:RuneHurl","Runesmith:CraftMagma"],"picked":"Runesmith:LightningRod","floor":7.0},{"not_picked":["Runesmith:UnstableHammer","Runesmith:HammerThrow"],"picked":"Runesmith:ChiselStab","floor":8.0},{"not_picked":["Runesmith:Grindstone","Runesmith:Overpower","Runesmith:EnergizedChisel"],"picked":"SKIP","floor":11.0},{"not_picked":["Runesmith:LastStand","Runesmith:CraftIndustria"],"picked":"Runesmith:ReplicatingBarrier","floor":16.0},{"not_picked":["Runesmith:Repurpose","Runesmith:HammerTime"],"picked":"Runesmith:WhiteBalance","floor":18.0},{"not_picked":["Runesmith:MakeshiftArmor","Runesmith:Refine+1","Runesmith:Attraction"],"picked":"SKIP","floor":22.0},{"not_picked":["Runesmith:EnergizedChisel","Runesmith:Overpower","Runesmith:Attraction"],"picked":"SKIP","floor":23.0},{"not_picked":["Runesmith:UnstableHammer","Runesmith:ChiselStab","Runesmith:Empowerment"],"picked":"SKIP","floor":25.0},{"not_picked":["Runesmith:MakeshiftArmor+1","Runesmith:HammerThrow","Runesmith:CraftMagma"],"picked":"SKIP","floor":27.0},{"not_picked":["Runesmith:Repurpose","Runesmith:CraftProtectio+1"],"picked":"Runesmith:RunicBlueprint","floor":28.0},{"not_picked":["Runesmith:ChiselStab+1","Runesmith:MakeshiftArmor","Runesmith:Reinforce"],"picked":"SKIP","floor":29.0},{"not_picked":["Runesmith:Superposition+1","Runesmith:ChiselStab","Runesmith:StaticCage"],"picked":"SKIP","floor":30.0},{"not_picked":["Runesmith:ReplicatingBarrier","Runesmith:CraftSpiculum","Runesmith:Overpower"],"picked":"SKIP","floor":31.0},{"not_picked":["Runesmith:GrandSlam","Runesmith:Duplicate"],"picked":"Runesmith:CraftPrismatica","floor":33.0},{"not_picked":["Runesmith:RunicBlueprint+1","Runesmith:WhiteBalance+1","Runesmith:ShiftingStrike"],"picked":"SKIP","floor":35.0},{"not_picked":["Runesmith:PerfectChisel+1","Runesmith:MakeshiftArmor"],"picked":"Runesmith:PoweredAnvil","floor":36.0},{"not_picked":["Runesmith:UnstableHammer","Runesmith:RuneHurl"],"picked":"Runesmith:Accelerate","floor":39.0},{"not_picked":["Runesmith:CraftProtectio","Runesmith:CraftObretio"],"picked":"Runesmith:OneForEveryone+1","floor":42.0},{"not_picked":["Runesmith:ChaoticBlast","Runesmith:Repurpose"],"picked":"Runesmith:BackupBattery+1","floor":44.0},{"not_picked":["Runesmith:MakeshiftArmor+1","Runesmith:StaticCage+1"],"picked":"Runesmith:WhiteBalance+1","floor":47.0},{"not_picked":["Runesmith:ChiselStab","Runesmith:UnstableHammer+1","Runesmith:RunicBlueprint+1"],"picked":"SKIP","floor":48.0},{"not_picked":["Runesmith:Grindstone","Runesmith:Firewall","Runesmith:HeatedChisel+1"],"picked":"SKIP","floor":54.0}],"player_experience":509665,"relics_obtained":[{"floor":9.0,"key":"Sundial"},{"floor":11.0,"key":"Boot"},{"floor":23.0,"key":"Gremlin Horn"},{"floor":26.0,"key":"Pantograph"},{"floor":28.0,"key":"Potion Belt"},{"floor":31.0,"key":"Matryoshka"},{"floor":39.0,"key":"Peace Pipe"},{"floor":42.0,"key":"Ornamental Fan"},{"floor":43.0,"key":"Smiling Mask"},{"floor":44.0,"key":"Orichalcum"},{"floor":45.0,"key":"PreservedInsect"},{"floor":45.0,"key":"HornCleat"},{"floor":47.0,"key":"Dead Branch"},{"floor":54.0,"key":"Bottled Tornado"}],"event_choices":[{"damage_healed":0.0,"max_hp_gain":0.0,"max_hp_loss":0.0,"gold_gain":0.0,"event_name":"The Woman in Blue","player_choice":"Bought 0 Potions","floor":5.0,"gold_loss":0.0,"damage_taken":0.0},{"damage_healed":0.0,"max_hp_gain":0.0,"max_hp_loss":0.0,"gold_gain":0.0,"event_name":"Scrap Ooze","player_choice":"Success","floor":12.0,"gold_loss":0.0,"damage_taken":3.0,"relics_obtained":["Gambling Chip"]},{"damage_healed":0.0,"max_hp_gain":0.0,"max_hp_loss":0.0,"gold_gain":0.0,"event_name":"Shining Light","player_choice":"Entered Light","floor":14.0,"gold_loss":0.0,"damage_taken":14.0,"cards_upgraded":["Runesmith:LightningRod","Runesmith:Defend_RS"]},{"damage_healed":0.0,"max_hp_gain":0.0,"max_hp_loss":0.0,"gold_gain":99.0,"event_name":"Nest","player_choice":"Stole From Cult","floor":19.0,"gold_loss":0.0,"damage_taken":0.0},{"damage_healed":0.0,"max_hp_gain":0.0,"max_hp_loss":0.0,"gold_gain":0.0,"event_name":"Back to Basics","player_choice":"Simplicity","floor":20.0,"gold_loss":0.0,"damage_taken":0.0,"cards_upgraded":["Runesmith:Strike_RS","Runesmith:Strike_RS","Runesmith:Strike_RS","Runesmith:Strike_RS","Runesmith:Defend_RS","Runesmith:Defend_RS","Runesmith:Defend_RS"]},{"damage_healed":0.0,"max_hp_gain":0.0,"max_hp_loss":0.0,"gold_gain":0.0,"event_name":"Vampires","player_choice":"Ignored","floor":24.0,"gold_loss":0.0,"damage_taken":0.0},{"damage_healed":0.0,"max_hp_gain":0.0,"max_hp_loss":0.0,"gold_gain":0.0,"event_name":"Tomb of Lord Red Mask","player_choice":"Paid","floor":38.0,"gold_loss":13.0,"damage_taken":0.0,"relics_obtained":["Red Mask"]},{"damage_healed":0.0,"max_hp_gain":0.0,"max_hp_loss":0.0,"gold_gain":0.0,"event_name":"MindBloom","player_choice":"Fight","floor":39.0,"gold_loss":0.0,"damage_taken":0.0},{"cards_removed":["Runesmith:Strike_RS"],"damage_healed":0.0,"max_hp_gain":0.0,"max_hp_loss":0.0,"gold_gain":0.0,"event_name":"Falling","player_choice":"Removed Attack","floor":41.0,"gold_loss":0.0,"damage_taken":0.0}],"is_beta":false,"boss_relics":[{"not_picked":["Runesmith:UraniumAnvil","Sozu"],"picked":"SlaversCollar"},{"not_picked":["Snecko Eye","SacredBark"],"picked":"Fusion Hammer"}],"items_purged_floors":[37],"is_endless":false,"potions_floor_spawned":[2,4,8,22,23,28,33,36,39,48],"ascension_level":1}}