{"host":"0o4jkshs65tojivq","time":1613452181,"event":{"mods":["AchievementEnabler","BaseMod","Downfall","Minty Spire (QoL Compilation)","Quick Restart","Relic Stats","Slay the Relics Exporter","StSLib"],"gold_per_floor":[99,99,99,99,113,147,147,35,54,54,73,73,100,113,124,124,124,124],"floor_reached":16,"language":"ENG","playtime":2776,"items_purged":["champ:Strike"],"score":110,"play_id":"ee2c819c-18bc-4abe-9d07-c9a86a4e9909","local_time":"20210215210941","is_ascension_mode":false,"campfire_choices":[{"data":"champ:Taunt","floor":1.0,"key":"SMITH"},{"floor":10.0,"key":"REST"}],"circlet_count":0,"master_deck":["champ:Strike","champ:Strike","champ:Defend","champ:Defend","champ:Defend","champ:Defend","champ:Execute","champ:Taunt+1","champ:Backstep","champ:AdrenalArmor","champ:FanOfKnives","champ:FanOfKnives","champ:EnragedBash","champ:UltimateStance","champ:AdrenalArmor","champ:BerserkerStyle","champ:CrookedStrike","champ:StanceDance","champ:Backstep"],"relics":["champ:ChampionCrown","downfall:HeartsMalice","Du-Vu Doll","InkBottle","Dream Catcher"],"acts_visited":["Exordium"],"potions_floor_usage":[14,16],"damage_taken":[{"damage":0.0,"enemies":"Cultist","floor":2.0,"turns":1.0},{"damage":0.0,"enemies":"Small Slimes","floor":3.0,"turns":1.0},{"damage":0.0,"enemies":"Jaw Worm","floor":4.0,"turns":1.0},{"damage":33.0,"enemies":"Exordium Wildlife","floor":5.0,"turns":4.0},{"damage":104.0,"enemies":"Gremlin Nob","floor":6.0,"turns":6.0},{"damage":20.0,"enemies":"downfall:FleeingMerchant","floor":8.0,"turns":4.0},{"damage":44.0,"enemies":"Large Slime","floor":9.0,"turns":9.0},{"damage":36.0,"enemies":"Exordium Thugs","floor":11.0,"turns":4.0},{"damage":42.0,"enemies":"3 Sentries","floor":13.0,"turns":7.0},{"damage":32,"enemies":"Gremlin Gang","floor":14,"turns":3},{"damage":17,"enemies":"Blue Slaver","floor":15,"turns":7},{"damage":68,"enemies":"SI_SHIV_ARCHETYPE","floor":16,"turns":10}],"seed_played":"-4351837434034186373","potions_obtained":[{"floor":6.0,"key":"FairyPotion"},{"floor":9.0,"key":"DuplicationPotion"},{"floor":13,"key":"LiquidBronze"},{"floor":15,"key":"FearPotion"}],"is_trial":false,"path_per_floor":["R","M","M","M","M","E","T","$","M","R","M","?","E","M","M","B"],"character_chosen":"THE_CHAMP","items_purchased":["champ:AdrenalArmor"],"campfire_rested":1,"item_purchase_floors":[8],"current_hp_per_floor":[90,90,90,90,87,23,23,23,32,59,43,43,35,18,18,0,0,0],"gold":124,"neow_bonus":"THREE_ENEMY_KILL","is_daily":false,"chose_seed":false,"campfire_upgraded":1,"win_rate":0.0,"timestamp":1613452181,"path_taken":["R","M","?","M","M","E","T","$","M","R","M","?","E","M","M","BOSS"],"items_purchased_type":["Card"],"build_version":"2020-12-22","purchased_purges":1,"victory":false,"max_hp_per_floor":[90,90,90,90,90,90,90,90,90,90,90,90,90,90,90,90,90,90],"relic_stats":{"Dream Catcher":0,"counters":[12,54],"obtain_stats":[{"Du-Vu Doll":6,"Dream Catcher":13,"champ:ChampionCrown":0,"downfall:HeartsMalice":0,"InkBottle":7},{"Du-Vu Doll":5,"Dream Catcher":9,"champ:ChampionCrown":0,"downfall:HeartsMalice":0,"InkBottle":5},{"Du-Vu Doll":10,"Dream Catcher":34,"champ:ChampionCrown":0,"downfall:HeartsMalice":0,"InkBottle":10}],"InkBottle":[12]},"card_choices":[{"not_picked":["champ:TornadoPunch","champ:EnGarde"],"picked":"champ:Backstep","floor":2.0},{"not_picked":["champ:CrownThrow","champ:ViciousMockery"],"picked":"champ:AdrenalArmor","floor":3.0},{"not_picked":["champ:TornadoPunch","champ:Lariat"],"picked":"champ:FanOfKnives","floor":4.0},{"not_picked":["champ:CrownThrow","champ:FocusedBerserking"],"picked":"champ:FanOfKnives","floor":5.0},{"not_picked":["champ:GutPunch","champ:DefensiveShout"],"picked":"champ:EnragedBash","floor":6.0},{"not_picked":["champ:StanceDance","champ:FocusedDefense"],"picked":"champ:UltimateStance","floor":8.0},{"not_picked":["champ:Haymaker","champ:SetATrap"],"picked":"champ:BerserkerStyle","floor":9.0},{"not_picked":["champ:DeathBlow","champ:StanceDance"],"picked":"champ:CrookedStrike","floor":11.0},{"not_picked":["champ:FocusedDefense","champ:Parry","champ:GladiatorForm"],"picked":"SKIP","floor":13},{"not_picked":["champ:Haymaker","champ:AdrenalArmor"],"picked":"champ:StanceDance","floor":14},{"not_picked":["champ:Endure","champ:ShieldWall"],"picked":"champ:Backstep","floor":15}],"player_experience":1222961,"relics_obtained":[{"floor":6.0,"key":"Du-Vu Doll"},{"floor":7.0,"key":"InkBottle"},{"floor":13,"key":"Dream Catcher"}],"event_choices":[{"cards_removed":["champ:Strike"],"damage_healed":0.0,"max_hp_gain":0.0,"max_hp_loss":0.0,"gold_gain":0.0,"event_name":"The Cleric","player_choice":"Card Removal","floor":12.0,"gold_loss":0.0,"damage_taken":0.0}],"is_beta":false,"boss_relics":[],"items_purged_floors":[8],"is_endless":false,"potions_floor_spawned":[6,9,13,15],"killed_by":"SI_SHIV_ARCHETYPE","ascension_level":0}}