{"host":"qwv9nni2x0umspiu","time":1613499402,"event":{"mods":["BaseMod","Downfall","Minty Spire (QoL Compilation)","Replay The Spire","StSLib","The Hierophant","Wandering Minibosses"],"gold_per_floor":[113,263,276,276,140,167,193,193,193,185,47,47,47,57,57,17,17],"floor_reached":16,"language":"ENG","playtime":510,"items_purged":["Doubt"],"score":250,"play_id":"3d8accc6-7ffc-44c6-8fb8-a194aadc22b8","local_time":"20210216101642","is_ascension_mode":true,"campfire_choices":[{"data":"hierophant:Exaltation","floor":12,"key":"SMITH"},{"data":"hierophant:Exaltation","floor":13,"key":"SMITH"},{"data":"hierophant:Punish","floor":15,"key":"SMITH"}],"circlet_count":0,"master_deck":["AscendersBane","hierophant:Strike_Hierophant+1","hierophant:Strike_Hierophant","hierophant:Strike_Hierophant","hierophant:Strike_Hierophant","hierophant:Punish+1","hierophant:Defend_Hierophant","hierophant:Defend_Hierophant","hierophant:Defend_Hierophant","hierophant:Defend_Hierophant","hierophant:ChurchCoffers+1","hierophant:Exaltation+1","hierophant:Exaltation+1","hierophant:Community","hierophant:Shelter"],"relics":["hierophant:PropheticMaskRelic","NeowsBlessing","Lizard Tail","WingedGreaves"],"acts_visited":["Exordium"],"potions_floor_usage":[16],"damage_taken":[{"damage":0,"enemies":"2 Louse","floor":1,"turns":1},{"damage":0,"enemies":"Jaw Worm","floor":3,"turns":1},{"damage":0,"enemies":"Gremlin Nob","floor":7,"turns":1},{"damage":3,"enemies":"Small Slimes","floor":8,"turns":2},{"damage":8,"enemies":"Blue Slaver","floor":10,"turns":3},{"damage":7,"enemies":"2 Fungi Beasts","floor":14,"turns":3},{"damage":75,"enemies":"Hexaghost","floor":16,"turns":14}],"seed_played":"-3386067781717032496","potions_obtained":[{"floor":1,"key":"LifebloodPotion"},{"floor":7,"key":"SteroidPotion"}],"is_trial":false,"path_per_floor":["M","?","M","?","$","T","E","M","T","M","$","R","R","M","R","B"],"character_chosen":"HIEROPHANT","items_purchased":["hierophant:Exaltation","hierophant:Community","hierophant:Shelter"],"campfire_rested":0,"item_purchase_floors":[5,11,11],"current_hp_per_floor":[68,68,68,45,45,45,45,42,42,34,34,34,34,27,27,0,0],"gold":17,"neow_bonus":"THREE_ENEMY_KILL","is_daily":false,"chose_seed":false,"campfire_upgraded":3,"win_rate":0.0,"timestamp":1613499402,"path_taken":["M","?","M","?","$","?","E","M","T","M","?","R","R","M","R","BOSS"],"items_purchased_type":["Card","Card","Card"],"build_version":"2020-12-22","purchased_purges":1,"victory":false,"max_hp_per_floor":[75,75,75,75,75,75,75,75,75,75,75,75,75,75,75,75,75],"card_choices":[{"not_picked":["hierophant:TollTheBells","hierophant:Remorse","hierophant:Flagellation"],"picked":"SKIP","floor":1},{"not_picked":["hierophant:Shelter","hierophant:Blessing","hierophant:AuricBeam"],"picked":"SKIP","floor":3},{"not_picked":["hierophant:Sermon","hierophant:Determination","hierophant:Patience"],"picked":"SKIP","floor":7},{"not_picked":["hierophant:Doomsaying","hierophant:PristineSoul","hierophant:AuricBeam"],"picked":"SKIP","floor":8},{"not_picked":["hierophant:FieryStrike","hierophant:SealAway","hierophant:AuricBeam"],"picked":"SKIP","floor":10},{"not_picked":["hierophant:HolyVerse","hierophant:PassingBell","hierophant:Generosity"],"picked":"SKIP","floor":14}],"player_experience":1368364,"relics_obtained":[{"floor":7,"key":"Lizard Tail"},{"floor":9,"key":"WingedGreaves"}],"event_choices":[{"damage_healed":0,"gold_gain":150,"player_choice":"AGREE","damage_taken":0,"max_hp_gain":0,"max_hp_loss":0,"event_name":"Liars Game","floor":2,"gold_loss":0,"cards_obtained":["Doubt"]},{"damage_healed":0,"gold_gain":0,"player_choice":"Entered Light","damage_taken":23,"max_hp_gain":0,"max_hp_loss":0,"event_name":"Shining Light","floor":4,"gold_loss":0,"cards_upgraded":["hierophant:ChurchCoffers","hierophant:Strike_Hierophant"]}],"is_beta":false,"boss_relics":[],"items_purged_floors":[5],"is_endless":false,"potions_floor_spawned":[1,7],"killed_by":"Hexaghost","ascension_level":20}}