{"host":"pj7egx7jkoz18hom","time":1613444133,"event":{"mods":["AchievementEnabler","BaseMod","Keyboard Shortcuts","Minty Spire (QoL Compilation)","SuperFastMode"],"gold_per_floor":[118,68,88,88,13,13,13,24,101,133,150,177,194,228,228,326,326,345,345,360,371,371,400,400,420,420,520,20,31,31,31,31,31,31],"floor_reached":33,"language":"KOR","playtime":1057,"items_purged":["Strike_R","Bite"],"score":427,"play_id":"dfa6ccad-3903-4f6a-a6cb-8ba49745fb24","local_time":"20210216115533","is_ascension_mode":true,"campfire_choices":[{"floor":6,"key":"REST"},{"floor":15,"key":"REST"},{"data":"Limit Break","floor":24,"key":"SMITH"},{"floor":32,"key":"DIG"}],"circlet_count":0,"master_deck":["Defend_R","Defend_R+1","Defend_R","Bash","Seeing Red","Pommel Strike+1","Spot Weakness","Thunderclap","Inflame","Cleave","Flex","Cleave","Limit Break+1","Armaments+1","Flame Barrier+1","Heavy Blade","Bite","Bite","Bite","Bite","Armaments+1","Body Slam+1"],"relics":["Black Blood","Dream Catcher","Ornamental Fan","CaptainsWheel","Bag of Preparation","Tiny Chest","Anchor","Paper Frog","Shovel","InkBottle","Shuriken","HandDrill","Oddly Smooth Stone","Blood Vial","Centennial Puzzle"],"acts_visited":["Exordium","TheCity"],"potions_floor_usage":[12,14,16,23,23,27,27,33],"damage_taken":[{"damage":3,"enemies":"Small Slimes","floor":1,"turns":3},{"damage":23,"enemies":"Jaw Worm","floor":3,"turns":4},{"damage":1,"enemies":"2 Louse","floor":8,"turns":3},{"damage":27,"enemies":"3 Sentries","floor":10,"turns":5},{"damage":3,"enemies":"Looter","floor":11,"turns":2},{"damage":15,"enemies":"Gremlin Nob","floor":12,"turns":4},{"damage":14,"enemies":"3 Louse","floor":13,"turns":2},{"damage":15,"enemies":"3 Sentries","floor":14,"turns":4},{"damage":0,"enemies":"Slime Boss","floor":16,"turns":6},{"damage":20,"enemies":"Shell Parasite","floor":18,"turns":4},{"damage":11,"enemies":"Spheric Guardian","floor":20,"turns":3},{"damage":11,"enemies":"Shelled Parasite and Fungi","floor":21,"turns":4},{"damage":32,"enemies":"Gremlin Leader","floor":23,"turns":4},{"damage":8,"enemies":"3 Cultists","floor":25,"turns":3},{"damage":1,"enemies":"Colosseum Slavers","floor":27,"turns":4},{"damage":27,"enemies":"Colosseum Nobs","floor":27,"turns":3},{"damage":20,"enemies":"Snake Plant","floor":29,"turns":3},{"damage":55,"enemies":"Champ","floor":33,"turns":6}],"seed_played":"7028539113057599790","potions_obtained":[{"floor":10,"key":"Swift Potion"},{"floor":11,"key":"LiquidMemories"},{"floor":12,"key":"FearPotion"},{"floor":13,"key":"PowerPotion"},{"floor":18,"key":"Strength Potion"},{"floor":21,"key":"AttackPotion"},{"floor":25,"key":"LiquidMemories"},{"floor":29,"key":"SkillPotion"}],"is_trial":false,"path_per_floor":["M","?","M","T","$","R","?","M","T","E","M","E","M","E","R","B",null,"M","?","M","M","?","E","R","M","T","?","$","M","T","T","R","B"],"character_chosen":"IRONCLAD","items_purchased":["Shuriken","HandDrill"],"campfire_rested":2,"item_purchase_floors":[28,28],"current_hp_per_floor":[59,59,42,42,42,66,50,55,55,34,37,28,20,11,35,41,80,72,57,58,59,59,45,45,59,59,44,44,41,41,41,41,0,0],"gold":31,"neow_bonus":"REMOVE_TWO","is_daily":false,"chose_seed":false,"campfire_upgraded":1,"win_rate":0.0,"timestamp":1613444133,"path_taken":["M","?","M","?","$","R","?","M","T","E","M","E","M","E","R","BOSS","M","?","M","M","?","E","R","M","T","?","$","M","?","?","R","BOSS"],"items_purchased_type":["Relic","Relic"],"build_version":"2020-12-22","purchased_purges":2,"victory":false,"max_hp_per_floor":[80,80,80,80,80,80,80,80,80,80,80,80,80,80,80,80,80,80,85,85,85,59,59,59,59,59,59,59,59,59,59,59,59,59],"card_choices":[{"not_picked":["Body Slam","Shrug It Off"],"picked":"Seeing Red","floor":1},{"not_picked":["Wild Strike","Feel No Pain"],"picked":"Pommel Strike","floor":3},{"not_picked":["Warcry","Heavy Blade"],"picked":"Spot Weakness","floor":6},{"not_picked":["Pommel Strike","True Grit"],"picked":"Thunderclap","floor":8},{"not_picked":["Dark Embrace","Infernal Blade","Power Through"],"picked":"SKIP","floor":10},{"not_picked":["Shrug It Off","Twin Strike"],"picked":"Inflame","floor":11},{"not_picked":["Clothesline","Blood for Blood"],"picked":"Cleave","floor":12},{"not_picked":["Power Through","Infernal Blade"],"picked":"Flex","floor":13},{"not_picked":["Iron Wave","Carnage"],"picked":"Cleave","floor":14},{"not_picked":["Berserk","Brutality"],"picked":"Limit Break","floor":16},{"not_picked":["Perfected Strike","Anger"],"picked":"Armaments+1","floor":18},{"not_picked":["Clothesline","Feel No Pain"],"picked":"Flame Barrier+1","floor":20},{"not_picked":["Second Wind","Sentinel"],"picked":"Heavy Blade","floor":21},{"not_picked":["Rupture","Flex"],"picked":"Armaments+1","floor":23},{"not_picked":["Anger","Rage"],"picked":"Body Slam+1","floor":25},{"not_picked":["Inflame+1","Thunderclap","True Grit+1"],"picked":"SKIP","floor":29}],"player_experience":92490,"relics_obtained":[{"floor":4,"key":"Dream Catcher"},{"floor":9,"key":"Ornamental Fan"},{"floor":10,"key":"CaptainsWheel"},{"floor":12,"key":"Bag of Preparation"},{"floor":14,"key":"Tiny Chest"},{"floor":23,"key":"Anchor"},{"floor":26,"key":"Paper Frog"},{"floor":27,"key":"Shovel"},{"floor":27,"key":"InkBottle"},{"floor":30,"key":"Oddly Smooth Stone"},{"floor":31,"key":"Blood Vial"},{"floor":32,"key":"Centennial Puzzle"}],"event_choices":[{"cards_removed":["Strike_R"],"damage_healed":0,"gold_gain":0,"player_choice":"Card Removal","damage_taken":0,"max_hp_gain":0,"max_hp_loss":0,"event_name":"The Cleric","floor":2,"gold_loss":50},{"damage_healed":0,"gold_gain":0,"player_choice":"Entered Light","damage_taken":16,"max_hp_gain":0,"max_hp_loss":0,"event_name":"Shining Light","floor":7,"gold_loss":0,"cards_upgraded":["Pommel Strike","Defend_R"]},{"damage_healed":0,"gold_gain":0,"player_choice":"Shed Blood","damage_taken":20,"max_hp_gain":5,"max_hp_loss":0,"event_name":"Forgotten Altar","floor":19,"gold_loss":0},{"damage_healed":0,"gold_gain":0,"player_choice":"Became a vampire","damage_taken":0,"max_hp_gain":0,"max_hp_loss":26,"event_name":"Vampires","floor":22,"gold_loss":0,"cards_obtained":["Bite","Bite","Bite","Bite","Bite"]},{"damage_healed":0,"gold_gain":0,"player_choice":"Fight","damage_taken":0,"max_hp_gain":0,"max_hp_loss":0,"event_name":"Colosseum","floor":27,"gold_loss":0},{"damage_healed":0,"gold_gain":0,"player_choice":"Fought Nobs","damage_taken":0,"max_hp_gain":0,"max_hp_loss":0,"event_name":"Colosseum","floor":27,"gold_loss":0}],"is_beta":false,"boss_relics":[{"not_picked":["Empty Cage","Mark of Pain"],"picked":"Black Blood"}],"items_purged_floors":[5,28],"is_endless":false,"potions_floor_spawned":[10,11,12,13,18,21,25,29],"killed_by":"Champ","ascension_level":4}}