{"host":"xc18ixkpjvqrt8st","time":1613437032,"event":{"mods":["Act Like it!","BaseMod","Better Match","Better Third Choice","Conspire","Hallownest","Hermit","Minty Spire (QoL Compilation)","Reliquary","Robot Space Explorer","Shop Mod","Spicy Shops","Spire Arcade","StSLib","The Animator","The Jungle","The Sage"],"gold_per_floor":[129,94,41,81,101,127,127,162,162],"floor_reached":8,"language":"ENG","playtime":331,"items_purged":[],"score":70,"play_id":"43a7af7a-3b8d-4acc-9439-06e1ec36709c","local_time":"20210215185712","is_ascension_mode":true,"campfire_choices":[{"floor":7,"key":"RECALL"}],"circlet_count":0,"master_deck":["animator:Strike_NoGameNoLife","animator:Defend_NoGameNoLife","animator:Strike","animator:Strike+1","animator:Strike","animator:Defend","animator:Defend","animator:Defend","animator:DolaSchwi+1","animator:DolaCouronne","animator:OrikoMikuni","animator:Elsword","animator:Konayuki","animator:Aisha","animator:NagisaMomoe"],"relics":["animator:LivingPicture","animator:TheMissingPiece","Whetstone","conspire:Dentures","Bag of Preparation"],"acts_visited":["Exordium"],"potions_floor_usage":[8],"damage_taken":[{"damage":9,"enemies":"2 Louse","floor":1,"turns":3},{"damage":1,"enemies":"conspire:MimicChest","floor":4,"turns":5},{"damage":3,"enemies":"conspire:RoseBush","floor":5,"turns":3},{"damage":12,"enemies":"3 Sentries","floor":6,"turns":7},{"damage":48,"enemies":"Gremlin Nob","floor":8,"turns":5}],"seed_played":"7646773353427731354","potions_obtained":[{"floor":6,"key":"FearPotion"}],"is_trial":false,"path_per_floor":["M","?","$","?","M","E","R","E"],"character_chosen":"THE_ANIMATOR","items_purchased":["animator:Elsword"],"campfire_rested":0,"item_purchase_floors":[3],"current_hp_per_floor":[57,66,66,65,62,51,51,3,3],"gold":162,"neow_bonus":"RANDOM_COMMON_RELIC","is_daily":false,"chose_seed":false,"campfire_upgraded":0,"win_rate":0.0,"timestamp":1613437032,"path_taken":["M","?","$","?","M","E","R","E"],"items_purchased_type":["Card"],"build_version":"2020-12-22","purchased_purges":0,"victory":false,"max_hp_per_floor":[66,66,66,66,66,67,67,67,67],"card_choices":[{"not_picked":["animator:DolaRiku","animator:Togame"],"picked":"animator:OrikoMikuni","floor":1},{"not_picked":["animator:OrikoMikuni","animator:Add"],"picked":"animator:Konayuki","floor":4},{"not_picked":["animator:PandorasActor","animator:ZankiKiguchi"],"picked":"animator:Aisha","floor":5},{"not_picked":["animator:TsurugaMeisai","animator:Azekura"],"picked":"animator:NagisaMomoe","floor":6}],"player_experience":657010,"relics_obtained":[{"floor":4,"key":"conspire:Dentures"},{"floor":6,"key":"Bag of Preparation"}],"event_choices":[{"damage_healed":16,"gold_gain":0,"player_choice":"Healed","damage_taken":0,"max_hp_gain":0,"max_hp_loss":0,"event_name":"The Cleric","floor":2,"gold_loss":35}],"is_beta":false,"boss_relics":[],"items_purged_floors":[],"is_endless":false,"potions_floor_spawned":[6,8],"killed_by":"Gremlin Nob","ascension_level":2}}