{"host":"kig4ty9d1aubg29s","time":1613484700,"event":{"mods":["BaseMod","Minty Spire (QoL Compilation)","READ ME - Guardian Mod","READ ME - Snecko Mod","StSLib","The Cursed","The Gatherer","The Hierophant","The Runesmith"],"gold_per_floor":[210,220,220,170,183,215,215,215,215,215,235,235,251,251,251,351,351,367,381,381,395,345,345,362,362,362,387,387,387,401,435,435,534,534,546,546,244,244,244,274,288,320,347,347,347,372,9,19,19,19],"floor_reached":51,"language":"KOR","playtime":21861,"items_purged":[],"score":1324,"play_id":"f6e79eab-0600-4fa3-9c88-c9f9dec39000","local_time":"20210216231140","is_ascension_mode":true,"metric_token":605,"campfire_choices":[{"floor":7,"key":"REST"},{"data":"1","floor":10,"key":"LIFT"},{"data":"2","floor":15,"key":"LIFT"},{"data":"3","floor":23,"key":"LIFT"},{"floor":25,"key":"REST"},{"floor":29,"key":"REST"},{"floor":32,"key":"REST"},{"floor":44,"key":"REST"},{"floor":49,"key":"REST"}],"circlet_count":0,"master_deck":["AscendersBane","Gatherer:Strike_Gatherer","Gatherer:Strike_Gatherer","Gatherer:Strike_Gatherer","Gatherer:Strike_Gatherer","Gatherer:Defend_Gatherer","Gatherer:Defend_Gatherer","Gatherer:Defend_Gatherer","Gatherer:Defend_Gatherer","Gatherer:Centralize","Gatherer:FlowerWhip+1","Gatherer:BalancedGrowth","Gatherer:FlowerFalling+1","Gatherer:AcidicSpray","Gatherer:Pollute","Gatherer:Misfortune","Gatherer:FragileHammer","Gatherer:BlackTea","CurseOfTheBell","Gatherer:TacticalStrike","Gatherer:FragileHammer","Gatherer:Pollute","Gatherer:Snatch","Gatherer:ColorfulGarden","Gatherer:QuickSynthesis","Gatherer:WoolGloves+1","Gatherer:RecoveryHerb+1","Gatherer:Bulldoze","Gatherer:Duplicator+1","Madness","Madness","Gatherer:AlchemyTrial+1","Gatherer:RecoveryHerb+1","Gatherer:QuickSynthesis","Gatherer:QuickSynthesis","Gatherer:ScherryThrow","Parasite","Gatherer:RecoveryHerb"],"relics":["Gatherer:AlchemyBag","WingedGreaves","Girya","Pocketwatch","HornCleat","Calling Bell","PreservedInsect","Blue Candle","FossilizedHelix","Ancient Tea Set","Gatherer:Leftovers","Nilry\u0027s Codex","Gatherer:FloralEgg","SacredBark","Potion Belt","ClockworkSouvenir","The Courier","Dream Catcher","Runesmith:AutoHammer","Vajra","Regal Pillow","Anchor","Orichalcum"],"acts_visited":["Exordium","TheCity","TheBeyond"],"potions_floor_usage":[16,18,21,24,30,33,50],"damage_taken":[{"damage":1,"enemies":"Cultist","floor":1,"turns":4},{"damage":1,"enemies":"2 Louse","floor":2,"turns":3},{"damage":0,"enemies":"Small Slimes","floor":5,"turns":3},{"damage":27,"enemies":"3 Sentries","floor":6,"turns":9},{"damage":8,"enemies":"Red Slaver","floor":11,"turns":3},{"damage":7,"enemies":"Exordium Wildlife","floor":13,"turns":3},{"damage":15,"enemies":"The Guardian","floor":16,"turns":7},{"damage":0,"enemies":"Shell Parasite","floor":18,"turns":5},{"damage":1,"enemies":"Chosen","floor":19,"turns":4},{"damage":0,"enemies":"Centurion and Healer","floor":21,"turns":3},{"damage":17,"enemies":"Chosen and Byrds","floor":24,"turns":3},{"damage":21,"enemies":"Slavers","floor":27,"turns":3},{"damage":7,"enemies":"3 Cultists","floor":30,"turns":5},{"damage":0,"enemies":"Book of Stabbing","floor":31,"turns":2},{"damage":30,"enemies":"Collector","floor":33,"turns":8},{"damage":0,"enemies":"3 Shapes","floor":35,"turns":5},{"damage":0,"enemies":"Reptomancer","floor":40,"turns":2},{"damage":0,"enemies":"Orb Walker","floor":41,"turns":2},{"damage":37,"enemies":"Giant Head","floor":42,"turns":6},{"damage":30,"enemies":"Reptomancer","floor":46,"turns":6},{"damage":42,"enemies":"Writhing Mass","floor":48,"turns":5},{"damage":63,"enemies":"Time Eater","floor":50,"turns":9}],"seed_played":"-5469674892972753772","potions_obtained":[{"floor":2,"key":"Energy Potion"},{"floor":13,"key":"GamblersBrew"},{"floor":16,"key":"LiquidBronze"},{"floor":18,"key":"AttackPotion"},{"floor":27,"key":"Energy Potion"},{"floor":30,"key":"ColorlessPotion"},{"floor":40,"key":"DuplicationPotion"},{"floor":46,"key":"LiquidBronze"},{"floor":48,"key":"Fire Potion"}],"is_trial":false,"path_per_floor":["M","M","?","?","M","E","R","?","T","R","M","?","M","T","R","B",null,"M","M","?","M","?","R","M","R","T","E","?","R","M","E","R","B",null,"M","?","$","?","?","E","M","E","T","R","$","E","$","M","R","B",null],"character_chosen":"THE_GATHERER","items_purchased":["Potion Belt","ClockworkSouvenir","Regal Pillow","Anchor","Orichalcum"],"campfire_rested":6,"item_purchase_floors":[37,37,47,47,47],"current_hp_per_floor":[64,63,63,63,63,36,57,57,57,57,49,49,42,42,42,27,61,61,60,60,60,60,60,43,64,64,43,27,48,41,41,62,32,62,64,55,55,55,55,55,59,27,27,48,48,27,27,4,40,5],"gold":19,"neow_bonus":"HUNDRED_GOLD","is_daily":false,"chose_seed":false,"campfire_upgraded":0,"win_rate":0.0,"timestamp":1613484700,"path_taken":["M","M","?","?","M","E","R","?","T","R","M","?","?","?","R","BOSS","M","M","?","M","?","R","?","R","T","E","?","R","M","E","R","BOSS","M","?","?","?","?","E","?","E","T","R","$","E","$","M","R","BOSS"],"items_purchased_type":["Relic","Relic","Relic","Relic","Relic"],"build_version":"2020-12-22","purchased_purges":0,"victory":true,"max_hp_per_floor":[72,72,72,72,72,72,72,72,72,72,72,72,72,72,72,72,72,72,72,72,72,72,72,72,72,72,72,72,72,72,72,72,72,72,72,72,72,72,72,72,72,72,72,72,72,72,72,72,72,72],"card_choices":[{"not_picked":["Gatherer:SaveValuables","Gatherer:QuickSynthesis"],"picked":"Gatherer:BalancedGrowth","floor":1},{"not_picked":["Gatherer:AromaProtection","Gatherer:BalancedGrowth"],"picked":"Gatherer:FlowerFalling","floor":2},{"not_picked":["Gatherer:GatherMaterial","Gatherer:Herbalism"],"picked":"Gatherer:AcidicSpray","floor":5},{"not_picked":["Gatherer:Frenzy","Gatherer:AromaProtection"],"picked":"Gatherer:Pollute","floor":6},{"not_picked":["Gatherer:FragileHammer","Gatherer:AromaProtection"],"picked":"Gatherer:Misfortune","floor":11},{"not_picked":["Gatherer:CarefulStrike","Gatherer:Convert"],"picked":"Gatherer:FragileHammer","floor":13},{"not_picked":["Gatherer:ColorfulGarden","Gatherer:FlamingBottle"],"picked":"Gatherer:BlackTea","floor":16},{"not_picked":["Gatherer:SaveValuables","Gatherer:Duplicator"],"picked":"Gatherer:TacticalStrike","floor":18},{"not_picked":["Gatherer:WoolGloves","Gatherer:FlowerShield"],"picked":"Gatherer:FragileHammer","floor":19},{"not_picked":["Gatherer:TacticalStrike","Gatherer:MiningStrike"],"picked":"Gatherer:Snatch","floor":21},{"not_picked":["Gatherer:ScentOfRosmari","Gatherer:ScherryThrow"],"picked":"Gatherer:ColorfulGarden","floor":24},{"not_picked":["Gatherer:TacticalStrike","Gatherer:VenomBarrier"],"picked":"Gatherer:QuickSynthesis","floor":27},{"not_picked":["Gatherer:Polymorphism","Gatherer:FlowerShield"],"picked":"Gatherer:WoolGloves+1","floor":30},{"not_picked":["Gatherer:TreeGrowth","Gatherer:UpgradeBag"],"picked":"Gatherer:RecoveryHerb+1","floor":31},{"not_picked":["Gatherer:FinishingStrike","Gatherer:ScrollOfPurity"],"picked":"Gatherer:Bulldoze","floor":33},{"not_picked":["Gatherer:RecipeChange","Gatherer:SaveValuables"],"picked":"Gatherer:Duplicator+1","floor":35},{"not_picked":["Gatherer:TacticalStrike","Gatherer:Solidify"],"picked":"Gatherer:AlchemyTrial+1","floor":40},{"not_picked":["Gatherer:FlowerBeam","Gatherer:GlowingPlant"],"picked":"Gatherer:RecoveryHerb+1","floor":41},{"not_picked":["Gatherer:Transmute","Gatherer:TacticalStrike"],"picked":"Gatherer:QuickSynthesis","floor":42},{"not_picked":["Gatherer:EchoOfNature","Gatherer:SealedBomb"],"picked":"Gatherer:QuickSynthesis","floor":44},{"not_picked":["Gatherer:FlowerShield","Gatherer:AromaProtection"],"picked":"Gatherer:ScherryThrow","floor":46},{"not_picked":["Gatherer:TreeGrowth","Gatherer:Convert","Gatherer:AromaProtection"],"picked":"SKIP","floor":48},{"not_picked":["Gatherer:PotentialSlash","Gatherer:TreeGrowth"],"picked":"Gatherer:RecoveryHerb","floor":49}],"player_experience":1986674,"relics_obtained":[{"floor":6,"key":"Girya"},{"floor":9,"key":"Pocketwatch"},{"floor":14,"key":"HornCleat"},{"floor":17,"key":"PreservedInsect"},{"floor":17,"key":"Blue Candle"},{"floor":17,"key":"FossilizedHelix"},{"floor":26,"key":"Ancient Tea Set"},{"floor":27,"key":"Gatherer:Leftovers"},{"floor":28,"key":"Nilry\u0027s Codex"},{"floor":31,"key":"Gatherer:FloralEgg"},{"floor":40,"key":"The Courier"},{"floor":42,"key":"Dream Catcher"},{"floor":43,"key":"Runesmith:AutoHammer"},{"floor":46,"key":"Vajra"}],"event_choices":[{"damage_healed":0,"gold_gain":0,"player_choice":"Box","damage_taken":0,"relics_obtained":["WingedGreaves"],"max_hp_gain":0,"max_hp_loss":0,"event_name":"Big Fish","floor":3,"gold_loss":0,"cards_obtained":["Regret"]},{"cards_removed":["Regret"],"damage_healed":0,"gold_gain":0,"player_choice":"Card Removal","damage_taken":0,"max_hp_gain":0,"max_hp_loss":0,"event_name":"The Cleric","floor":4,"gold_loss":50},{"damage_healed":0,"gold_gain":0,"player_choice":"Ignored","damage_taken":0,"max_hp_gain":0,"max_hp_loss":0,"event_name":"Shining Light","floor":8,"gold_loss":0},{"cards_removed":["Gatherer:Defend_Gatherer"],"damage_healed":0,"gold_gain":0,"player_choice":"Purged","damage_taken":0,"max_hp_gain":0,"max_hp_loss":0,"event_name":"Purifier","floor":12,"gold_loss":0},{"damage_healed":0,"gold_gain":0,"player_choice":"Read","damage_taken":0,"max_hp_gain":0,"max_hp_loss":0,"event_name":"The Library","floor":20,"gold_loss":0,"cards_obtained":["Gatherer:Pollute"]},{"damage_healed":0,"gold_gain":0,"player_choice":"Bet on Murderer","damage_taken":0,"max_hp_gain":0,"max_hp_loss":0,"event_name":"The Joust","floor":22,"gold_loss":50},{"damage_healed":0,"gold_gain":0,"player_choice":"Obtained Book","damage_taken":16,"max_hp_gain":0,"max_hp_loss":0,"event_name":"Cursed Tome","floor":28,"gold_loss":0},{"damage_healed":0,"gold_gain":0,"player_choice":"Embrace Madness","damage_taken":9,"max_hp_gain":0,"max_hp_loss":0,"event_name":"Winding Halls","floor":36,"gold_loss":0,"cards_obtained":["Madness","Madness"]},{"cards_removed":["Gatherer:Strike_Gatherer"],"damage_healed":0,"gold_gain":0,"player_choice":"Removed Attack","damage_taken":0,"max_hp_gain":0,"max_hp_loss":0,"event_name":"Falling","floor":38,"gold_loss":0},{"damage_healed":0,"gold_gain":0,"player_choice":"Ignored","damage_taken":0,"max_hp_gain":0,"max_hp_loss":0,"event_name":"Tomb of Lord Red Mask","floor":39,"gold_loss":0}],"is_beta":false,"boss_relics":[{"not_picked":["Gatherer:MiracleBag","Sozu"],"picked":"Calling Bell"},{"not_picked":["Gatherer:ExplorersPath","Snecko Eye"],"picked":"SacredBark"}],"items_purged_floors":[],"is_endless":false,"potions_floor_spawned":[2,13,16,18,27,30,40,46,48],"ascension_level":12}}