{"host":"y1t8p8u0dxvsm95y","time":1613506339,"event":{"mods":["BaseMod","Better Third Choice","Colored Map","Colored Powertips","Downfall","Hermit","Infinite Spire","Koishi","Marisa????????","Minty Spire (QoL Compilation)","Quick Restart","Somnambulant","StSLib","The Blackbeard","The Clintock","The Construct","The Cursed","The Disciple","The Elementalist","The Exalted","The Forsaken","The Hayseed","The Hierophant","The Judge","The Jungle","The Mystic","The Necromancer","The Problem Sleuth","The Runesmith","The Senshi","The Servant 0.9.4","The Wild Card","TheBandit"],"gold_per_floor":[114,124,7,20,20,0,0,16,39,39,39,51,51,61,61,166,166,178,195,205,205,205,205,223,45,45,62,62,62],"floor_reached":28,"language":"ENG","playtime":1422,"items_purged":["Writhe"],"score":212,"play_id":"69114f01-65ee-498f-8185-fd08cb47c54f","local_time":"20210216151219","is_ascension_mode":false,"campfire_choices":[{"data":"infinitespire:Gouge","floor":7,"key":"SMITH"},{"floor":11,"key":"REST"},{"data":"Enlightenment","floor":13,"key":"SMITH"},{"data":"PatternShift","floor":15,"key":"SMITH"},{"floor":23,"key":"REST"}],"circlet_count":0,"master_deck":["Strike_Br","Strike_Br","Strike_Br","Strike_Br","Defend_Br","Defend_Br","Defend_Br","Defend_Br","SecondHand+1","PatternShift+1","SlimeSpray","Keepsakes","ExoVibe","LockedBlood","Engulf","HandsUpB","infinitespire:Gouge+1","Enlightenment+1","Recurrance","LockedAnchor","LockedMedicine","Pendulum","LockedScales+1","LockedBlood+1","LockedWarPaint+1","DaylightSavings+3","ExoVibe","ReapSow"],"relics":["Chronometer","Toy Ornithopter","Scales?","infinitespire:Cupcake","betterThird:NestCultRelic","Happy Flower","SlipperyGoo"],"acts_visited":["Exordium","TheCity"],"potions_floor_usage":[16,20,24,27,27,28],"damage_taken":[{"damage":0,"enemies":"Small Slimes","floor":1,"turns":5},{"damage":0,"enemies":"2 Louse","floor":2,"turns":3},{"damage":0,"enemies":"Jaw Worm","floor":4,"turns":3},{"damage":13,"enemies":"Large Slime","floor":8,"turns":4},{"damage":7,"enemies":"Gremlin Gang","floor":12,"turns":4},{"damage":8,"enemies":"Exordium Wildlife","floor":14,"turns":6},{"damage":17,"enemies":"Slime Boss","floor":16,"turns":10},{"damage":16,"enemies":"Spheric Guardian","floor":18,"turns":7},{"damage":3,"enemies":"Shell Parasite","floor":19,"turns":5},{"damage":28,"enemies":"Snecko","floor":20,"turns":7},{"damage":21,"enemies":"Snake Plant","floor":24,"turns":4},{"damage":52,"enemies":"Cultist and Chosen","floor":27,"turns":7},{"damage":52,"enemies":"Gremlin Leader","floor":28,"turns":3}],"seed_played":"-1049422289822162740","potions_obtained":[{"floor":2,"key":"Strength Potion"},{"floor":4,"key":"FairyPotion"},{"floor":14,"key":"SteroidPotion"},{"floor":20,"key":"champ:CounterPotion"},{"floor":24,"key":"Guardian:BlockOnCardUsePotion"},{"floor":27,"key":"SkillPotion"}],"is_trial":false,"path_per_floor":["M","M","$","M","?","?","R","M","T","?","R","M","R","M","R","B",null,"M","M","M","?","?","R","M","$","T","M","E"],"character_chosen":"CHRONO_CLASS","items_purchased":["ExoVibe","LockedBlood","Engulf","ExoVibe","champ:CounterPotion"],"campfire_rested":2,"item_purchase_floors":[3,3,3,25,25],"current_hp_per_floor":[65,65,65,65,49,55,55,48,48,48,69,64,64,62,62,54,71,61,64,53,53,53,71,53,53,53,17,0,0],"gold":62,"neow_bonus":"UPGRADE_CARD","is_daily":false,"chose_seed":false,"campfire_upgraded":3,"win_rate":0.0,"timestamp":1613506339,"path_taken":["M","M","$","M","?","?","R","M","T","?","R","M","R","M","R","BOSS","M","M","M","?","?","R","M","$","T","M","E"],"items_purchased_type":["Card","Card","Card","Card","Potion"],"build_version":"2020-12-22","purchased_purges":1,"victory":false,"max_hp_per_floor":[65,65,65,65,65,71,71,71,71,71,71,71,71,71,71,71,71,71,71,71,71,71,71,71,71,71,71,71,71],"card_choices":[{"not_picked":["WindUp","LockedMercury"],"picked":"SlimeSpray","floor":1},{"not_picked":["Engulf","LockedMawBank"],"picked":"Keepsakes","floor":2},{"not_picked":["SlimeSpray","PrimeTime"],"picked":"HandsUpB","floor":4},{"not_picked":["infinitespire:Starlight","infinitespire:FutureSight"],"picked":"infinitespire:Gouge","floor":5},{"not_picked":["LockedMercury","LockedOrichalcum"],"picked":"Recurrance","floor":8},{"not_picked":["WindUp","Goo"],"picked":"LockedAnchor","floor":12},{"not_picked":["LockedBlood","CrunchTime"],"picked":"LockedMedicine","floor":14},{"not_picked":["LockedBell","MasterKey"],"picked":"Pendulum","floor":16},{"not_picked":["ReapSow","LockedBlood+1"],"picked":"LockedScales+1","floor":18},{"not_picked":["LockedMedicine+1","LockedScales+1"],"picked":"LockedBlood+1","floor":19},{"not_picked":["CrunchTime","HandsUpC+1"],"picked":"LockedWarPaint+1","floor":20},{"not_picked":["VestedLegacy","Facsimile"],"picked":"DaylightSavings+1","floor":24},{"not_picked":["LockedScales+1","TiringSlam"],"picked":"ReapSow","floor":27}],"player_experience":1270949,"relics_obtained":[{"floor":9,"key":"Toy Ornithopter"},{"floor":26,"key":"SlipperyGoo"}],"event_choices":[{"damage_healed":0,"gold_gain":0,"player_choice":"RENOUNCE","damage_taken":20,"max_hp_gain":0,"max_hp_loss":0,"event_name":"betterThird:BetterSerpent","floor":6,"gold_loss":20,"cards_obtained":["Enlightenment"]},{"damage_healed":0,"gold_gain":0,"player_choice":"Madness","damage_taken":0,"relics_obtained":["betterThird:NestCultRelic"],"max_hp_gain":0,"max_hp_loss":0,"event_name":"betterThird:BetterNest","floor":21,"gold_loss":0},{"damage_healed":0,"gold_gain":0,"player_choice":"Opened","damage_taken":0,"relics_obtained":["Happy Flower"],"max_hp_gain":0,"max_hp_loss":0,"event_name":"The Mausoleum","floor":22,"gold_loss":0,"cards_obtained":["Writhe"]}],"is_beta":false,"boss_relics":[{"not_picked":["theSenshi:MoonKaleidoScopeRelic","bronze:MakeshiftBattery"],"picked":"infinitespire:Cupcake"}],"items_purged_floors":[25],"is_endless":false,"potions_floor_spawned":[2,4,14,20,24,27],"killed_by":"Gremlin Leader","ascension_level":0}}