{"host":"u7lm8z2rvb4dg2oo","time":1613451154,"event":{"mods":["AchievementEnabler","BaseMod","Bestiary","Block Reminder","Colored Map","Colored Powertips","Curses Come First","DeckTracker","Googly Eyes","Highlight Path","Minty Spire (QoL Compilation)","Quick Restart","StSLib"],"gold_per_floor":[16,30,30,30,47,47,78,88,88,88,88,88],"floor_reached":11,"language":"ENG","playtime":492,"items_purged":[],"score":135,"play_id":"1eadbdc4-d452-45b9-b605-17c5af2771a6","local_time":"20210215235234","is_ascension_mode":true,"campfire_choices":[{"data":"Leg Sweep","floor":6.0,"key":"SMITH"},{"floor":10.0,"key":"REST"}],"circlet_count":0,"master_deck":["AscendersBane","Strike_G","Strike_G","Strike_G","Strike_G","Defend_G","Defend_G","Defend_G","Defend_G","Defend_G","Survivor","Neutralize","Caltrops","Leg Sweep+1","Blade Dance","Footwork"],"relics":["Ring of the Snake","FossilizedHelix","Ice Cream","Blue Candle"],"acts_visited":["Exordium"],"potions_floor_usage":[],"damage_taken":[{"damage":0.0,"enemies":"2 Louse","floor":1.0,"turns":6.0},{"damage":0.0,"enemies":"Cultist","floor":2.0,"turns":4.0},{"damage":0.0,"enemies":"Jaw Worm","floor":5.0,"turns":4.0},{"damage":47.0,"enemies":"Lagavulin","floor":7.0,"turns":12.0},{"damage":6.0,"enemies":"Large Slime","floor":8.0,"turns":7.0},{"damage":41,"enemies":"Gremlin Nob","floor":11,"turns":6}],"seed_played":"-2713837015023665608","potions_obtained":[{"floor":1.0,"key":"Fire Potion"}],"is_trial":false,"path_per_floor":["M","M","?","$","M","R","E","M","T","R","E"],"character_chosen":"THE_SILENT","items_purchased":[],"campfire_rested":1,"item_purchase_floors":[],"current_hp_per_floor":[59,59,59,59,59,59,12,6,6,25,0,0],"gold":88,"neow_bonus":"ONE_RARE_RELIC","is_daily":false,"chose_seed":false,"campfire_upgraded":1,"win_rate":0.0,"timestamp":1613451154,"path_taken":["M","M","?","?","M","R","E","M","T","R","E"],"items_purchased_type":[],"build_version":"2020-12-22","purchased_purges":0,"victory":false,"max_hp_per_floor":[66,66,66,66,66,66,66,66,66,66,66,66],"card_choices":[{"not_picked":["Expertise","Underhanded Strike"],"picked":"Caltrops","floor":1.0},{"not_picked":["Eviscerate","Backflip","Flying Knee"],"picked":"SKIP","floor":2.0},{"not_picked":["Calculated Gamble","All Out Attack"],"picked":"Leg Sweep","floor":5.0},{"not_picked":["Flying Knee","Bane"],"picked":"Blade Dance","floor":7.0},{"not_picked":["Dodge and Roll","Slice"],"picked":"Footwork","floor":8.0}],"player_experience":1100266,"relics_obtained":[{"floor":7.0,"key":"Ice Cream"},{"floor":9.0,"key":"Blue Candle"}],"event_choices":[{"cards_removed":["Strike_G"],"damage_healed":0.0,"max_hp_gain":0.0,"max_hp_loss":0.0,"gold_gain":0.0,"event_name":"Bonfire Elementals","player_choice":"Offered Basic","floor":3.0,"gold_loss":0.0,"damage_taken":0.0}],"is_beta":false,"boss_relics":[],"items_purged_floors":[],"is_endless":false,"potions_floor_spawned":[1],"killed_by":"Gremlin Nob","ascension_level":17}}