{"host":"kybn6ox37urbij4t","time":1613494562,"event":{"mods":["Aspiration","BaseMod","Better Third Choice","Dota2Spire","Downfall","Minty Spire (QoL Compilation)","Reliquary","Replay The Spire","StSLib","The Blue Laboratory","TheWitcher"],"gold_per_floor":[99,99,99,99,114,142,165,165,265,285,285,312,412,431,447,544,544,544,544,555,555,575,6,6,6,0,0,100,127,127,160,172,269,269,269,284,284,284,294,320,347,364,364,364,364],"floor_reached":43,"language":"ENG","playtime":3424,"items_purged":["downfall:Malfunctioning"],"score":500,"play_id":"334f7f6e-5cbc-47d5-bfed-02f862d70fdb","local_time":"20210216175602","is_ascension_mode":false,"campfire_choices":[{"data":"Slimebound:Split","floor":1,"key":"SMITH"},{"data":"Slimebound:DuplicatedForm","floor":18,"key":"SMITH"},{"data":"Slimebound:GoopSpray","floor":25,"key":"SMITH"},{"data":"Slimebound:OozeBath","floor":30,"key":"SMITH"},{"floor":35,"key":"RECALL"}],"circlet_count":0,"master_deck":["Slimebound:Strike_Slimebound","Slimebound:Tackle","Slimebound:Defend_Slimebound","Slimebound:Defend_Slimebound","Slimebound:Defend_Slimebound","Slimebound:Defend_Slimebound","Slimebound:Split+1","Slimebound:CorrosiveSpit","Slimebound:SplitAcid+1","Slimebound:SplitLeeching","Slimebound:Prepare","Slimebound:GrowthPunch+1","Slimebound:MegaLick","Slimebound:SlimeSpikes","Slimebound:RainOfGoop","Slimebound:HauntingLick","Slimebound:Dissolve","Slimebound:SamplingLick","Slimebound:GoopSpray+1","Slimebound:Repurpose","Slimebound:DuplicatedForm+1","Slimebound:SplitMire","Slimebound:SlimeTap","Slimebound:AcidTongue","Slimebound:OozeBath+1","Slimebound:MassRepurpose","Replay:SS_forest_2","Slimebound:LeadByExample"],"relics":["Slimebound:AbsorbEndCombat","downfall:HeartsMalice","Dota2Spire:Butterfly","Simple Rune","Art of War","White Beast Statue","Black Star","Dota2Spire:Vanguard","Garlic","Mirror","StoneCalendar","Bottled Tornado","Slimebound:MaxSlimesRelic","aspiration:FrozenJewel","Replay:Bottled Snecko","Nunchaku","Ancient Tea Set","Orichalcum"],"acts_visited":["Exordium","TheCity","TheBeyond"],"potions_floor_usage":[40,43],"damage_taken":[{"damage":0,"enemies":"Jaw Worm","floor":2,"turns":1},{"damage":0,"enemies":"2 Louse","floor":3,"turns":1},{"damage":0,"enemies":"Small Slimes","floor":4,"turns":1},{"damage":4,"enemies":"Red Slaver","floor":5,"turns":4},{"damage":20,"enemies":"Gremlin Nob","floor":6,"turns":4},{"damage":23,"enemies":"downfall:Heads","floor":9,"turns":5},{"damage":0,"enemies":"Large Slime","floor":10,"turns":5},{"damage":2,"enemies":"3 Sentries","floor":12,"turns":7},{"damage":8,"enemies":"downfall:LadyInBlue","floor":13,"turns":10},{"damage":0,"enemies":"Exordium Thugs","floor":14,"turns":5},{"damage":0,"enemies":"3 Louse","floor":15,"turns":3},{"damage":16,"enemies":"WA_ARCHETYPE_RETAIN","floor":16,"turns":7},{"damage":6,"enemies":"3 Byrds","floor":20,"turns":4},{"damage":2,"enemies":"downfall:LooterAlt2","floor":22,"turns":3},{"damage":15,"enemies":"downfall:FleeingMerchant","floor":23,"turns":4},{"damage":0,"enemies":"downfall:FleeingMerchant","floor":26,"turns":4},{"damage":15,"enemies":"SI_SHIV_ARCHETYPE","floor":28,"turns":6},{"damage":6,"enemies":"Slavers","floor":29,"turns":5},{"damage":29,"enemies":"Book of Stabbing","floor":31,"turns":5},{"damage":15,"enemies":"Snake Plant","floor":32,"turns":4},{"damage":21,"enemies":"IC_MUSHROOM_ARCHETYPE","floor":33,"turns":7},{"damage":0,"enemies":"3 Shapes","floor":36,"turns":4},{"damage":26,"enemies":"Orb Walker","floor":39,"turns":5},{"damage":54,"enemies":"Reptomancer","floor":40,"turns":6},{"damage":10,"enemies":"Writhing Mass","floor":42,"turns":6},{"damage":21,"enemies":"Jaw Worm Horde","floor":43,"turns":5}],"seed_played":"-2301098265038186567","potions_obtained":[{"floor":5,"key":"blueLaboratory:EnragingPotion"},{"floor":10,"key":"ColorlessPotion"},{"floor":12,"key":"blueLaboratory:BottledHope"},{"floor":13,"key":"SpeedPotion"},{"floor":14,"key":"CultistPotion"},{"floor":20,"key":"DistilledChaos"},{"floor":27,"key":"CultistPotion"},{"floor":40,"key":"blueLaboratory:LouseDecoction"}],"is_trial":false,"path_per_floor":["R","M","M","M","M","E","T","?","?","M","?","E","?","M","M","B",null,"R","?","M","?","M","$","T","R","$","?","?","E","R","E","M","B",null,"R","M","?","?","M","E","T","M","M"],"character_chosen":"SLIMEBOUND","items_purchased":["Slimebound:SlimeTap","Dota2Spire:Vanguard","Garlic"],"campfire_rested":0,"item_purchase_floors":[23,23,23],"current_hp_per_floor":[65,65,65,65,63,49,49,54,33,39,39,45,45,53,59,51,70,70,70,67,67,69,70,70,70,70,70,70,70,70,60,64,66,70,70,70,70,60,51,20,20,16,0,0,0],"gold":364,"neow_bonus":"THREE_ENEMY_KILL","is_daily":false,"chose_seed":false,"campfire_upgraded":4,"win_rate":0.0,"timestamp":1613494562,"path_taken":["R","M","M","M","M","E","T","?","?","M","?","E","?","M","M","BOSS","R","?","M","?","?","$","T","R","$","?","?","E","R","E","M","BOSS","R","M","?","?","M","E","T","M","M"],"items_purchased_type":["Card","Relic","Relic"],"build_version":"2020-12-22","purchased_purges":1,"victory":false,"max_hp_per_floor":[65,65,65,65,65,65,65,70,70,70,70,70,70,70,70,70,70,70,70,70,70,70,70,70,70,70,70,70,70,70,70,70,70,70,70,70,70,70,70,70,70,70,70,70,70],"card_choices":[{"not_picked":["Slimebound:AcidTongue","Slimebound:FinishingTackle"],"picked":"Slimebound:SplitAcid","floor":2},{"not_picked":["Slimebound:SpikyOuterGoop","Slimebound:RollThrough"],"picked":"Slimebound:SplitLeeching","floor":3},{"not_picked":["Slimebound:DisruptingSlam","Slimebound:FinishingTackle"],"picked":"Slimebound:Prepare","floor":4},{"not_picked":["Slimebound:PressTheAttack","Slimebound:HauntingLick"],"picked":"Slimebound:GrowthPunch","floor":5},{"not_picked":["Slimebound:MinionMaster","Slimebound:GrowthPunch"],"picked":"Slimebound:MegaLick","floor":6},{"not_picked":["Slimebound:GoopTackle","Slimebound:SplitBruiser"],"picked":"Slimebound:RainOfGoop","floor":9},{"not_picked":["Slimebound:FinishingTackle","Slimebound:RollThrough"],"picked":"Slimebound:HauntingLick","floor":10},{"not_picked":["Slimebound:LivingWall","Slimebound:MegaLick"],"picked":"Slimebound:Dissolve","floor":12},{"not_picked":["Slimebound:Prepare","Slimebound:PressTheAttack"],"picked":"Slimebound:SamplingLick","floor":13},{"not_picked":["Slimebound:Nibble","Slimebound:SlimeBarrage"],"picked":"Slimebound:GoopSpray","floor":14},{"not_picked":["Slimebound:ForwardTackle","Slimebound:SlimeBarrage"],"picked":"Slimebound:Repurpose","floor":15},{"not_picked":["Slimebound:SlimeSlap","Slimebound:OneTwoCombo"],"picked":"Slimebound:DuplicatedForm","floor":16},{"not_picked":["Slimebound:LeadByExample","Slimebound:SplitAcid"],"picked":"Slimebound:SplitMire","floor":20},{"not_picked":["Slimebound:Prepare","Slimebound:ComboTackle","Slimebound:SplitLeeching"],"picked":"SKIP","floor":22},{"not_picked":["Slimebound:RollThrough","Slimebound:LivingWall+1","Slimebound:LeechEnergy"],"picked":"SKIP","floor":23},{"not_picked":["Slimebound:PressTheAttack+1","Slimebound:Equalize+1","Slimebound:SplitAcid"],"picked":"SKIP","floor":26},{"not_picked":["Slimebound:SplitAcid+1","Slimebound:RollThrough"],"picked":"Slimebound:AcidTongue","floor":28},{"not_picked":["Slimebound:Nibble","Slimebound:SplitBruiser+1"],"picked":"Slimebound:OozeBath","floor":29},{"not_picked":["Slimebound:ItLooksTasty","Slimebound:GoopSpray","Slimebound:ForwardTackle"],"picked":"SKIP","floor":31},{"not_picked":["Slimebound:SpikyOuterGoop","Slimebound:SplitBruiser","Slimebound:GoopSpray+1"],"picked":"SKIP","floor":32},{"not_picked":["Slimebound:MinionMaster","Slimebound:RallyTheTroops"],"picked":"Slimebound:MassRepurpose","floor":33},{"not_picked":["Slimebound:ItLooksTasty+1","Slimebound:GoopTackle","Slimebound:SamplingLick"],"picked":"SKIP","floor":36},{"not_picked":["Replay:SS_hec_1","expansioncontent:YouAreMine"],"picked":"Replay:SS_forest_2","floor":38},{"not_picked":["Slimebound:ComboTackle","Slimebound:FlameTackle"],"picked":"Slimebound:LeadByExample","floor":39},{"not_picked":["Slimebound:LivingWall+1","Slimebound:SplitLeeching","Slimebound:SlimeSpikes"],"picked":"SKIP","floor":40},{"not_picked":["Slimebound:LeechingTouch","Slimebound:SpikyOuterGoop","Slimebound:Nibble+1"],"picked":"SKIP","floor":42}],"player_experience":409618,"relics_obtained":[{"floor":6,"key":"Dota2Spire:Butterfly"},{"floor":7,"key":"Simple Rune"},{"floor":12,"key":"Art of War"},{"floor":13,"key":"White Beast Statue"},{"floor":24,"key":"Mirror"},{"floor":28,"key":"StoneCalendar"},{"floor":28,"key":"Bottled Tornado"},{"floor":29,"key":"Slimebound:MaxSlimesRelic"},{"floor":29,"key":"aspiration:FrozenJewel"},{"floor":31,"key":"Replay:Bottled Snecko"},{"floor":31,"key":"Nunchaku"},{"floor":40,"key":"Ancient Tea Set"},{"floor":40,"key":"Orichalcum"}],"event_choices":[{"damage_healed":0,"gold_gain":0,"player_choice":"Donut","damage_taken":0,"max_hp_gain":5,"max_hp_loss":0,"event_name":"Big Fish","floor":8,"gold_loss":0}],"is_beta":false,"boss_relics":[{"not_picked":["aspiration:SilentSkillbook","reliquary:Ember"],"picked":"Black Star"},{"not_picked":["Pandora\u0027s Box","Busted Crown","Ring of Chaos"]}],"items_purged_floors":[23],"is_endless":false,"potions_floor_spawned":[5,10,12,13,14,15,16,20,22,23,26,28,29,31,32,33,36,39,40,42],"killed_by":"Jaw Worm Horde","ascension_level":0}}