{"host":"81h68oe4mr04pk3r","time":1613451826,"event":{"mods":["Act Like it!","Aspiration","BaseMod","BetterRewards","Colored Map","Colored Powertips","Conspire","Downfall","Gensokyo","Hallownest","Hermit","Hubris","Infinite Spire","Jorbs\u0027s Wanderer Trilogy","Koishi","Lobotomy","LobotomyExtend","Marisa????????","Minty Spire (QoL Compilation)","Quick Restart","Reimu??????","Remilia??????","StSLib","The Bug Knight","The Construct","The Cursed","The Disciple","The Servant 0.9.4"],"gold_per_floor":[114,126,126,140,158,193,193,36,36,46,65,65,65,77,77,182,182,182,193,204,40,40,40],"floor_reached":22,"language":"ENG","playtime":1015,"items_purged":[],"score":188,"play_id":"94214cac-b3fa-4516-86c8-979f2f48005d","local_time":"20210215210346","is_ascension_mode":false,"campfire_choices":[{"floor":7,"key":"REST"},{"floor":12,"key":"REST"},{"floor":15,"key":"REST"}],"circlet_count":0,"master_deck":["Strike_MRS","Strike_MRS","Strike_MRS","Strike_MRS","Defend_MRS","Defend_MRS","Defend_MRS","Defend_MRS","MasterSpark","UpSweep","Acceleration","MilkyWay","PulseMagic","GrandCross","FairyDestructionRay","Acceleration","SporeBomb","MillisecondPulsars","WitchLeyline"],"relics":["MiniHakkero","aspiration:Nostalgia","Uniform","LetterFromLob","hubris:DeckOfHolding","hubris:EmptyBottle","Pantograph","hubris:HollowSoul","HandDrill"],"acts_visited":["Gensokyo:Gensokyo","Gensokyo:Gensokyoer"],"potions_floor_usage":[16,16,19,20,22,22],"damage_taken":[{"damage":1,"enemies":"Gensokyo:Python","floor":1,"turns":3},{"damage":0,"enemies":"Gensokyo:3_Fairies","floor":2,"turns":4},{"damage":6,"enemies":"Gensokyo:Gryphon","floor":4,"turns":4},{"damage":0,"enemies":"Gensokyo:LivingMonolith","floor":5,"turns":3},{"damage":41,"enemies":"Gensokyo:Mamizou","floor":6,"turns":9},{"damage":7,"enemies":"Gensokyo:2_Rabbits","floor":10,"turns":3},{"damage":13,"enemies":"Gensokyo:Kitsune","floor":11,"turns":3},{"damage":11,"enemies":"Gensokyo:3_Kodama","floor":14,"turns":4},{"damage":2,"enemies":"Gensokyo:Yukari","floor":16,"turns":7},{"damage":30,"enemies":"Gensokyo:3_Dogs","floor":19,"turns":4},{"damage":9,"enemies":"Gensokyo:Chomper","floor":20,"turns":3},{"damage":33,"enemies":"Gensokyo:Monolith_and_Dog","floor":22,"turns":4}],"seed_played":"8317834381329268849","potions_obtained":[{"floor":4,"key":"Energy Potion"},{"floor":10,"key":"Weak Potion"},{"floor":14,"key":"Guardian:BlockOnCardUsePotion"},{"floor":20,"key":"ShroomBrew"}],"is_trial":false,"path_per_floor":["M","M","COS","M","M","E","R","$","T","M","M","R","?","M","R","B",null,"M","M","M","COS","M"],"character_chosen":"MARISA","items_purchased":["hubris:EmptyBottle"],"campfire_rested":3,"item_purchase_floors":[8],"current_hp_per_floor":[74,74,74,68,68,27,49,49,49,42,29,51,59,48,70,73,75,75,45,36,36,3,3],"gold":40,"neow_bonus":"NOSTALGIA","is_daily":false,"chose_seed":false,"campfire_upgraded":0,"win_rate":0.0,"timestamp":1613451826,"path_taken":["M","M","COS","M","M","E","R","?","T","M","M","R","?","M","R","BOSS","M","M","?","COS","M"],"items_purchased_type":["Relic"],"build_version":"2020-12-22","purchased_purges":0,"victory":false,"max_hp_per_floor":[75,75,75,75,75,75,75,75,75,75,75,75,75,75,75,75,75,75,75,75,75,75,75],"card_choices":[{"not_picked":["6A","MysteriousBeam","ShootTheMoon"],"picked":"SKIP","floor":1},{"not_picked":["IllusionStar","WitchLeyline"],"picked":"Acceleration","floor":2},{"not_picked":["WitchLeyline","6A"],"picked":"MilkyWay","floor":4},{"not_picked":["NonDirectionalLaser","OneTimeOff"],"picked":"PulseMagic","floor":5},{"not_picked":["MagicChant","OortCloud"],"picked":"GrandCross","floor":6},{"not_picked":["6A","NonDirectionalLaser"],"picked":"FairyDestructionRay","floor":10},{"not_picked":["ShootingEcho","Robbery"],"picked":"Acceleration","floor":11},{"not_picked":["UnstableBomb","Acceleration"],"picked":"SporeBomb","floor":14},{"not_picked":["FinalSpark","EscapeVelocity"],"picked":"MillisecondPulsars","floor":16},{"not_picked":["Acceleration","ManaConvection","MysteriousBeam"],"picked":"SKIP","floor":19},{"not_picked":["WitchOfGreed","ManaConvection"],"picked":"WitchLeyline","floor":20}],"player_experience":239010,"relics_obtained":[{"floor":2,"key":"LetterFromLob"},{"floor":6,"key":"hubris:DeckOfHolding"},{"floor":9,"key":"Pantograph"}],"event_choices":[],"is_beta":false,"boss_relics":[{"not_picked":["SacredBark","Philosopher\u0027s Stone"],"picked":"hubris:HollowSoul"}],"items_purged_floors":[],"is_endless":false,"potions_floor_spawned":[4,10,14,16,20],"killed_by":"Gensokyo:Monolith_and_Dog","ascension_level":0}}