{"host":"st1kg310ms6sytc5","time":1613501443,"event":{"mods":["ATMod(°¢èªMod)","Act Like it!","BaseMod","CapriCore","Lobotomy","LobotomyExtend","Minty Spire (QoL Compilation)","Reliquary","StSLib","SuperFastMode","Wide Potions","[IsaacMod]ÒÔÈö¼âËþ","¡¾ÒÅÎï¿¨ÅÆ¡¿REMEMod"],"gold_per_floor":[116,129,129,149,169,204,204,231,231,251,282,294,294,294,294],"floor_reached":14,"language":"ZHS","playtime":704,"items_purged":[],"score":107,"play_id":"0c144419-a1bb-468b-b360-319653fa8ee5","local_time":"20210217025043","is_ascension_mode":true,"campfire_choices":[{"data":"AT_KingSlayer","floor":7.0,"key":"SMITH"},{"data":"AT_Desolate","floor":13.0,"key":"SMITH"}],"circlet_count":0,"master_deck":["Strike_G","Strike_G","Strike_G","Strike_G","Strike_G","Defend_G","Defend_G","Defend_G","Defend_G","Defend_G","Survivor","Neutralize","AT_KingSlayer+1","Reflex","SpiderBud","Blade Dance","REME_CopyPotion","OldLady","VoidDream","AT_Desolate+1","BlackSwan","Backflip","UniverseFragment","Acrobatics","BlueStar","Bomb"],"relics":["Ring of the Snake","AT_ATBox","REME_ComplimentaryCards","HushsDoor","TheBible","CogitoBucket","LetterFromLob","Pen Nib","Potion Belt","FleshIdol","MaYiHuaBei"],"acts_visited":["Exordium"],"potions_floor_usage":[],"damage_taken":[{"damage":1.0,"enemies":"Cultist","floor":1.0,"turns":4.0},{"damage":2.0,"enemies":"2 Louse","floor":2.0,"turns":3.0},{"damage":2.0,"enemies":"Jaw Worm","floor":4.0,"turns":3.0},{"damage":0.0,"enemies":"2 Fungi Beasts","floor":5.0,"turns":4.0},{"damage":22.0,"enemies":"3 Sentries","floor":6.0,"turns":11.0},{"damage":8.0,"enemies":"Looter","floor":10.0,"turns":6.0},{"damage":31.0,"enemies":"Gremlin Nob","floor":11.0,"turns":4.0},{"damage":0.0,"enemies":"Exordium Thugs","floor":12.0,"turns":4.0},{"damage":2,"enemies":"Lagavulin","floor":14,"turns":2}],"seed_played":"4536648590801953064","potions_obtained":[{"floor":4.0,"key":"Ancient Potion"},{"floor":10.0,"key":"DuplicationPotion"}],"is_trial":false,"path_per_floor":["M","M","?","M","M","E","R","T","T","M","E","M","R","E"],"character_chosen":"THE_SILENT","items_purchased":[],"campfire_rested":0,"item_purchase_floors":[],"current_hp_per_floor":[69,67,70,68,68,46,46,46,46,38,7,7,7,5,5],"gold":294,"neow_bonus":"","is_daily":false,"chose_seed":false,"campfire_upgraded":2,"win_rate":0.0,"timestamp":1613501443,"path_taken":["M","M","?","M","?","E","R","?","T","M","E","M","R","E"],"items_purchased_type":[],"build_version":"2020-12-22","purchased_purges":0,"victory":false,"max_hp_per_floor":[70,70,70,70,70,70,70,70,70,70,70,70,70,70,70],"card_choices":[{"not_picked":["Flying Knee","AT_KneejerkReflex"],"picked":"Reflex","floor":1.0},{"not_picked":["WallGazer","CherryBlossoms"],"picked":"SpiderBud","floor":2.0},{"not_picked":["Outmaneuver","Flying Knee"],"picked":"Blade Dance","floor":2.0},{"not_picked":["Dodge and Roll","PiercingWail"],"picked":"REME_CopyPotion","floor":4.0},{"not_picked":["CrumblingArmor","MHz"],"picked":"OldLady","floor":4.0},{"not_picked":["Rudolta","CherryBlossoms"],"picked":"VoidDream","floor":5.0},{"not_picked":["Expertise","PiercingWail"],"picked":"AT_Desolate","floor":5.0},{"not_picked":["Murderer","Mercenary"],"picked":"BlackSwan","floor":6.0},{"not_picked":["Dagger Throw","Slice"],"picked":"Backflip","floor":6.0},{"not_picked":["Scarecrow","OSAHOGD"],"picked":"UniverseFragment","floor":10.0},{"not_picked":["Flying Knee","Dagger Spray","Deadly Poison"],"picked":"SKIP","floor":10.0},{"not_picked":["Bane","AT_WomanClash"],"picked":"Acrobatics","floor":11.0},{"not_picked":["Scorched","ShyLook"],"picked":"BlueStar","floor":11.0},{"not_picked":["Acrobatics","Dagger Spray"],"picked":"Bomb","floor":12.0}],"player_experience":1455896,"relics_obtained":[{"floor":1.0,"key":"LetterFromLob"},{"floor":6.0,"key":"Pen Nib"},{"floor":8.0,"key":"Potion Belt"},{"floor":11.0,"key":"MaYiHuaBei"}],"event_choices":[],"is_beta":false,"boss_relics":[],"items_purged_floors":[],"is_endless":false,"potions_floor_spawned":[4,5,10],"killed_by":"Lagavulin","ascension_level":1}}