{"host":"vhifjdba66khcqwn","time":1613466542,"event":{"mods":["AchievementEnabler","BaseMod","Bestiary","Energized Spire","Minty Spire (QoL Compilation)","Practice Mode","Relic Stats","Spicy Shops","StSLib","slay the spire mod where everything is the same but ironclad has a cowboy hat"],"gold_per_floor":[363,413,433,433,447,475,493,19,64,64,11,11,11,30,61,26,26,100,100,118,68,87,106,106,106,106,138,138,138,138],"floor_reached":29,"language":"ENG","playtime":679,"items_purged":[],"score":477,"play_id":"eed1041a-711f-48a4-b7a6-3c563f440b48","local_time":"20210216010902","is_ascension_mode":true,"campfire_choices":[{"floor":13.0,"key":"REST"},{"data":"Defragment","floor":17.0,"key":"SMITH"},{"floor":25,"key":"REST"}],"circlet_count":0,"master_deck":["AscendersBane","Strike_B","Strike_B","Strike_B","Strike_B","Defend_B","Defend_B","Defend_B","Defend_B","Zap","Dualcast","Beam Cell","Ball Lightning","Defragment+1","Conserve Battery+1","Leap+1","Conserve Battery+1","Auto Shields+1","Ball Lightning","Steam Power+1","Darkness+1","Core Surge+1","Coolheaded+1","Coolheaded+1","Steam+1","Consume+1"],"relics":["Cracked Core","Toxic Egg 2","Medical Kit","Eternal Feather","Art of War","Bottled Flame","Question Card","Boot","Black Star","Mummified Hand","Ancient Tea Set","Toy Ornithopter"],"acts_visited":["Exordium","TheCity"],"potions_floor_usage":[27,27],"damage_taken":[{"damage":24.0,"enemies":"Jaw Worm","floor":1.0,"turns":4.0},{"damage":1.0,"enemies":"Cultist","floor":3.0,"turns":3.0},{"damage":10.0,"enemies":"Small Slimes","floor":5.0,"turns":3.0},{"damage":8.0,"enemies":"Gremlin Nob","floor":6.0,"turns":3.0},{"damage":7.0,"enemies":"3 Louse","floor":7.0,"turns":5.0},{"damage":5.0,"enemies":"Gremlin Gang","floor":14.0,"turns":4.0},{"damage":10.0,"enemies":"3 Sentries","floor":15.0,"turns":6.0},{"damage":25.0,"enemies":"Hexaghost","floor":18.0,"turns":6.0},{"damage":0.0,"enemies":"Chosen","floor":20.0,"turns":3.0},{"damage":37.0,"enemies":"2 Thieves","floor":22.0,"turns":4.0},{"damage":12.0,"enemies":"Snecko","floor":23.0,"turns":5.0},{"damage":31,"enemies":"Gremlin Leader","floor":27,"turns":6},{"damage":8,"enemies":"Snake Plant","floor":29,"turns":1}],"seed_played":"-6415816431630193666","potions_obtained":[{"floor":1.0,"key":"Strength Potion"},{"floor":4.0,"key":"EntropicBrew"},{"floor":4.0,"key":"AttackPotion"},{"floor":18.0,"key":"AttackPotion"},{"floor":23.0,"key":"PowerPotion"}],"is_trial":false,"path_per_floor":["M","?","M","?","M","E","M","$","T","T","$","T","R","M","E","?","R","B",null,"M","?","M","M","?","R","?","E","T","M"],"character_chosen":"DEFECT","items_purchased":["Medical Kit","Eternal Feather","Conserve Battery+1","Auto Shields+1","Ball Lightning"],"campfire_rested":2,"item_purchase_floors":[8,8,8,8,11],"current_hp_per_floor":[40,34,33,33,23,15,8,8,8,8,8,8,36,31,21,37,49,24,54,54,54,17,5,5,39,39,8,8,0,0],"gold":138,"neow_bonus":"TWO_FIFTY_GOLD","is_daily":false,"chose_seed":false,"campfire_upgraded":1,"win_rate":0.0,"timestamp":1613466542,"path_taken":["M","?","?","?","?","E","M","$","T","T","$","?","R","M","E","?","R","BOSS","M","?","?","M","?","R","?","E","T","M"],"items_purchased_type":["Relic","Relic","Card","Card","Card"],"build_version":"2020-12-22","purchased_purges":0,"victory":false,"max_hp_per_floor":[64,64,64,64,64,64,64,64,64,64,64,64,64,64,64,64,64,64,64,64,64,64,64,64,64,64,64,64,64,64],"relic_stats":{"counters":[13,53],"Mummified Hand":[0],"Eternal Feather":36,"Art of War":[4],"Black Star":1,"Medical Kit":[3],"Question Card":7,"Boot":[18],"obtain_stats":[{"Bottled Flame":10,"Mummified Hand":27,"Eternal Feather":8,"Art of War":9,"Black Star":19,"Toxic Egg 2":6,"Cracked Core":0,"Medical Kit":8,"Question Card":12,"Boot":15,"Ancient Tea Set":27,"Toy Ornithopter":28},{"Bottled Flame":5,"Mummified Hand":12,"Eternal Feather":5,"Art of War":5,"Black Star":8,"Toxic Egg 2":4,"Cracked Core":0,"Medical Kit":5,"Question Card":5,"Boot":7,"Ancient Tea Set":12,"Toy Ornithopter":12},{"Bottled Flame":18,"Mummified Hand":52,"Eternal Feather":18,"Art of War":18,"Black Star":34,"Toxic Egg 2":13,"Cracked Core":0,"Medical Kit":18,"Question Card":18,"Boot":28,"Ancient Tea Set":52,"Toy Ornithopter":52}],"Toy Ornithopter":0},"card_choices":[{"not_picked":["Lockon","Compile Driver"],"picked":"Beam Cell","floor":1.0},{"not_picked":["Redo","Coolheaded"],"picked":"Ball Lightning","floor":3.0},{"not_picked":["Tempest","Aggregate"],"picked":"Defragment","floor":5.0},{"not_picked":["FTL","Blizzard"],"picked":"Conserve Battery+1","floor":6.0},{"not_picked":["Gash","Rip and Tear"],"picked":"Leap+1","floor":7.0},{"not_picked":["Tempest+1","Compile Driver","Blizzard"],"picked":"Steam Power+1","floor":14.0},{"not_picked":["Compile Driver","Hologram+1","Blizzard"],"picked":"Darkness+1","floor":15.0},{"not_picked":["Hyperbeam","Machine Learning","Amplify+1"],"picked":"Core Surge","floor":18.0},{"not_picked":["Compile Driver","Beam Cell","Gash"],"picked":"Coolheaded+1","floor":20.0},{"not_picked":["Beam Cell","Heatsinks","Fusion+1"],"picked":"Coolheaded+1","floor":22.0},{"not_picked":["Hologram+1","Sweeping Beam","Turbo+1"],"picked":"Steam+1","floor":23.0},{"not_picked":["Hello World","Compile Driver","Barrage"],"picked":"Consume+1","floor":27}],"player_experience":1178376,"relics_obtained":[{"floor":6.0,"key":"Toxic Egg 2"},{"floor":9.0,"key":"Art of War"},{"floor":10.0,"key":"Bottled Flame"},{"floor":12.0,"key":"Question Card"},{"floor":15.0,"key":"Boot"},{"floor":27,"key":"Mummified Hand"},{"floor":27,"key":"Ancient Tea Set"},{"floor":28,"key":"Toy Ornithopter"}],"event_choices":[{"damage_healed":0.0,"max_hp_gain":0.0,"max_hp_loss":0.0,"gold_gain":50.0,"event_name":"FaceTrader","player_choice":"Touch","floor":2.0,"gold_loss":0.0,"damage_taken":6.0},{"damage_healed":0.0,"max_hp_gain":0.0,"max_hp_loss":0.0,"gold_gain":0.0,"event_name":"Lab","player_choice":"Got Potions","floor":4.0,"gold_loss":0.0,"damage_taken":0.0},{"damage_healed":16.0,"max_hp_gain":0.0,"max_hp_loss":0.0,"gold_gain":0.0,"event_name":"The Cleric","player_choice":"Healed","floor":16.0,"gold_loss":35.0,"damage_taken":0.0},{"damage_healed":0.0,"max_hp_gain":0.0,"max_hp_loss":0.0,"gold_gain":0.0,"event_name":"Designer","player_choice":"Upgrade","floor":21.0,"gold_loss":50.0,"damage_taken":0.0,"cards_upgraded":["Core Surge"]},{"damage_healed":0,"gold_gain":0,"player_choice":"Ignored","damage_taken":0,"max_hp_gain":0,"max_hp_loss":0,"event_name":"Cursed Tome","floor":24,"gold_loss":0},{"damage_healed":0,"gold_gain":0,"player_choice":"Ignored","damage_taken":0,"max_hp_gain":0,"max_hp_loss":0,"event_name":"Beggar","floor":26,"gold_loss":0}],"is_beta":false,"boss_relics":[{"not_picked":["SacredBark","Pandora\u0027s Box"],"picked":"Black Star"}],"items_purged_floors":[],"is_endless":false,"potions_floor_spawned":[1,5,6,18,23],"killed_by":"Snake Plant","ascension_level":18}}