{"host":"31s8hzukbhz1k6i6","time":1613446510,"event":{"mods":["AchievementEnabler","BaseMod","Bestiary","Colored Map","Filter the Spire","Minty Spire (QoL Compilation)","Relic Stats"],"gold_per_floor":[109,109,119,119,131,131,156,156,156,176,190,205,225,238,238,238,238],"floor_reached":16,"language":"ENG","playtime":795,"items_purged":[],"score":208,"play_id":"fd5e1800-2d6b-4dc0-9459-cb24eec04586","local_time":"20210215193510","is_ascension_mode":true,"campfire_choices":[{"data":"Predator","floor":6.0,"key":"SMITH"},{"data":"Slice","floor":8,"key":"SMITH"},{"floor":15,"key":"REST"}],"circlet_count":0,"master_deck":["AscendersBane","Strike_G","Strike_G","Strike_G","Strike_G","Strike_G","Defend_G","Defend_G+1","Defend_G","Defend_G","Survivor","Neutralize","Crippling Poison+1","Leg Sweep","Predator+1","Slice+1","Poisoned Stab","Cloak And Dagger","All Out Attack"],"relics":["Ring of the Snake","Anchor","Gremlin Horn","Regal Pillow","Odd Mushroom"],"acts_visited":["Exordium"],"potions_floor_usage":[7,16,16],"damage_taken":[{"damage":3.0,"enemies":"Small Slimes","floor":1.0,"turns":7.0},{"damage":0.0,"enemies":"Jaw Worm","floor":3.0,"turns":4.0},{"damage":8.0,"enemies":"Cultist","floor":5.0,"turns":4.0},{"damage":10,"enemies":"Lagavulin","floor":7,"turns":6},{"damage":10,"enemies":"The Mushroom Lair","floor":10,"turns":3},{"damage":1,"enemies":"Large Slime","floor":11,"turns":4},{"damage":5,"enemies":"Exordium Thugs","floor":12,"turns":4},{"damage":0,"enemies":"2 Fungi Beasts","floor":13,"turns":2},{"damage":0,"enemies":"Large Slime","floor":14,"turns":5},{"damage":39,"enemies":"Slime Boss","floor":16,"turns":8}],"seed_played":"-1527198705975511514","potions_obtained":[{"floor":3.0,"key":"Poison Potion"},{"floor":10,"key":"SteroidPotion"},{"floor":11,"key":"DuplicationPotion"}],"is_trial":false,"path_per_floor":["M","?","M","?","M","R","E","R","T","?","M","M","M","M","R","B"],"character_chosen":"THE_SILENT","items_purchased":[],"campfire_rested":1,"item_purchase_floors":[],"current_hp_per_floor":[56,36,36,36,28,28,18,18,18,8,7,2,2,2,36,0,0],"gold":238,"neow_bonus":"RANDOM_COMMON_RELIC","is_daily":false,"chose_seed":false,"campfire_upgraded":2,"win_rate":0.0,"timestamp":1613446510,"path_taken":["M","?","M","?","M","R","E","R","T","?","?","M","M","M","R","BOSS"],"items_purchased_type":[],"build_version":"2020-12-22","purchased_purges":0,"victory":false,"max_hp_per_floor":[66,66,66,66,66,66,66,66,66,66,66,66,66,66,66,66,66],"relic_stats":{"Regal Pillow":15,"Gremlin Horn":[7,7],"counters":[10,47],"obtain_stats":[{"Anchor":0,"Regal Pillow":9,"Gremlin Horn":7,"Odd Mushroom":10,"Ring of the Snake":0},{"Anchor":0,"Regal Pillow":4,"Gremlin Horn":4,"Odd Mushroom":5,"Ring of the Snake":0},{"Anchor":0,"Regal Pillow":21,"Gremlin Horn":21,"Odd Mushroom":24,"Ring of the Snake":0}],"Ring of the Snake":[20]},"card_choices":[{"not_picked":["Deadly Poison","Outmaneuver"],"picked":"Crippling Poison","floor":1.0},{"not_picked":["Terror","Distraction"],"picked":"Leg Sweep","floor":3.0},{"not_picked":["Underhanded Strike","Calculated Gamble","Infinite Blades"],"picked":"SKIP","floor":5.0},{"not_picked":["Quick Slash","Prepared"],"picked":"Slice","floor":7},{"not_picked":["Riddle With Holes","PiercingWail"],"picked":"Poisoned Stab","floor":10},{"not_picked":["Slice","Finisher","Reflex"],"picked":"SKIP","floor":11},{"not_picked":["Choke","Blur"],"picked":"Cloak And Dagger","floor":12},{"not_picked":["Finisher","Grand Finale"],"picked":"All Out Attack","floor":13},{"not_picked":["Reflex","Cloak And Dagger","Sucker Punch"],"picked":"SKIP","floor":14}],"player_experience":222235,"relics_obtained":[{"floor":7,"key":"Gremlin Horn"},{"floor":9,"key":"Regal Pillow"},{"floor":10,"key":"Odd Mushroom"}],"event_choices":[{"damage_healed":0.0,"max_hp_gain":0.0,"max_hp_loss":0.0,"gold_gain":0.0,"event_name":"Shining Light","player_choice":"Entered Light","floor":2.0,"gold_loss":0.0,"damage_taken":20.0,"cards_upgraded":["Defend_G","Crippling Poison"]},{"damage_healed":0.0,"max_hp_gain":0.0,"max_hp_loss":0.0,"gold_gain":0.0,"cards_transformed":["Defend_G"],"event_name":"Living Wall","player_choice":"Change","floor":4.0,"gold_loss":0.0,"damage_taken":0.0,"cards_obtained":["Predator"]},{"damage_healed":0,"gold_gain":0,"player_choice":"Fought Mushrooms","damage_taken":0,"max_hp_gain":0,"max_hp_loss":0,"event_name":"Mushrooms","floor":10,"gold_loss":0}],"is_beta":false,"boss_relics":[],"items_purged_floors":[],"is_endless":false,"potions_floor_spawned":[3,10,11,12,13],"killed_by":"Slime Boss","ascension_level":20}}