{"host":"w1l5t0a1l2lkq6my","time":1613472935,"event":{"mods":["100% Spire Juice","Bartender","BaseMod","KinomotoSakuraMod(ñÿîVñ{?)","Lobotomy","LobotomyExtend","Magitek Elite","MarisaÅiñ∂âJÅ@ñÇóùçπÅj","Minty Spire (QoL Compilation)","StSLib","The Gatherer","The Senshi","Yuyuko"],"gold_per_floor":[115,115,127,147,72,104,121,121,170,170,188,206,221,121,121,221,221,241,166,167,167,42,42,36,36,60,91,91,105,105,94,94,94,94],"floor_reached":33,"language":"ENG","playtime":2086,"items_purged":["Regret","Strike_MRS","Defend_MRS"],"score":328,"play_id":"75bddec4-7fc4-4a9a-b02a-9e1012910535","local_time":"20210216035535","is_ascension_mode":false,"campfire_choices":[{"floor":10,"key":"REST"},{"data":"MysteriousBeam","floor":15,"key":"SMITH"},{"data":"SprinkleStarSeal","floor":23,"key":"SMITH"},{"data":"EarthLightRay","floor":25,"key":"SMITH"},{"floor":32,"key":"REST"}],"circlet_count":0,"master_deck":["Strike_MRS","Strike_MRS","Strike_MRS","Defend_MRS","MasterSpark","UpSweep","Mercenary","ShootTheMoon","SuperPerseids","GravityBeat","SpiderBud","ShootTheMoon","Laetitia","Alriune","Funeral","ShootTheMoon","Freischutz","UltimateShortwave","QueenBee","6A+1","RitualDagger","FieryBird","DespairKnight","DoubleSpark","OSAHOGD","LuminesStrike+1","SnowQueen","Acceleration+1"],"relics":["MiniHakkero","CogitoBucket","LetterFromLob","White Beast Statue","Bag of Preparation","Lantern","BackwardClock","Black Star","Red Mask","Pocketwatch","Pear","Art of War","Ginger","MagicBroom","Cleaning_Rag","Tintinnabulum","AspirationHeart"],"acts_visited":["Exordium","TheCity"],"potions_floor_usage":[6,6,11,16,16,16,27,31,33],"damage_taken":[{"damage":6,"enemies":"Jaw Worm","floor":1,"turns":3},{"damage":1,"enemies":"Cultist","floor":3,"turns":3},{"damage":6,"enemies":"Small Slimes","floor":4,"turns":3},{"damage":35,"enemies":"3 Sentries","floor":6,"turns":7},{"damage":7,"enemies":"Blue Slaver","floor":7,"turns":3},{"damage":5,"enemies":"Exordium Wildlife","floor":11,"turns":5},{"damage":6,"enemies":"Large Slime","floor":12,"turns":2},{"damage":11,"enemies":"2 Fungi Beasts","floor":13,"turns":3},{"damage":30,"enemies":"Hexaghost","floor":16,"turns":5},{"damage":1,"enemies":"Shell Parasite","floor":18,"turns":4},{"damage":0,"enemies":"Masked Bandits","floor":20,"turns":2},{"damage":21,"enemies":"Gremlin Leader","floor":24,"turns":3},{"damage":15,"enemies":"Book of Stabbing","floor":27,"turns":3},{"damage":37,"enemies":"Slavers","floor":29,"turns":3},{"damage":35,"enemies":"3 Byrds","floor":31,"turns":4},{"damage":54,"enemies":"Collector","floor":33,"turns":2}],"seed_played":"6650110872402206282","potions_obtained":[{"floor":1,"key":"Weak Potion"},{"floor":3,"key":"ShroomBrew"},{"floor":4,"key":"Swift Potion"},{"floor":6,"key":"Fruit Juice"},{"floor":7,"key":"Regen Potion"},{"floor":11,"key":"LiquidMemories"},{"floor":13,"key":"DistilledChaos"},{"floor":16,"key":"Weak Potion"},{"floor":18,"key":"SkillPotion"},{"floor":20,"key":"Fire Potion"},{"floor":27,"key":"SpeedPotion"},{"floor":31,"key":"DistilledChaos"}],"is_trial":false,"path_per_floor":["M","?","M","M","$","E","M","?","T","R","M","M","M","$","R","B",null,"M","?","?","?","$","R","E","R","T","E","$","E","$","M","R","B"],"character_chosen":"MARISA","items_purchased":[],"campfire_rested":2,"item_purchase_floors":[],"current_hp_per_floor":[69,69,68,62,62,27,20,20,20,42,42,36,25,25,25,2,80,79,79,79,73,73,73,63,63,63,49,49,19,20,20,51,0,0],"gold":94,"neow_bonus":"","is_daily":false,"chose_seed":false,"campfire_upgraded":3,"win_rate":0.0,"timestamp":1613472935,"path_taken":["M","?","M","M","$","E","M","?","T","R","M","M","M","?","R","BOSS","M","?","?","?","$","R","E","R","T","E","?","E","$","M","R","BOSS"],"items_purchased_type":[],"build_version":"2020-12-22","purchased_purges":3,"victory":false,"max_hp_per_floor":[75,75,75,75,75,75,75,75,75,75,80,80,80,80,80,80,80,80,80,80,80,80,80,90,90,90,90,90,90,90,100,100,100,100],"card_choices":[{"not_picked":["Bloodbath","VoidDream"],"picked":"Mercenary","floor":1},{"not_picked":["GalacticHalo","StarlightTyphoon"],"picked":"ShootTheMoon","floor":1},{"not_picked":["Singularity","StarBarrage"],"picked":"SuperPerseids","floor":3},{"not_picked":["CollectingQuirk","Robbery"],"picked":"GravityBeat","floor":4},{"not_picked":["OldLady","Bloodbath"],"picked":"LittlePrince","floor":6},{"not_picked":["Acceleration","GalacticHalo"],"picked":"IllusionStar","floor":6},{"not_picked":["QueenBee","OSAHOGD"],"picked":"SpiderBud","floor":7},{"not_picked":["DarkMatter","UnstableBomb"],"picked":"ShootTheMoon","floor":7},{"not_picked":["Woodsman","Scorched"],"picked":"Laetitia","floor":11},{"not_picked":["Acceleration","PulseMagic"],"picked":"MysteriousBeam","floor":11},{"not_picked":["RedShoes","Porccubus"],"picked":"Alriune","floor":12},{"not_picked":["Acceleration","DC","GalacticHalo"],"picked":"SKIP","floor":12},{"not_picked":["VoidDream","Rudolta"],"picked":"Funeral","floor":13},{"not_picked":["ChargingUp","Robbery"],"picked":"ShootTheMoon","floor":13},{"not_picked":["UniverseFragment","RedShoes"],"picked":"Freischutz","floor":16},{"not_picked":["JA","CasketOfStar"],"picked":"UltimateShortwave","floor":16},{"not_picked":["Scorched","BeautyBeast"],"picked":"QueenBee","floor":18},{"not_picked":["WitchLeyline","BlazeAway+1"],"picked":"6A+1","floor":18},{"not_picked":["OSAHOGD","WhitesApple"],"picked":"HeroicMonk","floor":20},{"not_picked":["BlazeAway+1","EnergyRecoil"],"picked":"SprinkleStarSeal","floor":20},{"not_picked":["PunishingBird","SnowQueen"],"picked":"FieryBird","floor":24},{"not_picked":["LuminesStrike","DoubleSpark"],"picked":"EarthLightRay","floor":24},{"not_picked":["Porccubus","Scarecrow"],"picked":"DespairKnight","floor":27},{"not_picked":["WitchLeyline","6A"],"picked":"DoubleSpark","floor":27},{"not_picked":["BigBird","Murderer"],"picked":"OSAHOGD","floor":29},{"not_picked":["DC","GravityBeat"],"picked":"LuminesStrike+1","floor":29},{"not_picked":["OldLady","NakedNest"],"picked":"SnowQueen","floor":31},{"not_picked":["MilkyWay","PowerUp"],"picked":"Acceleration+1","floor":31}],"player_experience":129873,"relics_obtained":[{"floor":1,"key":"LetterFromLob"},{"floor":6,"key":"Bag of Preparation"},{"floor":9,"key":"Lantern"},{"floor":20,"key":"Red Mask"},{"floor":24,"key":"Pocketwatch"},{"floor":24,"key":"Pear"},{"floor":26,"key":"Art of War"},{"floor":27,"key":"Ginger"},{"floor":27,"key":"MagicBroom"},{"floor":29,"key":"Cleaning_Rag"},{"floor":29,"key":"Tintinnabulum"}],"event_choices":[{"damage_healed":0,"gold_gain":0,"player_choice":"Box","damage_taken":0,"relics_obtained":["White Beast Statue"],"max_hp_gain":0,"max_hp_loss":0,"event_name":"Big Fish","floor":2,"gold_loss":0,"cards_obtained":["Regret"]},{"damage_healed":0,"gold_gain":0,"player_choice":"1 cards matched","damage_taken":0,"max_hp_gain":0,"max_hp_loss":0,"event_name":"Match and Keep!","floor":8,"gold_loss":0,"cards_obtained":["MagicAbsorber"]},{"cards_removed":["LittlePrince"],"damage_healed":0,"gold_gain":0,"player_choice":"Gave Gold","damage_taken":0,"max_hp_gain":0,"max_hp_loss":0,"event_name":"Beggar","floor":19,"gold_loss":75},{"damage_healed":0,"gold_gain":0,"player_choice":"Fought Bandits","damage_taken":0,"max_hp_gain":0,"max_hp_loss":0,"event_name":"Masked Bandits","floor":20,"gold_loss":0},{"damage_healed":0,"gold_gain":0,"player_choice":"Joined the Cult","damage_taken":6,"max_hp_gain":0,"max_hp_loss":0,"event_name":"Nest","floor":21,"gold_loss":0,"cards_obtained":["RitualDagger"]}],"is_beta":false,"boss_relics":[{"not_picked":["Ectoplasm","Cursed Key"],"picked":"Black Star"}],"items_purged_floors":[5,14,22],"is_endless":false,"potions_floor_spawned":[1,3,4,6,7,11,12,13,16,18,20,24,27,29,31],"killed_by":"Collector","ascension_level":0}}