{"host":"j9610sde00vfp93k","time":1613451914,"event":{"mods":["AchievementEnabler","BaseMod","Dio Mod","Gold Saver","Minty Spire (QoL Compilation)","Permanent Neow","Rare Cards Sparkle","Spire Arcade","StSLib","SuperFastMode"],"gold_per_floor":[542,561,581,592,607,637,637,637,706,706,744,759,759,548,548,548,548],"floor_reached":16,"language":"ENG","playtime":930,"items_purged":[],"score":112,"play_id":"96451213-f7be-4a0c-8712-8b588bc8e9c1","local_time":"20210216130514","is_ascension_mode":false,"campfire_choices":[{"data":"dioMod:SecretPlan","floor":8,"key":"SMITH"},{"data":"dioMod:GoldVial","floor":10,"key":"SMITH"},{"data":"dioMod:Pluck","floor":15,"key":"SMITH"}],"circlet_count":0,"master_deck":["dioMod:Strike","dioMod:Strike","dioMod:Strike","dioMod:Strike","Bite","dioMod:Defend","dioMod:Defend","dioMod:Defend","dioMod:Defend","dioMod:CautiousMuda","dioMod:Muda","dioMod:DisarmingVoice","dioMod:GoldVial+1","dioMod:SecretPlan+1","dioMod:StreetSign","dioMod:BloodTransfusion","dioMod:LaserVision","dioMod:Pluck+1","Violence"],"relics":["dioMod:VampireBlood","Happy Flower","Golden Idol","Turnip"],"acts_visited":["Exordium"],"potions_floor_usage":[5,6,11],"damage_taken":[{"damage":6,"enemies":"Jaw Worm","floor":1,"turns":5},{"damage":3,"enemies":"Small Slimes","floor":2,"turns":4},{"damage":8,"enemies":"Cultist","floor":3,"turns":5},{"damage":33,"enemies":"Exordium Thugs","floor":4,"turns":6},{"damage":4,"enemies":"Looter","floor":5,"turns":4},{"damage":41,"enemies":"3 Sentries","floor":6,"turns":11},{"damage":60,"enemies":"Lagavulin","floor":11,"turns":14},{"damage":0,"enemies":"Large Slime","floor":12,"turns":7},{"damage":88,"enemies":"Slime Boss","floor":16,"turns":12}],"seed_played":"4897630760274310852","potions_obtained":[{"floor":2,"key":"Explosive Potion"},{"floor":3,"key":"FearPotion"},{"floor":4,"key":"GamblersBrew"}],"is_trial":false,"path_per_floor":["M","M","M","M","M","E","?","R","T","R","E","M","?","$","R","B"],"character_chosen":"THE_DEFAULT","items_purchased":["dioMod:Pluck","Violence"],"campfire_rested":0,"item_purchase_floors":[14,14],"current_hp_per_floor":[75,75,73,48,49,40,40,40,40,40,14,47,47,47,47,0,0],"gold":548,"neow_bonus":"HUNDRED_GOLD","is_daily":false,"chose_seed":false,"campfire_upgraded":3,"win_rate":0.0,"timestamp":1613451914,"path_taken":["M","M","M","M","M","E","?","R","T","R","E","M","?","$","R","BOSS"],"items_purchased_type":["Card","Card"],"build_version":"2020-12-22","purchased_purges":0,"victory":false,"max_hp_per_floor":[75,75,75,75,75,75,69,69,69,69,69,69,69,69,69,69,69],"card_choices":[{"not_picked":["dioMod:ComposedMuda","dioMod:CutDeep"],"picked":"dioMod:ComboFever","floor":1},{"not_picked":["dioMod:WRYYY","dioMod:ComboFever"],"picked":"dioMod:CautiousMuda","floor":2},{"not_picked":["dioMod:Hiss","dioMod:DisarmingVoice"],"picked":"dioMod:Muda","floor":3},{"not_picked":["dioMod:CutDeep","dioMod:DaggerToss"],"picked":"dioMod:DisarmingVoice","floor":4},{"not_picked":["dioMod:WRYYY","dioMod:DaggerSpree"],"picked":"dioMod:GoldVial","floor":5},{"not_picked":["dioMod:CautiousMuda","dioMod:DisarmingVoice"],"picked":"dioMod:SecretPlan","floor":6},{"not_picked":["dioMod:SecretPlan","dioMod:ComposedMuda"],"picked":"dioMod:StreetSign","floor":11},{"not_picked":["dioMod:BloodSplash","dioMod:SecretPlan"],"picked":"dioMod:BloodTransfusion","floor":12}],"player_experience":224665,"relics_obtained":[{"floor":6,"key":"Happy Flower"},{"floor":11,"key":"Turnip"}],"event_choices":[{"damage_healed":0,"gold_gain":0,"player_choice":"Lose Max HP","damage_taken":0,"relics_obtained":["Golden Idol"],"max_hp_gain":0,"max_hp_loss":6,"event_name":"Golden Idol","floor":7,"gold_loss":0},{"damage_healed":0,"gold_gain":0,"cards_transformed":["dioMod:ComboFever"],"player_choice":"Transformed","damage_taken":0,"max_hp_gain":0,"max_hp_loss":0,"event_name":"Transmorgrifier","floor":13,"gold_loss":0,"cards_obtained":["dioMod:LaserVision"]}],"is_beta":false,"boss_relics":[],"items_purged_floors":[],"is_endless":false,"potions_floor_spawned":[2,3,4],"killed_by":"Slime Boss","ascension_level":0}}