{"host":"z4nt7tdd4gjrinn7","time":1613514685,"event":{"mods":["100% Spire Juice","BaseMod","Minty Spire (QoL Compilation)","StS++","StSLib","The Hierophant"],"gold_per_floor":[116,116,126,126,142,169,182,26,50,50,50,70,85,100,100,201,201,214,224,224,190,190,190],"floor_reached":22,"language":"ENG","playtime":1885,"items_purged":[],"score":188,"play_id":"4606e848-713c-4eb3-9a42-8cca52c96663","local_time":"20210216173125","is_ascension_mode":false,"campfire_choices":[{"floor":10,"key":"REST"},{"floor":15,"key":"REST"}],"circlet_count":0,"master_deck":["Strike_B","Strike_B","Strike_B","Strike_B","Defend_B","Defend_B","Defend_B","Defend_B","Zap","Dualcast","Rebound","Beam Cell","Auto Shields","StSpp:Igniter","Redo","Barrage","Glacier","Cold Snap","Buffer","Conserve Battery","Go for the Eyes","Rip and Tear"],"relics":["Cracked Core","NeowsBlessing","Centennial Puzzle","Lantern","Strawberry","Black Star"],"acts_visited":["Exordium","TheCity"],"potions_floor_usage":[16,16,16,16],"damage_taken":[{"damage":0,"enemies":"2 Louse","floor":1,"turns":1},{"damage":0,"enemies":"Cultist","floor":3,"turns":1},{"damage":0,"enemies":"Small Slimes","floor":5,"turns":1},{"damage":19,"enemies":"Lagavulin","floor":6,"turns":6},{"damage":12,"enemies":"Exordium Thugs","floor":7,"turns":4},{"damage":6,"enemies":"Exordium Wildlife","floor":12,"turns":3},{"damage":10,"enemies":"Lots of Slimes","floor":13,"turns":3},{"damage":0,"enemies":"2 Fungi Beasts","floor":14,"turns":2},{"damage":52,"enemies":"The Guardian","floor":16,"turns":21},{"damage":35,"enemies":"3 Byrds","floor":18,"turns":6},{"damage":11,"enemies":"Chosen","floor":19,"turns":6},{"damage":43,"enemies":"3 Cultists","floor":22,"turns":5}],"seed_played":"515845650836738404","potions_obtained":[{"floor":5,"key":"SteroidPotion"},{"floor":7,"key":"EntropicBrew"},{"floor":12,"key":"SneckoOil"},{"floor":16,"key":"Ancient Potion"}],"is_trial":false,"path_per_floor":["M","$","M","?","M","E","M","$","T","R","$","M","M","M","R","B",null,"M","M","$","$","M"],"character_chosen":"DEFECT","items_purchased":["Lantern","Rip and Tear"],"campfire_rested":2,"item_purchase_floors":[8,21],"current_hp_per_floor":[75,75,75,75,75,56,44,44,51,75,75,69,59,59,82,30,82,47,36,36,36,0,0],"gold":190,"neow_bonus":"THREE_ENEMY_KILL","is_daily":false,"chose_seed":false,"campfire_upgraded":0,"win_rate":0.0,"timestamp":1613514685,"path_taken":["M","$","M","?","?","E","M","$","T","R","?","M","M","M","R","BOSS","M","M","?","$","M"],"items_purchased_type":["Relic","Card"],"build_version":"2020-12-22","purchased_purges":0,"victory":false,"max_hp_per_floor":[75,75,75,75,75,75,75,75,82,82,82,82,82,82,82,82,82,82,82,82,82,82,82],"card_choices":[{"not_picked":["Reprogram","StSpp:Mask"],"picked":"Rebound","floor":1},{"not_picked":["Lockon","Streamline"],"picked":"Beam Cell","floor":3},{"not_picked":["StSpp:Pointer","StSpp:TargetLocked"],"picked":"Auto Shields","floor":5},{"not_picked":["Turbo","Conserve Battery"],"picked":"StSpp:Igniter","floor":6},{"not_picked":["Aggregate","Heatsinks"],"picked":"Redo","floor":7},{"not_picked":["Reprogram","Hologram"],"picked":"Barrage","floor":12},{"not_picked":["StSpp:Channeliser","Compile Driver"],"picked":"Glacier","floor":13},{"not_picked":["Steam Power","Fusion"],"picked":"Cold Snap","floor":14},{"not_picked":["Multi-Cast","StSpp:Saturation"],"picked":"Buffer","floor":16},{"not_picked":["Go for the Eyes","Leap+1"],"picked":"Conserve Battery","floor":18},{"not_picked":["Rebound","Hologram"],"picked":"Go for the Eyes","floor":19}],"player_experience":200916,"relics_obtained":[{"floor":6,"key":"Centennial Puzzle"},{"floor":9,"key":"Strawberry"}],"event_choices":[{"damage_healed":0,"gold_gain":0,"player_choice":"Leave","damage_taken":0,"max_hp_gain":0,"max_hp_loss":0,"event_name":"FaceTrader","floor":4,"gold_loss":0}],"is_beta":false,"boss_relics":[{"not_picked":["Sozu","SacredBark"],"picked":"Black Star"}],"items_purged_floors":[],"is_endless":false,"potions_floor_spawned":[5,7,12,16],"killed_by":"3 Cultists","ascension_level":0}}