{"host":"8t5dkgm85abdp22d","time":1613481586,"event":{"mods":["Act Like it!","BaseMod","Colored Powertips","Conspire","Duelist Mod","Gensokyo","Hallownest","Minty Spire (QoL Compilation)","Reimu（博丽灵梦）","Reliquary","Remilia（蕾米莉亚）","RumiaBox-露米娅的神秘盒子","StSLib","The Bug Knight","UnlockEverythingMod","WarShipGirlsR/战舰少女R mod","Yakumo Yukari mod","【遗物卡牌】REMEMod"],"gold_per_floor":[114,114,325,400,411,443,443,476,476,476,476,487,412,412,412,509,509,522,522,540,455,455,455,465,311,311,236,251,278,298,325,325,428,428,442,458,458,458],"floor_reached":37,"language":"ZHS","playtime":1757,"items_purged":["conspire:GhostlyDefend","conspire:GhostlyStrike"],"score":547,"play_id":"9794b428-f56e-4f20-b288-5a526759a612","local_time":"20210216211946","is_ascension_mode":false,"campfire_choices":[{"data":"rmod:aviationdawn","floor":7.0,"key":"SMITH"},{"data":"rmod:basicallowance","floor":10.0,"key":"SMITH"},{"data":"rmod:highspeedmaneuver","floor":15.0,"key":"SMITH"},{"data":"rmod:fuelsupply","floor":23,"key":"SMITH"},{"floor":32,"key":"REST"}],"circlet_count":0,"master_deck":["conspire:GhostlyStrike","conspire:GhostlyStrike","conspire:GhostlyDefend","conspire:GhostlyDefend","conspire:GhostlyDefend","rmod:basicallowance+1","rmod:maingunfire","Madness","rmod:wife","rmod:aviationdawn+1","rmod:highspeedmaneuver+1","rmod:seals","rmod:ammunitionsupply","rmod:fuelsupply+1","rmod:circuitoustactics","rmod:acesubmarine"],"relics":["rmod:firstchargereward","REME_ComplimentaryCards","NeowsBlessing","AddBug","SecretRecord","Baka","SecretRecord","SecretRecord","SecretRecord","SecretRecord","SecretRecord"],"acts_visited":["Exordium","TheCity","TheBeyond"],"potions_floor_usage":[37],"damage_taken":[{"damage":0.0,"enemies":"Small Slimes","floor":1.0,"turns":1.0},{"damage":0.0,"enemies":"Cultist","floor":3.0,"turns":1.0},{"damage":0.0,"enemies":"Jaw Worm","floor":5.0,"turns":3.0},{"damage":17.0,"enemies":"HollowMod:MossKnight","floor":6.0,"turns":4.0},{"damage":11.0,"enemies":"3 Sentries","floor":8.0,"turns":5.0},{"damage":0.0,"enemies":"3 Louse","floor":12.0,"turns":1.0},{"damage":0.0,"enemies":"Slime Boss","floor":16.0,"turns":7.0},{"damage":14.0,"enemies":"Spheric Guardian","floor":18.0,"turns":4.0},{"damage":15.0,"enemies":"Chosen","floor":20.0,"turns":5.0},{"damage":26,"enemies":"Centurion and Healer","floor":24,"turns":5},{"damage":0,"enemies":"Sentry and Sphere","floor":28,"turns":1},{"damage":0,"enemies":"theDuelist:KaibaA2","floor":29,"turns":3},{"damage":0,"enemies":"Snecko","floor":30,"turns":4},{"damage":0,"enemies":"Collector","floor":33,"turns":5},{"damage":17,"enemies":"3 Shapes","floor":35,"turns":1},{"damage":15,"enemies":"Orb Walker","floor":36,"turns":2},{"damage":33,"enemies":"Orb Walker","floor":37,"turns":4}],"seed_played":"4374291012097799822","potions_obtained":[{"floor":5.0,"key":"SpeedPotion"},{"floor":16.0,"key":"REME_GoldPotion"},{"floor":24,"key":"BlessingOfTheForge"}],"is_trial":false,"path_per_floor":["M","?","M","?","M","E","R","E","T","R","?","M","$","?","R","B",null,"M","?","M","?","?","R","M","$","T","?","M","E","M","T","R","B",null,"M","M","?"],"character_chosen":"PRAEFECT","items_purchased":["rmod:circuitoustactics"],"campfire_rested":1,"item_purchase_floors":[25],"current_hp_per_floor":[75,75,75,64,64,47,47,42,42,42,42,42,42,42,42,42,81,67,67,52,52,52,52,26,26,26,26,26,26,26,26,50,50,81,64,49,0,0],"gold":458,"neow_bonus":"THREE_ENEMY_KILL","is_daily":false,"chose_seed":false,"campfire_upgraded":4,"win_rate":0.0,"timestamp":1613481586,"path_taken":["M","?","?","?","M","E","R","E","T","R","?","M","$","?","R","BOSS","M","?","M","?","?","R","M","$","T","?","M","E","M","?","R","BOSS","M","M","?"],"items_purchased_type":["Card"],"build_version":"2020-12-22","purchased_purges":2,"victory":false,"max_hp_per_floor":[75,75,75,75,75,75,75,81,81,81,81,81,81,81,81,81,81,81,81,81,81,81,81,81,81,81,81,81,81,81,81,81,81,81,81,81,81,81],"card_choices":[{"not_picked":["rmod:unsinkable","rmod:wife","rmod:intelligenceanalysis"],"picked":"SKIP","floor":1.0},{"not_picked":["rmod:luckystar","rmod:capitalist","rmod:circuitoustactics"],"picked":"SKIP","floor":3.0},{"not_picked":["rmod:gendarmerie","rmod:victimresponsibility"],"picked":"rmod:aviationdawn","floor":5.0},{"not_picked":["rmod:supportescort","rmod:bulid","rmod:openingtorpedo"],"picked":"SKIP","floor":6.0},{"not_picked":["rmod:aggressivemary","rmod:fuelsupply"],"picked":"rmod:highspeedmaneuver","floor":8.0},{"not_picked":["rmod:rockthrower","rmod:generalist","rmod:wolves"],"picked":"SKIP","floor":12.0},{"not_picked":["rmod:windflower","rmod:desperatesituation"],"picked":"rmod:seals","floor":16.0},{"not_picked":["rmod:firesupport","rmod:openingtorpedo"],"picked":"rmod:ammunitionsupply","floor":18.0},{"not_picked":["rmod:fletcherpendant","rmod:garrisonisland","rmod:diamondstrike+1"],"picked":"SKIP","floor":20.0},{"not_picked":["rmod:fletcherpendant+1","rmod:diamondstrike","rmod:chargemoney+1"],"picked":"SKIP","floor":24},{"not_picked":["rmod:aluminumsupply","rmod:sl","rmod:unsinkable"],"picked":"SKIP","floor":28},{"not_picked":["rmod:aviationdawn","rmod:unsinkable+1","rmod:ammunitionsupply"],"picked":"SKIP","floor":29},{"not_picked":["rmod:generalist","rmod:u235","rmod:fletcherpendant+1"],"picked":"SKIP","floor":30},{"not_picked":["rmod:ridicule","rmod:expeditionaryescort"],"picked":"rmod:acesubmarine","floor":33},{"not_picked":["rmod:aluminumsupply","rmod:aviationdawn+1","rmod:chargemoney"],"picked":"SKIP","floor":35},{"not_picked":["rmod:fletcherpendant+1","rmod:luckystar+1","rmod:wife+1"],"picked":"SKIP","floor":36}],"player_experience":87550,"relics_obtained":[{"floor":1.0,"key":"AddBug"},{"floor":1.0,"key":"Baka"},{"floor":2.0,"key":"SecretRecord"},{"floor":5.0,"key":"SecretRecord"},{"floor":6.0,"key":"reliquary:PrincelyHelmet"},{"floor":8.0,"key":"rmod:equipmentrecovery"},{"floor":16.0,"key":"SecretRecord"},{"floor":24,"key":"SecretRecord"},{"floor":26,"key":"Meat on the Bone"},{"floor":29,"key":"SecretRecord"},{"floor":29,"key":"REME_ArchaeologicalTools"},{"floor":31,"key":"reliquary:Buckler"}],"event_choices":[{"damage_healed":0.0,"max_hp_gain":0.0,"max_hp_loss":0.0,"gold_gain":0.0,"event_name":"Wheel of Change","player_choice":"Relic","floor":2.0,"gold_loss":0.0,"damage_taken":0.0},{"damage_healed":0.0,"max_hp_gain":0.0,"max_hp_loss":0.0,"gold_gain":75.0,"event_name":"World of Goop","player_choice":"Gather Gold","floor":4.0,"gold_loss":0.0,"damage_taken":11.0},{"damage_healed":0.0,"max_hp_gain":0.0,"max_hp_loss":0.0,"gold_gain":0.0,"event_name":"conspire:LoneGhost","player_choice":"Agree","floor":11.0,"gold_loss":0.0,"damage_taken":0.0},{"damage_healed":0.0,"max_hp_gain":0.0,"max_hp_loss":0.0,"gold_gain":0.0,"event_name":"Liars Game","player_choice":"Ignored","floor":14.0,"gold_loss":0.0,"damage_taken":0.0},{"damage_healed":0.0,"max_hp_gain":0.0,"max_hp_loss":0.0,"gold_gain":0.0,"event_name":"The Library","player_choice":"Read","floor":19.0,"gold_loss":0.0,"damage_taken":0.0,"cards_obtained":["rmod:fuelsupply"]},{"damage_healed":0.0,"max_hp_gain":0.0,"max_hp_loss":0.0,"gold_gain":0.0,"event_name":"Addict","player_choice":"Obtained Relic","floor":21.0,"gold_loss":85.0,"damage_taken":0.0,"relics_obtained":["RuthlessExorcism:ReiMu"]},{"damage_healed":0,"gold_gain":0,"player_choice":"Inject Mutagens","damage_taken":0,"relics_obtained":["MutagenicStrength"],"max_hp_gain":0,"max_hp_loss":0,"event_name":"Drug Dealer","floor":22,"gold_loss":0},{"cards_removed":["conspire:GhostlyStrike"],"damage_healed":0,"gold_gain":0,"player_choice":"Gave Gold","damage_taken":0,"max_hp_gain":0,"max_hp_loss":0,"event_name":"Beggar","floor":27,"gold_loss":75}],"is_beta":false,"boss_relics":[{"not_picked":["Ectoplasm","conspire:SlowCooker"],"picked":"REME_ChargedStone"},{"not_picked":["Busted Crown","Cursed Key"],"picked":"Fusion Hammer"}],"items_purged_floors":[13,25],"is_endless":false,"potions_floor_spawned":[5,16,24,30,36],"killed_by":"Orb Walker","ascension_level":0}}