{"host":"5h6e4l6hpn0p5lap","time":1613440010,"event":{"mods":["AchievementEnabler","BaseMod","Better Altar","Better Match","Better Sensory Stone","Better Skull","Better Third Choice","Colored Map","Filter the Spire","Minty Spire (QoL Compilation)","StSLib"],"gold_per_floor":[116,129,144,164,239,239,273,293,293,293,64,84,84,113,113,210,210,228,245,245,263,34,34,48,80,107,124,49,49,15,49,49,147,147,165,183,183,199,199,199],"floor_reached":39,"language":"ENG","playtime":1495,"items_purged":["Strike_G","Strike_G"],"score":664,"play_id":"cb756c02-38cb-41a7-88d0-323840ca436b","local_time":"20210215204650","is_ascension_mode":true,"campfire_choices":[{"floor":6,"key":"REST"},{"floor":10,"key":"REST"},{"floor":13,"key":"REST"},{"data":"Glass Knife","floor":15,"key":"SMITH"},{"floor":23,"key":"REST"},{"floor":29,"key":"REST"},{"floor":32,"key":"REST"}],"circlet_count":0,"master_deck":["Strike_G","Strike_G","Strike_G","Defend_G","Defend_G","Defend_G","Defend_G","Defend_G","Survivor","Neutralize","Dagger Spray","Endless Agony","Skewer","Blur","Glass Knife+1","Blade Dance","Dash+1","Adrenaline","Acrobatics","Leg Sweep+1","Accuracy","Cloak And Dagger","Blade Dance","Cloak And Dagger","Sucker Punch+1","Well Laid Plans+1","Accuracy","Backflip","Phantasmal Killer","Backstab+1"],"relics":["Ring of the Snake","PreservedInsect","Lantern","Molten Egg 2","Happy Flower","Regal Pillow","Fusion Hammer","Du-Vu Doll","Nunchaku","Anchor","Busted Crown"],"acts_visited":["Exordium","TheCity","TheBeyond"],"potions_floor_usage":[7,14,16,16,27,27,31,33],"damage_taken":[{"damage":5.0,"enemies":"2 Louse","floor":1.0,"turns":3.0},{"damage":2.0,"enemies":"Cultist","floor":2.0,"turns":4.0},{"damage":4.0,"enemies":"Small Slimes","floor":3.0,"turns":3.0},{"damage":15.0,"enemies":"Red Slaver","floor":4.0,"turns":5.0},{"damage":22,"enemies":"Lagavulin","floor":7,"turns":6},{"damage":6,"enemies":"Looter","floor":8,"turns":4},{"damage":5,"enemies":"2 Fungi Beasts","floor":12,"turns":3},{"damage":2,"enemies":"3 Sentries","floor":14,"turns":3},{"damage":47,"enemies":"The Guardian","floor":16,"turns":13},{"damage":0,"enemies":"3 Byrds","floor":18,"turns":4},{"damage":2,"enemies":"Chosen","floor":19,"turns":4},{"damage":28,"enemies":"Shelled Parasite and Fungi","floor":21,"turns":5},{"damage":0,"enemies":"Centurion and Healer","floor":24,"turns":7},{"damage":0,"enemies":"Gremlin Leader","floor":25,"turns":5},{"damage":12,"enemies":"Snecko","floor":27,"turns":6},{"damage":16,"enemies":"Book of Stabbing","floor":31,"turns":4},{"damage":46,"enemies":"Automaton","floor":33,"turns":12},{"damage":12,"enemies":"3 Darklings","floor":35,"turns":6},{"damage":0,"enemies":"Orb Walker","floor":36,"turns":3},{"damage":47,"enemies":"Transient","floor":38,"turns":5},{"damage":0,"enemies":"Sphere and 2 Shapes","floor":39,"turns":2}],"seed_played":"1430383198065555670","potions_obtained":[{"floor":3.0,"key":"BlessingOfTheForge"},{"floor":4.0,"key":"Explosive Potion"},{"floor":7,"key":"LiquidBronze"},{"floor":8,"key":"PowerPotion"},{"floor":18,"key":"ColorlessPotion"},{"floor":24,"key":"ColorlessPotion"},{"floor":27,"key":"Dexterity Potion"},{"floor":31,"key":"Fruit Juice"},{"floor":38,"key":"CunningPotion"}],"is_trial":false,"path_per_floor":["M","M","M","M","?","R","E","M","T","R","$","M","R","E","R","B",null,"M","M","?","M","$","R","M","E","T","M","?","R","$","E","R","B",null,"M","M","?","M","M"],"character_chosen":"THE_SILENT","items_purchased":["Happy Flower","Accuracy","Cloak And Dagger","Accuracy"],"campfire_rested":6,"item_purchase_floors":[11,22,22,30],"current_hp_per_floor":[58,56,52,37,30,51,29,23,23,44,44,39,60,58,58,11,55,55,53,53,25,25,61,61,61,61,49,49,70,70,59,75,29,64,52,52,49,2,2,2],"gold":199,"neow_bonus":"RANDOM_COMMON_RELIC","is_daily":false,"chose_seed":false,"campfire_upgraded":1,"win_rate":0.0,"timestamp":1613440010,"path_taken":["M","M","M","M","?","R","E","M","T","R","?","M","R","E","R","BOSS","M","M","?","M","$","R","M","E","T","M","?","R","$","E","R","BOSS","M","M","?","M","?"],"items_purchased_type":["Relic","Card","Card","Card"],"build_version":"2020-12-22","purchased_purges":2,"victory":false,"max_hp_per_floor":[70,70,70,70,70,70,70,70,70,70,70,70,70,70,70,70,70,70,70,70,70,70,70,70,70,70,70,70,70,70,75,75,75,75,75,75,75,75,75,75],"card_choices":[{"not_picked":["Underhanded Strike","Eviscerate","Prepared"],"picked":"SKIP","floor":1.0},{"not_picked":["Setup","Footwork"],"picked":"Dagger Spray","floor":2.0},{"not_picked":["Dagger Spray","Deflect"],"picked":"Endless Agony","floor":3.0},{"not_picked":["Tactician","Slice"],"picked":"Skewer","floor":4.0},{"not_picked":["Backflip","Poisoned Stab"],"picked":"Blur","floor":7},{"not_picked":["Distraction","Noxious Fumes"],"picked":"Glass Knife","floor":8},{"not_picked":["Dagger Spray+1","Slice+1"],"picked":"Blade Dance","floor":12},{"not_picked":["Flechettes+1","Setup"],"picked":"Dash+1","floor":14},{"not_picked":["Grand Finale+1","A Thousand Cuts"],"picked":"Adrenaline","floor":16},{"not_picked":["Deadly Poison","Underhanded Strike+1","Dash+1"],"picked":"SKIP","floor":18},{"not_picked":["Dodge and Roll","Choke+1"],"picked":"Acrobatics","floor":19},{"not_picked":["Dagger Spray+1","PiercingWail+1"],"picked":"Leg Sweep+1","floor":21},{"not_picked":["Poisoned Stab+1","Die Die Die+1"],"picked":"Blade Dance","floor":24},{"not_picked":["Flying Knee+1","Poisoned Stab+1"],"picked":"Cloak And Dagger","floor":25},{"not_picked":["Expertise","Predator+1"],"picked":"Sucker Punch+1","floor":27},{"not_picked":["Reflex+1","Concentrate+1"],"picked":"Well Laid Plans+1","floor":28},{"not_picked":["Dagger Throw+1","Dodge and Roll"],"picked":"Backflip","floor":31},{"not_picked":["Bullet Time","A Thousand Cuts"],"picked":"Phantasmal Killer","floor":33},{"not_picked":["Poisoned Stab+1"],"picked":"SKIP","floor":35},{"not_picked":["Expertise"],"picked":"SKIP","floor":36},{"not_picked":[],"picked":"Backstab+1","floor":38}],"player_experience":1118488,"relics_obtained":[{"floor":7,"key":"Lantern"},{"floor":9,"key":"Molten Egg 2"},{"floor":14,"key":"Regal Pillow"},{"floor":25,"key":"Du-Vu Doll"},{"floor":26,"key":"Nunchaku"},{"floor":31,"key":"Anchor"}],"event_choices":[{"damage_healed":0,"gold_gain":75,"player_choice":"Touch","damage_taken":7,"max_hp_gain":0,"max_hp_loss":0,"event_name":"FaceTrader","floor":5,"gold_loss":0},{"damage_healed":0,"gold_gain":0,"player_choice":"Ignored","damage_taken":0,"max_hp_gain":0,"max_hp_loss":0,"event_name":"Ghosts","floor":20,"gold_loss":0},{"damage_healed":0,"gold_gain":0,"player_choice":"2","damage_taken":0,"max_hp_gain":0,"max_hp_loss":0,"event_name":"betterMatch:BetterMatch","floor":28,"gold_loss":0,"cards_obtained":["betterMatch:UncommonCard"]},{"damage_healed":0,"gold_gain":0,"player_choice":"Punched","damage_taken":3,"max_hp_gain":0,"max_hp_loss":0,"event_name":"Designer","floor":37,"gold_loss":0}],"is_beta":false,"boss_relics":[{"not_picked":["Velvet Choker","HoveringKite"],"picked":"Fusion Hammer"},{"not_picked":["Philosopher\u0027s Stone","Sozu"],"picked":"Busted Crown"}],"items_purged_floors":[11,22],"is_endless":false,"potions_floor_spawned":[3,4,7,8,18,24,27,31,38],"killed_by":"Sphere and 2 Shapes","ascension_level":9}}