{"host":"uzp1tn8qxn9571p9","time":1613433852,"event":{"mods":["Aspiration","BaseMod","Bossed Relics","Colored Map","Colored Powertips","Curses Come First","Hermit","Marisa£®ÏF”Í°°ƒß¿Ì…≥£©","Mimic Mod","Minty Spire (QoL Compilation)","StSLib","The Jungle","The Marked","The Runesmith"],"gold_per_floor":[112,126,138,151,165,165,176,176,176,176,202,202,172,202,202,307,307,325,341,97,117,27,27,27,27],"floor_reached":24,"language":"ZHS","playtime":1072,"items_purged":["Runesmith:Strike_RS"],"score":218,"play_id":"9140e487-562a-4f6d-a046-2f9b1eb7e5fb","local_time":"20210216080412","is_ascension_mode":true,"campfire_choices":[{"data":"Runesmith:CraftFirestone","floor":6.0,"key":"SMITH"},{"data":"Runesmith:BackupBattery","floor":8.0,"key":"SMITH"},{"data":"Runesmith:BackupBattery+1","floor":10.0,"key":"SMITH"},{"data":"Runesmith:BackupBattery+2","floor":12.0,"key":"SMITH"},{"data":"Runesmith:BackupBattery+3","floor":15.0,"key":"SMITH"},{"data":"Runesmith:UnlimitedPower","floor":23,"key":"SMITH"}],"circlet_count":0,"master_deck":["Runesmith:Strike_RS","Runesmith:Strike_RS","Runesmith:Defend_RS","Runesmith:Defend_RS","Runesmith:Defend_RS","Runesmith:Defend_RS","Runesmith:CraftFirestone+1","Runesmith:Fortify","Runesmith:HeatExchange","Runesmith:BackupBattery+4","Runesmith:ChargedHammer","Runesmith:CraftMedicinae","Runesmith:UnstableHammer","Runesmith:UnstableHammer","Runesmith:RuneHurl+1","Runesmith:CraftMedicinae","Runesmith:UnlimitedPower+1","Runesmith:DoubleUp+1","Runesmith:CraftIncendium+1","Runesmith:HammerAndChisel","Runesmith:EarthShield+1","Runesmith:Overpower","Runesmith:Retool"],"relics":["Runesmith:BrokenRuby","Prayer Wheel","Runesmith:Nanobots","SlaversCollar","TheAbacus"],"acts_visited":["Exordium","TheCity"],"potions_floor_usage":[],"damage_taken":[{"damage":0.0,"enemies":"Cultist","floor":1.0,"turns":3.0},{"damage":6.0,"enemies":"Jaw Worm","floor":2.0,"turns":4.0},{"damage":0.0,"enemies":"2 Louse","floor":3.0,"turns":2.0},{"damage":15.0,"enemies":"Red Slaver","floor":4.0,"turns":3.0},{"damage":4.0,"enemies":"Looter","floor":5.0,"turns":2.0},{"damage":8.0,"enemies":"Blue Slaver","floor":7.0,"turns":3.0},{"damage":13.0,"enemies":"3 Sentries","floor":11.0,"turns":4.0},{"damage":15.0,"enemies":"Lagavulin","floor":14.0,"turns":5.0},{"damage":30.0,"enemies":"The Guardian","floor":16.0,"turns":10.0},{"damage":16.0,"enemies":"Chosen","floor":18.0,"turns":5.0},{"damage":5.0,"enemies":"3 Byrds","floor":19.0,"turns":2.0},{"damage":46.0,"enemies":"Snake Plant","floor":21.0,"turns":6.0},{"damage":17,"enemies":"Cultist and Chosen","floor":24,"turns":4}],"seed_played":"-9131578393395462544","potions_obtained":[{"floor":2.0,"key":"SmokeBomb"},{"floor":7.0,"key":"SteroidPotion"},{"floor":13.0,"key":"Regen Potion"},{"floor":14.0,"key":"Dexterity Potion"}],"is_trial":false,"path_per_floor":["M","M","M","M","M","R","M","R","T","R","E","R","?","E","R","B",null,"M","M","$","M","?","R","M"],"character_chosen":"RUNESMITH_CLASS","items_purchased":["TheAbacus","Runesmith:Overpower"],"campfire_rested":0,"item_purchase_floors":[20,20],"current_hp_per_floor":[77,71,71,56,52,52,44,44,44,44,33,33,33,35,35,6,77,65,61,61,16,16,16,0,0],"gold":27,"neow_bonus":"TEN_PERCENT_HP_BONUS","is_daily":false,"chose_seed":false,"campfire_upgraded":6,"win_rate":0.0,"timestamp":1613433852,"path_taken":["M","M","M","M","M","R","?","R","T","R","E","R","?","E","R","BOSS","M","M","?","M","?","R","?"],"items_purchased_type":["Relic","Card"],"build_version":"2020-12-22","purchased_purges":1,"victory":false,"max_hp_per_floor":[77,77,77,77,77,77,77,77,77,77,77,77,77,77,77,77,77,77,77,77,77,77,77,77,77],"card_choices":[{"not_picked":["Runesmith:UnstableHammer","Runesmith:ChiselStab"],"picked":"Runesmith:HeatExchange","floor":1.0},{"not_picked":["Runesmith:Overpower","Runesmith:ShiftingStrike"],"picked":"Runesmith:BackupBattery","floor":2.0},{"not_picked":["Runesmith:PoweredAnvil","Runesmith:EnergizedChisel"],"picked":"Runesmith:ChargedHammer","floor":3.0},{"not_picked":["Runesmith:CraftObretio","Runesmith:Repurpose"],"picked":"Runesmith:CraftMedicinae","floor":4.0},{"not_picked":["Runesmith:PerfectChisel","Runesmith:Overpower"],"picked":"Runesmith:UnstableHammer","floor":5.0},{"not_picked":["Runesmith:EarthShield","Runesmith:StaticCage"],"picked":"Runesmith:UnstableHammer","floor":7.0},{"not_picked":["Runesmith:ShiftingStrike","Runesmith:Terraform"],"picked":"Runesmith:RuneHurl","floor":11.0},{"not_picked":["aspiration:UnbridledHammer","Runesmith:StaticCage"],"picked":"Runesmith:CraftMedicinae","floor":14.0},{"not_picked":["Runesmith:GenerateForcefield","Runesmith:GrandSlam"],"picked":"Runesmith:UnlimitedPower","floor":16.0},{"not_picked":["Runesmith:CraftVitae","Runesmith:FieryHammer"],"picked":"Runesmith:DoubleUp+1","floor":18.0},{"not_picked":["Runesmith:Refine","Runesmith:NegativeSpace"],"picked":"Runesmith:CraftIncendium+1","floor":18.0},{"not_picked":["Runesmith:ShiftingStrike","Runesmith:Attraction"],"picked":"Runesmith:HammerAndChisel","floor":19.0},{"not_picked":["Runesmith:Terraform","Runesmith:UnstableHammer"],"picked":"Runesmith:EarthShield+1","floor":19.0},{"not_picked":["Runesmith:Grindstone","Runesmith:Firewall"],"picked":"Runesmith:Retool","floor":21.0},{"not_picked":["Runesmith:NanitesCloud","Runesmith:BackupBattery","Runesmith:Repurpose+1"],"picked":"SKIP","floor":21.0}],"player_experience":425842,"relics_obtained":[{"floor":11.0,"key":"Prayer Wheel"},{"floor":14.0,"key":"Runesmith:Nanobots"}],"event_choices":[{"damage_healed":0.0,"max_hp_gain":0.0,"max_hp_loss":0.0,"gold_gain":0.0,"event_name":"The Woman in Blue","player_choice":"Bought 2 Potions","floor":13.0,"gold_loss":0.0,"damage_taken":0.0},{"cards_removed":["Runesmith:Strike_RS"],"damage_healed":0,"gold_gain":0,"player_choice":"Upgrade and Remove","damage_taken":0,"max_hp_gain":0,"max_hp_loss":0,"event_name":"Designer","floor":22,"gold_loss":90,"cards_upgraded":["Runesmith:RuneHurl"]}],"is_beta":false,"boss_relics":[{"not_picked":["Velvet Choker","aspiration:RitualDagger"],"picked":"SlaversCollar"}],"items_purged_floors":[20],"is_endless":false,"potions_floor_spawned":[2,7,14],"killed_by":"Cultist and Chosen","ascension_level":1}}