{"host":"cpsutu8lprjuipd6","time":1613453749,"event":{"mods":["BaseMod","Colored Map","Minty Spire (QoL Compilation)","Permanent Neow","StSLib","SuperFastMode","The Bug Knight","Together in Spire"],"gold_per_floor":[119,119,219,234,234,247,258,270,346,346,346,44,44,71,71,71,71],"floor_reached":16,"language":"KOR","playtime":632,"items_purged":[],"score":105,"play_id":"2ec43b15-2a08-48b3-bade-40404c7e9382","local_time":"20210216143549","is_ascension_mode":true,"campfire_choices":[{"floor":10,"key":"REST"},{"data":"Bane","floor":13,"key":"SMITH"},{"floor":15,"key":"DIG"}],"circlet_count":0,"master_deck":["Strike_G","Strike_G","Strike_G+1","Strike_G","Defend_G+1","Defend_G","Defend_G","Defend_G","Defend_G","Survivor","Neutralize","Bane","Bane+1","Acrobatics","Catalyst+1","Bane","Dagger Throw","Adrenaline+1","Prepared"],"relics":["Ring of the Snake","NeowsBlessing","HollowMod:StagPassRelic","Anchor","Shovel","Boot"],"acts_visited":["Exordium"],"potions_floor_usage":[16,16],"damage_taken":[{"damage":0,"enemies":"Cultist","floor":1,"turns":1},{"damage":0,"enemies":"Small Slimes","floor":4,"turns":1},{"damage":0,"enemies":"Jaw Worm","floor":6,"turns":1},{"damage":4,"enemies":"3 Louse","floor":7,"turns":4},{"damage":11,"enemies":"Red Slaver","floor":8,"turns":6},{"damage":17,"enemies":"3 Sentries","floor":14,"turns":9},{"damage":45,"enemies":"The Guardian","floor":16,"turns":15}],"seed_played":"-1046058509470320008","potions_obtained":[{"floor":1,"key":"CunningPotion"},{"floor":7,"key":"Dexterity Potion"},{"floor":14,"key":"Strength Potion"}],"is_trial":false,"path_per_floor":["M","?","?","M","?","M","M","M","T","R","?","$","R","E","R","B"],"character_chosen":"THE_SILENT","items_purchased":["Anchor","Adrenaline"],"campfire_rested":1,"item_purchase_floors":[12,12],"current_hp_per_floor":[70,56,56,56,56,56,52,41,41,62,62,62,62,45,45,0,0],"gold":71,"neow_bonus":"THREE_ENEMY_KILL","is_daily":false,"chose_seed":false,"campfire_upgraded":1,"win_rate":0.0,"timestamp":1613453749,"path_taken":["M","?","?","?","?","M","M","M","T","R","?","$","R","E","R","BOSS"],"items_purchased_type":["Relic","Card"],"build_version":"2020-12-22","purchased_purges":0,"victory":false,"max_hp_per_floor":[70,70,70,70,70,70,70,70,70,70,70,70,70,70,70,70,70],"card_choices":[{"not_picked":["Eviscerate","Acrobatics"],"picked":"Bane","floor":1},{"not_picked":["Sucker Punch","Underhanded Strike"],"picked":"Bane","floor":4},{"not_picked":["Choke","Blur"],"picked":"Catalyst","floor":6},{"not_picked":["Prepared","Well Laid Plans"],"picked":"Bane","floor":7},{"not_picked":["Outmaneuver","Deflect"],"picked":"Dagger Throw","floor":8},{"not_picked":["Flechettes","Slice"],"picked":"Prepared","floor":14}],"player_experience":99863,"relics_obtained":[{"floor":9,"key":"HollowMod:StagPassRelic"},{"floor":14,"key":"Shovel"},{"floor":15,"key":"Boot"}],"event_choices":[{"damage_healed":0,"gold_gain":0,"player_choice":"Entered Light","damage_taken":14,"max_hp_gain":0,"max_hp_loss":0,"event_name":"Shining Light","floor":2,"gold_loss":0,"cards_upgraded":["Strike_G","Defend_G"]},{"damage_healed":0,"gold_gain":100,"player_choice":"Pray","damage_taken":0,"max_hp_gain":0,"max_hp_loss":0,"event_name":"Golden Shrine","floor":3,"gold_loss":0},{"damage_healed":0,"gold_gain":0,"cards_transformed":["Strike_G"],"player_choice":"Change","damage_taken":0,"max_hp_gain":0,"max_hp_loss":0,"event_name":"Living Wall","floor":5,"gold_loss":0,"cards_obtained":["Acrobatics"]},{"damage_healed":0,"gold_gain":0,"player_choice":"Upgraded","damage_taken":0,"max_hp_gain":0,"max_hp_loss":0,"event_name":"Upgrade Shrine","floor":11,"gold_loss":0,"cards_upgraded":["Catalyst"]}],"is_beta":false,"boss_relics":[],"items_purged_floors":[],"is_endless":false,"potions_floor_spawned":[1,7,14],"killed_by":"The Guardian","ascension_level":1}}