{"host":"wmojtwekh6s3tor5","time":1613481573,"event":{"mods":["BaseMod","Colored Map","Colored Powertips","DeckTracker","Highlight Path","Minty Spire (QoL Compilation)","StSLib"],"gold_per_floor":[119,119,119,145,145,145,145,188,188,288,288,301,56,56,56,151,151,162,190,115,137,156,156,191,225,225,225,234,134,134,147,147,248,248,263,278,287,299,313,313,324,324,324,374,390,419,419,447,447,447,447],"floor_reached":50,"language":"ZHS","playtime":5948,"items_purged":["Strike_R","Decay"],"score":821,"play_id":"e540c985-8403-47b1-b3f2-fa510109c2b6","local_time":"20210216211933","is_ascension_mode":true,"campfire_choices":[{"data":"Infernal Blade","floor":6.0,"key":"SMITH"},{"data":"Double Tap","floor":11.0,"key":"SMITH"},{"floor":15.0,"key":"REST"},{"data":"Shrug It Off","floor":23.0,"key":"SMITH"},{"floor":27.0,"key":"REST"},{"data":"Bash","floor":30.0,"key":"SMITH"},{"floor":32.0,"key":"REST"},{"data":"Rage","floor":40.0,"key":"SMITH"},{"data":"Defend_R","floor":42.0,"key":"SMITH"},{"data":"Defend_R","floor":49,"key":"SMITH"}],"circlet_count":0,"master_deck":["Strike_R","Strike_R","Strike_R","Defend_R+1","Defend_R+1","Defend_R","Bash+1","Infernal Blade+1","Iron Wave+1","Double Tap+1","Rampage+1","Shrug It Off+1","Rage+1","Twin Strike+1","Perfected Strike+1"],"relics":["Burning Blood","CeramicFish","Molten Egg 2","Letter Opener","Kunai","HornCleat","Ornamental Fan","Eternal Feather","Sozu","Red Mask","Dream Catcher","Mummified Hand","Busted Crown","Toy Ornithopter","CaptainsWheel"],"acts_visited":["Exordium","TheCity","TheBeyond"],"potions_floor_usage":[],"damage_taken":[{"damage":10.0,"enemies":"Small Slimes","floor":1.0,"turns":4.0},{"damage":7.0,"enemies":"Jaw Worm","floor":4.0,"turns":3.0},{"damage":23.0,"enemies":"3 Sentries","floor":8.0,"turns":9.0},{"damage":0.0,"enemies":"Cultist","floor":12.0,"turns":3.0},{"damage":36.0,"enemies":"The Guardian","floor":16.0,"turns":14.0},{"damage":0.0,"enemies":"Chosen","floor":18.0,"turns":1.0},{"damage":4.0,"enemies":"Spheric Guardian","floor":19.0,"turns":3.0},{"damage":3.0,"enemies":"Centurion and Healer","floor":21.0,"turns":6.0},{"damage":0.0,"enemies":"Snake Plant","floor":22.0,"turns":3.0},{"damage":6.0,"enemies":"Masked Bandits","floor":24.0,"turns":4.0},{"damage":44.0,"enemies":"Slavers","floor":25.0,"turns":8.0},{"damage":25.0,"enemies":"Cultist and Chosen","floor":31.0,"turns":7.0},{"damage":70.0,"enemies":"Champ","floor":33.0,"turns":14.0},{"damage":1.0,"enemies":"3 Shapes","floor":35.0,"turns":5.0},{"damage":0.0,"enemies":"Orb Walker","floor":36.0,"turns":3.0},{"damage":5.0,"enemies":"Jaw Worm Horde","floor":38.0,"turns":5.0},{"damage":17.0,"enemies":"4 Shapes","floor":39.0,"turns":5.0},{"damage":11.0,"enemies":"Transient","floor":41.0,"turns":5.0},{"damage":0.0,"enemies":"Mind Bloom Boss Battle","floor":44.0,"turns":9.0},{"damage":0.0,"enemies":"Jaw Worm Horde","floor":45.0,"turns":5.0},{"damage":13,"enemies":"Maw","floor":46,"turns":8},{"damage":0,"enemies":"3 Darklings","floor":48,"turns":6},{"damage":80,"enemies":"Awakened One","floor":50,"turns":15}],"seed_played":"-8925729739933778287","potions_obtained":[{"floor":4.0,"key":"DuplicationPotion"},{"floor":8.0,"key":"Block Potion"},{"floor":16.0,"key":"SpeedPotion"}],"is_trial":false,"path_per_floor":["M","?","T","M","?","R","?","E","T","?","R","M","$","T","R","B",null,"M","M","$","M","M","R","?","E","T","R","?","$","R","M","R","B",null,"M","M","?","M","M","R","M","R","T","?","M","M","?","M","R","B"],"character_chosen":"IRONCLAD","items_purchased":["Ornamental Fan"],"campfire_rested":3,"item_purchase_floors":[13],"current_hp_per_floor":[68,43,43,42,42,42,35,18,18,18,18,24,24,24,54,24,66,72,74,74,77,80,80,80,42,42,72,72,72,78,59,80,16,64,69,75,75,76,65,71,66,72,72,78,80,73,73,76,76,0,0],"gold":447,"neow_bonus":"RANDOM_COMMON_RELIC","is_daily":false,"chose_seed":false,"campfire_upgraded":7,"win_rate":0.0,"timestamp":1613481573,"path_taken":["M","?","?","M","?","R","?","E","T","?","R","?","$","?","R","BOSS","M","M","?","?","M","R","?","E","T","R","?","$","R","M","R","BOSS","M","M","?","M","?","R","M","R","T","?","M","M","?","M","R","BOSS"],"items_purchased_type":["Relic"],"build_version":"2020-12-22","purchased_purges":2,"victory":false,"max_hp_per_floor":[80,80,80,80,80,80,80,80,80,80,80,80,80,80,80,80,80,80,80,80,80,80,80,80,80,80,80,80,80,80,80,80,80,80,80,80,80,80,80,80,80,80,80,80,80,80,76,76,76,76,76],"card_choices":[{"not_picked":["Cleave","Havoc"],"picked":"Infernal Blade","floor":1.0},{"not_picked":["Cleave+1","True Grit"],"picked":"Iron Wave+1","floor":4.0},{"not_picked":["Clothesline+1","Evolve"],"picked":"Double Tap","floor":8.0},{"not_picked":["Evolve","Dropkick+1","Wild Strike+1"],"picked":"SKIP","floor":12.0},{"not_picked":["Feel No Pain","Burning Pact","Perfected Strike+1"],"picked":"SKIP","floor":18.0},{"not_picked":["Clash+1","Cleave+1"],"picked":"Rampage+1","floor":19.0},{"not_picked":["Shockwave+1","Havoc"],"picked":"Shrug It Off","floor":21.0},{"not_picked":["Whirlwind+1","Bloodletting","Havoc+1"],"picked":"SKIP","floor":22.0},{"not_picked":["Sever Soul+1","Shrug It Off","Rampage+1"],"picked":"SKIP","floor":25.0},{"not_picked":["Cleave+1","Second Wind","Limit Break"],"picked":"SKIP","floor":31.0},{"not_picked":["Armaments+1"],"picked":"SKIP","floor":35.0},{"not_picked":["Havoc+1"],"picked":"SKIP","floor":36.0},{"not_picked":["Wild Strike+1"],"picked":"SKIP","floor":38.0},{"not_picked":["Armaments+1"],"picked":"SKIP","floor":39.0},{"not_picked":["Corruption"],"picked":"SKIP","floor":41.0},{"not_picked":["Bloodletting+1"],"picked":"SKIP","floor":45.0},{"not_picked":[],"picked":"Twin Strike+1","floor":46},{"not_picked":[],"picked":"Perfected Strike+1","floor":48}],"player_experience":643134,"relics_obtained":[{"floor":3.0,"key":"Letter Opener"},{"floor":8.0,"key":"Kunai"},{"floor":9.0,"key":"HornCleat"},{"floor":14.0,"key":"Eternal Feather"},{"floor":24.0,"key":"Red Mask"},{"floor":25.0,"key":"Dream Catcher"},{"floor":26.0,"key":"Mummified Hand"},{"floor":43.0,"key":"Toy Ornithopter"},{"floor":44.0,"key":"CaptainsWheel"}],"event_choices":[{"damage_healed":0.0,"max_hp_gain":0.0,"max_hp_loss":0.0,"gold_gain":0.0,"event_name":"Scrap Ooze","player_choice":"Success","floor":2.0,"gold_loss":0.0,"damage_taken":25.0,"relics_obtained":["Molten Egg 2"]},{"damage_healed":0.0,"max_hp_gain":0.0,"max_hp_loss":0.0,"gold_gain":0.0,"event_name":"Liars Game","player_choice":"Ignored","floor":5.0,"gold_loss":0.0,"damage_taken":0.0},{"cards_removed":["Defend_R"],"damage_healed":0.0,"max_hp_gain":0.0,"max_hp_loss":0.0,"gold_gain":0.0,"event_name":"Golden Wing","player_choice":"Card Removal","floor":7.0,"gold_loss":0.0,"damage_taken":7.0},{"damage_healed":0.0,"max_hp_gain":0.0,"max_hp_loss":0.0,"gold_gain":100.0,"event_name":"Golden Shrine","player_choice":"Pray","floor":10.0,"gold_loss":0.0,"damage_taken":0.0},{"damage_healed":0.0,"max_hp_gain":0.0,"max_hp_loss":0.0,"gold_gain":0.0,"event_name":"Masked Bandits","player_choice":"Fought Bandits","floor":24.0,"gold_loss":0.0,"damage_taken":0.0},{"damage_healed":0.0,"max_hp_gain":0.0,"max_hp_loss":0.0,"gold_gain":0.0,"event_name":"Forgotten Altar","player_choice":"Smashed Altar","floor":28.0,"gold_loss":0.0,"damage_taken":0.0,"cards_obtained":["Decay"]},{"damage_healed":0.0,"max_hp_gain":0.0,"max_hp_loss":0.0,"gold_gain":0.0,"cards_transformed":["Strike_R"],"event_name":"Transmorgrifier","player_choice":"Transformed","floor":37.0,"gold_loss":0.0,"damage_taken":0.0,"cards_obtained":["Rage"]},{"damage_healed":0.0,"max_hp_gain":0.0,"max_hp_loss":0.0,"gold_gain":0.0,"event_name":"MindBloom","player_choice":"Fight","floor":44.0,"gold_loss":0.0,"damage_taken":0.0},{"damage_healed":0,"gold_gain":0,"player_choice":"Max HP","damage_taken":0,"max_hp_gain":0,"max_hp_loss":4,"event_name":"Winding Halls","floor":47,"gold_loss":0}],"is_beta":false,"boss_relics":[{"not_picked":["Tiny House","Runic Pyramid"],"picked":"Sozu"},{"not_picked":["Empty Cage","Fusion Hammer"],"picked":"Busted Crown"}],"items_purged_floors":[20,29],"is_endless":false,"potions_floor_spawned":[4,8,16,18,22,24,31,36,39,44,45,48],"killed_by":"Awakened One","ascension_level":6}}