{"host":"2fgwwnzqc97k7iys","time":1613515999,"event":{"mods":["BaseMod","Colored Map","Minty Spire (QoL Compilation)","Quick Restart","Relic Stats"],"gold_per_floor":[110,128,154,168,185,185,220,220,220,235,108,136,150,150,150,150,150],"floor_reached":16,"language":"ENG","playtime":1286,"items_purged":["Strike_B"],"score":183,"play_id":"47a2d105-5570-4a8f-8684-909a4fa8cb97","local_time":"20210216165319","is_ascension_mode":true,"campfire_choices":[{"data":"Defragment","floor":6,"key":"SMITH"},{"data":"Conserve Battery","floor":8,"key":"SMITH"},{"floor":15,"key":"REST"}],"circlet_count":0,"master_deck":["AscendersBane","Strike_B","Strike_B","Strike_B","Defend_B","Defend_B","Defend_B","Zap","Dualcast","Defragment+1","Conserve Battery+1","Sweeping Beam","Ball Lightning","Doom and Gloom","Go for the Eyes","Coolheaded"],"relics":["Cracked Core","Bag of Marbles","Question Card","Lantern","Vajra"],"acts_visited":["Exordium"],"potions_floor_usage":[14],"damage_taken":[{"damage":1,"enemies":"Cultist","floor":1,"turns":3},{"damage":7,"enemies":"2 Louse","floor":2,"turns":3},{"damage":0,"enemies":"Small Slimes","floor":4,"turns":3},{"damage":5,"enemies":"Blue Slaver","floor":5,"turns":5},{"damage":28,"enemies":"3 Sentries","floor":7,"turns":5},{"damage":3,"enemies":"Lots of Slimes","floor":10,"turns":3},{"damage":16,"enemies":"Gremlin Nob","floor":12,"turns":4},{"damage":0,"enemies":"Looter","floor":13,"turns":2},{"damage":5,"enemies":"3 Sentries","floor":14,"turns":4},{"damage":4,"enemies":"The Guardian","floor":16,"turns":3}],"seed_played":"-1007439680042886994","potions_obtained":[{"floor":1,"key":"Weak Potion"},{"floor":4,"key":"Ancient Potion"},{"floor":10,"key":"Energy Potion"},{"floor":12,"key":"SmokeBomb"}],"is_trial":false,"path_per_floor":["M","M","T","M","M","R","E","R","T","M","$","E","M","E","R","B"],"character_chosen":"DEFECT","items_purchased":["Coolheaded"],"campfire_rested":1,"item_purchase_floors":[11],"current_hp_per_floor":[67,60,60,60,55,55,27,27,27,24,24,8,8,3,25,21,21],"gold":150,"neow_bonus":"REMOVE_CARD","is_daily":false,"chose_seed":false,"campfire_upgraded":2,"win_rate":0.0,"timestamp":1613515999,"path_taken":["M","M","?","M","M","R","E","R","T","M","$","E","M","E","R","BOSS"],"items_purchased_type":["Card"],"build_version":"2020-12-22","purchased_purges":1,"victory":false,"max_hp_per_floor":[75,75,75,75,75,75,75,75,75,75,75,75,75,75,75,75,75],"relic_stats":{"counters":[10,35],"Question Card":3,"obtain_stats":[{"Lantern":9,"Vajra":12,"Bag of Marbles":3,"Cracked Core":0,"Question Card":7},{"Lantern":5,"Vajra":7,"Bag of Marbles":2,"Cracked Core":0,"Question Card":5},{"Lantern":19,"Vajra":26,"Bag of Marbles":6,"Cracked Core":0,"Question Card":19}]},"card_choices":[{"not_picked":["Static Discharge","Hello World"],"picked":"Defragment","floor":1},{"not_picked":["Barrage","Tempest"],"picked":"Conserve Battery","floor":2},{"not_picked":["Steam Power","Hologram"],"picked":"Sweeping Beam","floor":4},{"not_picked":["Sweeping Beam","Gash"],"picked":"Ball Lightning","floor":5},{"not_picked":["Consume","Leap"],"picked":"Doom and Gloom","floor":7},{"not_picked":["Barrage","Blizzard","Fission"],"picked":"Go for the Eyes","floor":10},{"not_picked":["Hello World","Beam Cell","Sunder","Gash"],"picked":"SKIP","floor":12},{"not_picked":["Cold Snap","Barrage","Streamline","Hello World"],"picked":"SKIP","floor":13}],"player_experience":597558,"relics_obtained":[{"floor":3,"key":"Bag of Marbles"},{"floor":7,"key":"Question Card"},{"floor":9,"key":"Lantern"},{"floor":12,"key":"Vajra"}],"event_choices":[],"is_beta":false,"boss_relics":[],"items_purged_floors":[11],"is_endless":false,"potions_floor_spawned":[1,4,10,12],"killed_by":"The Guardian","ascension_level":10}}