{"host":"oj2qbbf4aubznu46","time":1613513537,"event":{"mods":["AchievementEnabler","BaseMod","Colored Powertips","Downfall","Infinite Spire","Minty Spire (QoL Compilation)","Replay The Spire","StSLib","slay the spire mod where everything is the same but ironclad has a cowboy hat"],"gold_per_floor":[115,115,115,13,13,13,38,58,58,76,76,103,120,134,134,237,237,250,250,261,30,46,46,71,71,71,71,88,118,118,153,153,258,258,271,288,288,288,288,288,321,371,371,371,391,491,491,509,509,509,509,509,5,39,39,39],"floor_reached":55,"language":"DEU","playtime":5122,"items_purged":["Strike_G"],"score":778,"play_id":"9df253f7-3087-4b79-96ed-8e7d4bd1ef7f","local_time":"20210216231217","is_ascension_mode":true,"campfire_choices":[{"data":"Footwork","floor":6,"key":"SMITH"},{"data":"infinitespire:Neurotoxin","floor":11,"key":"SMITH"},{"floor":15,"key":"REST"},{"floor":23,"key":"REST"},{"data":"Footwork","floor":25,"key":"SMITH"},{"floor":30,"key":"REST"},{"floor":40,"key":"REST"},{"data":"Tools of the Trade","floor":40,"key":"SMITH"},{"floor":44,"key":"RECALL"},{"data":"Deadly Poison","floor":47,"key":"SMITH"},{"floor":49,"key":"DIG"},{"data":"Dodge and Roll","floor":52,"key":"SMITH"}],"circlet_count":0,"master_deck":["Strike_G","Strike_G","Strike_G","Defend_G+1","Defend_G","Defend_G","Defend_G","Defend_G","Survivor","Neutralize","Sucker Punch","Footwork+1","Blade Dance+1","infinitespire:Neurotoxin+1","Deadly Poison","Caltrops","Deadly Poison+1","Dodge and Roll+1","Tools of the Trade+1","Blur+1","Footwork+1","Finesse","Prepared+1","Acrobatics","Deflect+1","ReplayTheSpireMod:Speed Training","Poison Darts","Die Die Die+1","Crippling Poison+1","Storm of Steel+1","Draining Mist+1","Deadly Poison","Outmaneuver","Deadly Poison+1","Prepared+1","Cloak And Dagger","Cloak And Dagger","ReplayTheSpireMod:Trickstab","Pot Of Greed","Pot Of Greed","Pot Of Greed","Pot Of Greed","ReplayTheSpireMod:Speed Training+1"],"relics":["Ring of the Snake","NeowsBlessing","Blue Doll","infinitespire:BottledMercury","Simple Rune","PreservedInsect","Bag of Preparation","Black Star","Nunchaku","Replay:Mystery Machine","Replay:Bottled Steam","ReplayTheSpireMod:Lightbulb","Ancient Tea Set","infinitespire:Magic Flask","Regal Pillow","Astrolabe","Juzu Bracelet","TungstenRod","Pocketwatch","Smiling Mask","Bronze Scales","Replay:Kaleidoscope","Grinning Jar","Replay:Rubber Ducky"],"acts_visited":["Exordium","TheCity","TheBeyond","TheEnding"],"potions_floor_usage":[24,29,48,50],"damage_taken":[{"damage":0,"enemies":"2 Louse","floor":1,"turns":1},{"damage":0,"enemies":"Lagavulin","floor":7,"turns":1},{"damage":0,"enemies":"Jaw Worm","floor":8,"turns":1},{"damage":1,"enemies":"Small Slimes","floor":10,"turns":4},{"damage":34,"enemies":"3 Sentries","floor":12,"turns":10},{"damage":5,"enemies":"Gremlin Gang","floor":13,"turns":6},{"damage":0,"enemies":"Exordium Thugs","floor":14,"turns":4},{"damage":15,"enemies":"The Guardian","floor":16,"turns":9},{"damage":14,"enemies":"Shell Parasite","floor":18,"turns":5},{"damage":12,"enemies":"Spheric Guardian","floor":20,"turns":7},{"damage":9,"enemies":"Snecko","floor":22,"turns":4},{"damage":0,"enemies":"Replay:Snechameleon","floor":24,"turns":3},{"damage":0,"enemies":"Cultist and Chosen","floor":28,"turns":6},{"damage":22,"enemies":"Gremlin Leader","floor":29,"turns":5},{"damage":12,"enemies":"Book of Stabbing","floor":31,"turns":5},{"damage":21,"enemies":"Champ","floor":33,"turns":14},{"damage":18,"enemies":"3 Darklings","floor":35,"turns":9},{"damage":0,"enemies":"3 Shapes","floor":36,"turns":7},{"damage":2,"enemies":"R_Hoarder","floor":41,"turns":5},{"damage":1,"enemies":"Mind Bloom Boss Battle","floor":42,"turns":5},{"damage":2,"enemies":"Spire Growth","floor":45,"turns":5},{"damage":0,"enemies":"3 Darklings","floor":48,"turns":4},{"damage":22,"enemies":"Replay:Hell Engine","floor":50,"turns":9},{"damage":62,"enemies":"Shield and Spear","floor":54,"turns":7},{"damage":44,"enemies":"The Heart","floor":55,"turns":2}],"seed_played":"5622810339195550411","potions_obtained":[{"floor":7,"key":"SteroidPotion"},{"floor":8,"key":"Flashbang"},{"floor":12,"key":"Fire Potion"},{"floor":24,"key":"LifebloodPotion"},{"floor":29,"key":"LifebloodPotion"},{"floor":35,"key":"Energy Potion"}],"is_trial":false,"path_per_floor":["M","?","T","$","?","R","E","M","T","M","R","E","M","M","R","B",null,"M","?","M","$","M","R","E","R","T","?","M","E","R","E","R","B",null,"M","M","?","?","?","R","E","?","T","R","M","?","R","M","R","B",null,"R","$","E","B"],"character_chosen":"THE_SILENT","items_purchased":["Footwork","Blade Dance","Footwork","Finesse","Replay:Kaleidoscope","Cloak And Dagger","FearPotion","Strength Potion","ReplayTheSpireMod:Trickstab"],"campfire_rested":4,"item_purchase_floors":[4,4,21,21,53,53,53,53,53],"current_hp_per_floor":[70,63,63,63,63,63,63,63,63,62,62,28,23,23,44,29,70,56,56,44,44,35,56,56,56,56,56,56,34,55,43,70,49,70,52,52,52,52,52,70,68,67,67,67,65,65,65,65,65,43,70,70,70,8,0,0],"gold":39,"neow_bonus":"THREE_ENEMY_KILL","is_daily":false,"chose_seed":false,"campfire_upgraded":6,"win_rate":0.0,"timestamp":1613513537,"path_taken":["M","?","?","$","?","R","E","M","T","M","R","E","?","M","R","BOSS","M","?","M","$","M","R","E","R","T","?","M","E","R","E","R","BOSS","M","M","?","?","?","R","E","?","T","R","M","?","R","M","R","BOSS","R","$","E","BOSS"],"items_purchased_type":["Card","Card","Card","Card","Relic","Card","Potion","Potion","Card"],"build_version":"2020-12-22","purchased_purges":1,"victory":false,"max_hp_per_floor":[70,70,70,70,70,70,70,70,70,70,70,70,70,70,70,70,70,70,70,70,70,70,70,70,70,70,70,70,70,70,70,70,70,70,70,70,70,70,70,70,70,70,70,70,70,70,70,70,70,70,70,70,70,70,70,70],"card_choices":[{"not_picked":["Backflip","Outmaneuver"],"picked":"Sucker Punch","floor":1},{"not_picked":["Acrobatics","Slice"],"picked":"infinitespire:Neurotoxin","floor":7},{"not_picked":["Flying Knee","Outmaneuver","Riddle With Holes"],"picked":"SKIP","floor":8},{"not_picked":["Prepared","Dagger Spray"],"picked":"Deadly Poison","floor":10},{"not_picked":["Venomology","Eviscerate"],"picked":"Caltrops","floor":12},{"not_picked":["Finisher","Dagger Spray"],"picked":"Deadly Poison","floor":13},{"not_picked":["Concentrate","Flechettes"],"picked":"Dodge and Roll","floor":14},{"not_picked":["Phantasmal Killer","Atom Bomb"],"picked":"Tools of the Trade","floor":16},{"not_picked":["Masterful Stab","Dagger Throw"],"picked":"Blur+1","floor":18},{"not_picked":["Outmaneuver","Heel Hook"],"picked":"ReplayTheSpireMod:The Works","floor":20},{"not_picked":["ReplayTheSpireMod:Tripwire","Cloak And Dagger"],"picked":"Prepared+1","floor":22},{"not_picked":["Dodge and Roll+1","ReplayTheSpireMod:Speed Training"],"picked":"Acrobatics","floor":24},{"not_picked":["Flying Knee","Acrobatics+1"],"picked":"Deflect+1","floor":28},{"not_picked":["Dodge and Roll","Blur"],"picked":"ReplayTheSpireMod:Speed Training","floor":29},{"not_picked":["Tactician","Dodge and Roll"],"picked":"Sneak Up+1","floor":31},{"not_picked":["Bullet Time","Corpse Explosion"],"picked":"Poison Darts","floor":33},{"not_picked":["Slice","Cloak And Dagger+1"],"picked":"Draining Mist+1","floor":35},{"not_picked":["Finisher+1","Riddle With Holes+1"],"picked":"Deadly Poison","floor":36},{"not_picked":["Choke+1","All Out Attack"],"picked":"Outmaneuver","floor":41},{"not_picked":["PiercingWail+1","Cloak And Dagger"],"picked":"Deadly Poison+1","floor":42},{"not_picked":["Reflex","Dagger Spray+1","Underhanded Strike+1"],"picked":"SKIP","floor":45},{"not_picked":["Fluid Movement","Flying Knee"],"picked":"Prepared+1","floor":48},{"not_picked":["Dagger Spray+1","Eviscerate"],"picked":"ReplayTheSpireMod:Speed Training+1","floor":54}],"player_experience":375273,"relics_obtained":[{"floor":7,"key":"Simple Rune"},{"floor":9,"key":"PreservedInsect"},{"floor":12,"key":"Bag of Preparation"},{"floor":24,"key":"Nunchaku"},{"floor":24,"key":"Replay:Mystery Machine"},{"floor":26,"key":"Replay:Bottled Steam"},{"floor":29,"key":"ReplayTheSpireMod:Lightbulb"},{"floor":29,"key":"Ancient Tea Set"},{"floor":31,"key":"infinitespire:Magic Flask"},{"floor":31,"key":"Regal Pillow"},{"floor":41,"key":"Juzu Bracelet"},{"floor":41,"key":"TungstenRod"},{"floor":42,"key":"Pocketwatch"},{"floor":43,"key":"Smiling Mask"},{"floor":49,"key":"Bronze Scales"},{"floor":54,"key":"Grinning Jar"},{"floor":54,"key":"Replay:Rubber Ducky"}],"event_choices":[{"damage_healed":0,"gold_gain":0,"player_choice":"Success","damage_taken":7,"relics_obtained":["Blue Doll"],"max_hp_gain":0,"max_hp_loss":0,"event_name":"Scrap Ooze","floor":2,"gold_loss":0},{"cards_removed":["Blade Dance"],"damage_healed":0,"gold_gain":0,"player_choice":"Gave Card","damage_taken":0,"relics_obtained":["infinitespire:BottledMercury"],"max_hp_gain":0,"max_hp_loss":0,"event_name":"WeMeetAgain","floor":5,"gold_loss":0},{"damage_healed":0,"gold_gain":0,"player_choice":"Ignored","damage_taken":0,"max_hp_gain":0,"max_hp_loss":0,"event_name":"Vampires","floor":19,"gold_loss":0},{"damage_healed":0,"gold_gain":0,"player_choice":"Ignored","damage_taken":0,"max_hp_gain":0,"max_hp_loss":0,"event_name":"Ghosts","floor":27,"gold_loss":0},{"damage_healed":0,"gold_gain":0,"player_choice":"Ignored","damage_taken":0,"max_hp_gain":0,"max_hp_loss":0,"event_name":"Mysterious Sphere","floor":37,"gold_loss":0},{"damage_healed":0,"gold_gain":0,"player_choice":"Fight","damage_taken":0,"max_hp_gain":0,"max_hp_loss":0,"event_name":"MindBloom","floor":42,"gold_loss":0},{"damage_healed":0,"gold_gain":100,"player_choice":"Pray","damage_taken":0,"max_hp_gain":0,"max_hp_loss":0,"event_name":"Golden Shrine","floor":46,"gold_loss":0}],"is_beta":false,"boss_relics":[{"not_picked":["Empty Cage","WristBlade"],"picked":"Black Star"},{"not_picked":["Replay:Drink Me","Snecko Eye"],"picked":"Astrolabe"}],"items_purged_floors":[21],"is_endless":false,"potions_floor_spawned":[7,8,12,16,22,24,29,33,35,36,42],"killed_by":"The Heart","ascension_level":3}}