{"host":"3zmssa4s99zhxek5","time":1613444843,"event":{"mods":["AchievementEnabler","BaseMod","Minty Spire (QoL Compilation)","Permanent Neow","Relic Stats"],"gold_per_floor":[118,118,134,148,29,62,62,89,162,196,196,209,237,299,299,374,374,393,411,461,461,14,43,43,43,43,72,83,83,83],"floor_reached":29,"language":"KOR","playtime":3188,"items_purged":["Strike_P"],"score":753,"play_id":"d4b9c241-7d67-4663-9ecf-d2617a50a25b","local_time":"20210216120723","is_ascension_mode":true,"campfire_choices":[{"data":"SandsOfTime","floor":7.0,"key":"SMITH"},{"data":"TalkToTheHand","floor":11.0,"key":"SMITH"},{"floor":15.0,"key":"REST"},{"floor":25.0,"key":"REST"}],"circlet_count":0,"master_deck":["AscendersBane","Strike_P","Strike_P","Strike_P+1","Defend_P","Defend_P+1","Defend_P","Defend_P","Eruption+1","Vigilance","CrushJoints+1","SandsOfTime+1","TalkToTheHand+1","LikeWater+1","TalkToTheHand+1","ThirdEye","JustLucky","Ragnarok+1","Wireheading","WindmillStrike+1","Nirvana","LessonLearned+1","InnerPeace","JustLucky+1","Conclude+1","Tantrum+1","Evaluate","Consecrate+1","WheelKick+1"],"relics":["PureWater","Strawberry","Mango","Whetstone","Molten Egg 2","Lantern","Blood Vial","Omamori","Philosopher\u0027s Stone","The Courier","OrangePellets","MealTicket","Meat on the Bone","PreservedInsect","Vajra"],"acts_visited":["Exordium","TheCity"],"potions_floor_usage":[],"damage_taken":[{"damage":7.0,"enemies":"Jaw Worm","floor":1.0,"turns":5.0},{"damage":0.0,"enemies":"Cultist","floor":3.0,"turns":2.0},{"damage":7.0,"enemies":"2 Louse","floor":4.0,"turns":2.0},{"damage":0.0,"enemies":"Gremlin Nob","floor":6.0,"turns":3.0},{"damage":22.0,"enemies":"3 Sentries","floor":8.0,"turns":14.0},{"damage":0.0,"enemies":"Lagavulin","floor":10.0,"turns":6.0},{"damage":3.0,"enemies":"Blue Slaver","floor":12.0,"turns":3.0},{"damage":10.0,"enemies":"3 Sentries","floor":13.0,"turns":7.0},{"damage":17.0,"enemies":"Lagavulin Event","floor":14.0,"turns":4.0},{"damage":36.0,"enemies":"The Guardian","floor":16.0,"turns":8.0},{"damage":36.0,"enemies":"3 Byrds","floor":18.0,"turns":6.0},{"damage":0.0,"enemies":"Chosen","floor":19.0,"turns":3.0},{"damage":0.0,"enemies":"Gremlin Leader","floor":23.0,"turns":3.0},{"damage":22.0,"enemies":"Book of Stabbing","floor":27.0,"turns":5.0},{"damage":22,"enemies":"Centurion and Healer","floor":28,"turns":5},{"damage":39,"enemies":"Slavers","floor":29,"turns":1}],"seed_played":"-8468140346974696697","potions_obtained":[{"floor":1.0,"key":"ColorlessPotion"},{"floor":10.0,"key":"Dexterity Potion"},{"floor":13.0,"key":"Strength Potion"},{"floor":14.0,"key":"GamblersBrew"},{"floor":19.0,"key":"Swift Potion"}],"is_trial":false,"path_per_floor":["M","?","M","M","$","E","R","E","T","E","R","M","E","?","R","B",null,"M","M","?","?","$","E","?","R","T","E","M","E"],"character_chosen":"WATCHER","items_purchased":["LikeWater","TalkToTheHand","OrangePellets","Conclude+1","Tantrum+1","MealTicket"],"campfire_rested":2,"item_purchase_floors":[5,5,22,22,22,22],"current_hp_per_floor":[61,61,61,54,54,68,68,46,46,46,46,43,33,18,44,10,69,35,37,37,37,37,39,13,41,41,33,25,0,0],"gold":83,"neow_bonus":"RANDOM_COMMON_RELIC","is_daily":false,"chose_seed":false,"campfire_upgraded":2,"win_rate":0.0,"timestamp":1613444843,"path_taken":["M","?","M","M","?","E","R","E","T","E","R","M","E","?","R","BOSS","M","M","?","?","$","E","?","R","T","E","M","E"],"items_purchased_type":["Card","Card","Relic","Card","Card","Relic"],"build_version":"2020-12-22","purchased_purges":1,"victory":false,"max_hp_per_floor":[75,75,75,75,75,89,89,89,89,89,89,89,89,89,89,89,89,89,89,89,89,89,89,94,94,94,94,94,94,94],"relic_stats":{"Blood Vial":16,"OrangePellets":[0],"counters":[16,77],"MealTicket":0,"PreservedInsect":84,"Whetstone":["Strike_P","TalkToTheHand"],"obtain_stats":[{"Lantern":10,"Vajra":27,"Mango":6,"The Courier":21,"PreservedInsect":26,"Omamori":14,"Whetstone":8,"Blood Vial":13,"OrangePellets":22,"Strawberry":0,"Molten Egg 2":9,"Philosopher\u0027s Stone":17,"MealTicket":22,"PureWater":0,"Meat on the Bone":23},{"Lantern":6,"Vajra":14,"Mango":4,"The Courier":12,"PreservedInsect":13,"Omamori":9,"Whetstone":5,"Blood Vial":8,"OrangePellets":12,"Strawberry":0,"Molten Egg 2":5,"Philosopher\u0027s Stone":10,"MealTicket":12,"PureWater":0,"Meat on the Bone":13},{"Lantern":32,"Vajra":71,"Mango":12,"The Courier":63,"PreservedInsect":66,"Omamori":46,"Whetstone":26,"Blood Vial":42,"OrangePellets":63,"Strawberry":0,"Molten Egg 2":26,"Philosopher\u0027s Stone":54,"MealTicket":63,"PureWater":0,"Meat on the Bone":66}],"Meat on the Bone":24},"card_choices":[{"not_picked":["EmptyMind","Evaluate"],"picked":"CrushJoints","floor":1.0},{"not_picked":["ThirdEye","WreathOfFlame"],"picked":"SandsOfTime","floor":3.0},{"not_picked":["ClearTheMind","SashWhip"],"picked":"TalkToTheHand","floor":4.0},{"not_picked":["EmptyFist","Fasting2"],"picked":"ThirdEye","floor":6.0},{"not_picked":["Evaluate","WreathOfFlame"],"picked":"JustLucky","floor":8.0},{"not_picked":["FollowUp+1","SashWhip+1"],"picked":"Ragnarok+1","floor":10.0},{"not_picked":["DeceiveReality","EmptyBody"],"picked":"Wireheading","floor":12.0},{"not_picked":["FollowUp+1","CrushJoints+1"],"picked":"WindmillStrike+1","floor":13.0},{"not_picked":["Prostrate","EmptyBody"],"picked":"Nirvana","floor":14.0},{"not_picked":["Devotion","Omniscience"],"picked":"LessonLearned+1","floor":16.0},{"not_picked":["Protect","Worship"],"picked":"InnerPeace","floor":18.0},{"not_picked":["CutThroughFate+1","DeceiveReality"],"picked":"JustLucky+1","floor":19.0},{"not_picked":["CrushJoints+1","Wireheading"],"picked":"Evaluate","floor":23.0},{"not_picked":["Halt","SashWhip+1"],"picked":"Consecrate+1","floor":27.0},{"not_picked":["ThirdEye","Pray"],"picked":"WheelKick+1","floor":28}],"player_experience":1647300,"relics_obtained":[{"floor":6.0,"key":"Mango"},{"floor":8.0,"key":"Whetstone"},{"floor":9.0,"key":"Molten Egg 2"},{"floor":10.0,"key":"Lantern"},{"floor":13.0,"key":"Blood Vial"},{"floor":14.0,"key":"Omamori"},{"floor":23.0,"key":"Meat on the Bone"},{"floor":26.0,"key":"PreservedInsect"},{"floor":27.0,"key":"Vajra"}],"event_choices":[{"damage_healed":0.0,"max_hp_gain":0.0,"max_hp_loss":0.0,"gold_gain":0.0,"event_name":"Accursed Blacksmith","player_choice":"Forge","floor":2.0,"gold_loss":0.0,"damage_taken":0.0,"cards_upgraded":["Eruption"]},{"damage_healed":0.0,"max_hp_gain":0.0,"max_hp_loss":0.0,"gold_gain":0.0,"event_name":"Dead Adventurer","player_choice":"Searched \u00271\u0027 times","floor":14.0,"gold_loss":0.0,"damage_taken":0.0},{"damage_healed":0.0,"max_hp_gain":0.0,"max_hp_loss":0.0,"gold_gain":50.0,"event_name":"Nest","player_choice":"Stole From Cult","floor":20.0,"gold_loss":0.0,"damage_taken":0.0},{"damage_healed":0.0,"max_hp_gain":0.0,"max_hp_loss":0.0,"gold_gain":0.0,"event_name":"The Mausoleum","player_choice":"Opened","floor":21.0,"gold_loss":0.0,"damage_taken":0.0,"relics_obtained":["The Courier"],"cards_obtained":["Writhe"]},{"damage_healed":0.0,"max_hp_gain":5.0,"max_hp_loss":0.0,"gold_gain":0.0,"event_name":"Forgotten Altar","player_choice":"Shed Blood","floor":24.0,"gold_loss":0.0,"damage_taken":31.0}],"is_beta":false,"boss_relics":[{"not_picked":["Tiny House","Black Star"],"picked":"Philosopher\u0027s Stone"}],"items_purged_floors":[22],"is_endless":false,"potions_floor_spawned":[1,10,13,14,19],"killed_by":"Slavers","ascension_level":20}}