{"host":"9rqxlbwknj581inl","time":1613466633,"event":{"mods":["BaseMod","Colored Map","Colored Powertips","Minty Spire (QoL Compilation)","Quick Restart","Random Character Mod"],"gold_per_floor":[116,116,116,141,12,12,55,55,130,149,24,48,61,84,84,207,207,222,238,238,238,148,169,193,207,207,207,207],"floor_reached":27,"language":"ENG","playtime":2190,"items_purged":["Regret","Strike_B"],"score":217,"play_id":"ad9d7baf-a936-411d-b4a9-bbcbf994a0e1","local_time":"20210216021033","is_ascension_mode":false,"campfire_choices":[{"data":"Zap","floor":6,"key":"SMITH"},{"data":"Loop","floor":8,"key":"SMITH"},{"data":"Dualcast","floor":15,"key":"SMITH"}],"circlet_count":0,"master_deck":["Strike_B","Strike_B","Defend_B","Defend_B","Defend_B+1","Defend_B","Zap+1","Dualcast+1","Beam Cell","Hologram","Compile Driver","Ball Lightning","Loop+1","Sweeping Beam","Redo","Ball Lightning","Conserve Battery","Undo","Buffer","Skim","Steam Power","Leap","Leap","Sweeping Beam"],"relics":["Cracked Core","Golden Idol","PreservedInsect","Blue Candle","Letter Opener","SlaversCollar","Enchiridion","Sundial","Turnip"],"acts_visited":["Exordium","TheCity"],"potions_floor_usage":[24,25,27],"damage_taken":[{"damage":6,"enemies":"Jaw Worm","floor":1,"turns":2},{"damage":0,"enemies":"Small Slimes","floor":4,"turns":3},{"damage":3,"enemies":"Gremlin Nob","floor":7,"turns":3},{"damage":1,"enemies":"Cultist","floor":10,"turns":3},{"damage":1,"enemies":"Exordium Wildlife","floor":12,"turns":3},{"damage":2,"enemies":"Looter","floor":13,"turns":2},{"damage":0,"enemies":"3 Louse","floor":14,"turns":2},{"damage":15,"enemies":"Slime Boss","floor":16,"turns":7},{"damage":22,"enemies":"3 Byrds","floor":18,"turns":4},{"damage":0,"enemies":"Spheric Guardian","floor":19,"turns":3},{"damage":23,"enemies":"Snake Plant","floor":23,"turns":4},{"damage":0,"enemies":"Snecko","floor":24,"turns":5},{"damage":1,"enemies":"Centurion and Healer","floor":25,"turns":3},{"damage":9,"enemies":"Gremlin Leader","floor":27,"turns":2}],"seed_played":"5201864286745710093","potions_obtained":[{"floor":7,"key":"Ancient Potion"},{"floor":10,"key":"Strength Potion"},{"floor":12,"key":"SneckoOil"},{"floor":23,"key":"FearPotion"},{"floor":24,"key":"Energy Potion"},{"floor":25,"key":"Weak Potion"}],"is_trial":false,"path_per_floor":["M","?","?","M","$","R","E","R","T","M","$","M","M","M","R","B",null,"M","M","?","?","?","M","M","M","T","E"],"character_chosen":"DEFECT","items_purchased":["Ball Lightning","Redo"],"campfire_rested":0,"item_purchase_floors":[5,11],"current_hp_per_floor":[69,69,69,69,69,69,66,66,66,65,65,64,62,62,62,47,69,47,47,31,31,31,8,8,7,7,0,0],"gold":207,"neow_bonus":"THREE_CARDS","is_daily":false,"chose_seed":false,"campfire_upgraded":3,"win_rate":0.0,"timestamp":1613466633,"path_taken":["M","?","?","M","$","R","E","R","T","M","?","?","M","M","R","BOSS","M","M","?","?","?","?","M","M","T","E"],"items_purchased_type":["Card","Card"],"build_version":"2020-12-22","purchased_purges":2,"victory":false,"max_hp_per_floor":[75,69,69,69,69,69,69,69,69,69,69,69,69,69,69,69,69,69,69,69,69,69,69,69,69,69,69,69],"card_choices":[{"not_picked":["Leap","Auto Shields"],"picked":"Beam Cell","floor":0},{"not_picked":["Cold Snap","Static Discharge"],"picked":"Hologram","floor":1},{"not_picked":["Beam Cell","Fusion"],"picked":"Compile Driver","floor":4},{"not_picked":["Hologram","Lockon"],"picked":"Loop","floor":7},{"not_picked":["Stack","Force Field"],"picked":"Sweeping Beam","floor":10},{"not_picked":["Fusion","Reinforced Body"],"picked":"Ball Lightning","floor":12},{"not_picked":["Ball Lightning","Leap"],"picked":"Conserve Battery","floor":13},{"not_picked":["Reinforced Body","Coolheaded"],"picked":"Undo","floor":14},{"not_picked":["Hyperbeam","Echo Form"],"picked":"Buffer","floor":16},{"not_picked":["Redo+1","Conserve Battery+1"],"picked":"Skim","floor":18},{"not_picked":["Rip and Tear","Ball Lightning"],"picked":"Steam Power","floor":19},{"not_picked":["Rebound","Self Repair"],"picked":"Leap","floor":23},{"not_picked":["Streamline","Beam Cell"],"picked":"Leap","floor":24},{"not_picked":["Force Field","Echo Form"],"picked":"Sweeping Beam","floor":25}],"player_experience":100480,"relics_obtained":[{"floor":7,"key":"Blue Candle"},{"floor":9,"key":"Letter Opener"},{"floor":20,"key":"Enchiridion"},{"floor":26,"key":"Turnip"}],"event_choices":[{"damage_healed":0,"gold_gain":0,"player_choice":"Lose Max HP","damage_taken":0,"relics_obtained":["Golden Idol"],"max_hp_gain":0,"max_hp_loss":6,"event_name":"Golden Idol","floor":2,"gold_loss":0},{"damage_healed":0,"gold_gain":0,"player_choice":"Box","damage_taken":0,"relics_obtained":["PreservedInsect"],"max_hp_gain":0,"max_hp_loss":0,"event_name":"Big Fish","floor":3,"gold_loss":0,"cards_obtained":["Regret"]},{"damage_healed":0,"gold_gain":0,"player_choice":"Obtained Book","damage_taken":16,"max_hp_gain":0,"max_hp_loss":0,"event_name":"Cursed Tome","floor":20,"gold_loss":0},{"damage_healed":0,"gold_gain":0,"player_choice":"Opened","damage_taken":0,"relics_obtained":["Sundial"],"max_hp_gain":0,"max_hp_loss":0,"event_name":"The Mausoleum","floor":21,"gold_loss":0},{"cards_removed":["Strike_B"],"damage_healed":0,"gold_gain":0,"player_choice":"Upgrade and Remove","damage_taken":0,"max_hp_gain":0,"max_hp_loss":0,"event_name":"Designer","floor":22,"gold_loss":90,"cards_upgraded":["Defend_B"]}],"is_beta":false,"boss_relics":[{"not_picked":["FrozenCore","Calling Bell"],"picked":"SlaversCollar"}],"items_purged_floors":[5,11],"is_endless":false,"potions_floor_spawned":[7,10,12,13,23,24,25],"killed_by":"Gremlin Leader","ascension_level":0}}