{"host":"l85rtarfuh0ld3b1","time":1613445193,"event":{"mods":["Act Like it!","BaseMod","BetterRewards","CapriCore","Decade(王小明)","Gensokyo","KinomotoSakuraMod(木之本樱)","Koishi","Marisa（F雨　魔理沙）","Minty Spire (QoL Compilation)","Permanent Neow","Reimu（博丽灵梦）","Remilia（蕾米莉亚）","Shop Mod","StSLib","TestMod","The Administrix","The Immortal","The Servant 0.9.4","WarShipGirlsR/战舰少女R mod","Yakumo Yukari mod"],"gold_per_floor":[100009,99225,99242,99254,99254,99254,99254,99254],"floor_reached":7,"language":"ZHS","playtime":420,"items_purged":["rmod:strick","rmod:defend"],"score":41,"play_id":"0099a7b3-b0ec-478c-824d-7e07855bcbea","local_time":"20210216111313","is_ascension_mode":false,"campfire_choices":[{"data":"rmod:basicallowance","floor":6,"key":"SMITH"}],"circlet_count":0,"master_deck":["rmod:strick","rmod:strick","rmod:strick","rmod:defend","rmod:defend","rmod:defend","rmod:basicallowance+1","rmod:maingunfire","rmod:openingtorpedo"],"relics":["rmod:firstchargereward","testmod-TestBox","testmod-TimeTraveler","MerchantsRug","testmod-RandomTest","testmod-HeartOfDaVinci","PrismaticShard","rmod:equipmentrecovery","Bag of Preparation","TheAbacus"],"acts_visited":["Gensokyo:Gensokyo"],"potions_floor_usage":[4],"damage_taken":[{"damage":0,"enemies":"Gensokyo:3_Fairies","floor":1,"turns":4},{"damage":0,"enemies":"Gensokyo:2_Kodama","floor":3,"turns":2},{"damage":0,"enemies":"Gensokyo:Gryphon","floor":4,"turns":3},{"damage":14,"enemies":"Gensokyo:Cirno","floor":7,"turns":5}],"seed_played":"2183228116116591133","potions_obtained":[{"floor":3,"key":"DuplicationPotion"},{"floor":4,"key":"FearPotion"}],"is_trial":false,"path_per_floor":["M","$","M","M","?","R","E"],"character_chosen":"PRAEFECT","items_purchased":["MerchantsRug","testmod-RandomTest","testmod-HeartOfDaVinci","PrismaticShard","rmod:equipmentrecovery","Bag of Preparation","Fruit Juice","rmod:openingtorpedo","TheAbacus"],"campfire_rested":0,"item_purchase_floors":[0,0,0,0,2,2,2,2,2],"current_hp_per_floor":[40,40,40,45,87,87,73,73],"gold":99254,"neow_bonus":"","is_daily":false,"chose_seed":false,"campfire_upgraded":1,"win_rate":0.0,"timestamp":1613445193,"path_taken":["M","$","?","M","?","R","E"],"items_purchased_type":["Relic","Relic","Relic","Relic","Relic","Relic","Potion","Card","Relic"],"build_version":"2020-12-22","purchased_purges":2,"victory":false,"max_hp_per_floor":[75,75,75,80,87,87,87,87],"card_choices":[{"not_picked":["Havoc","Rearm","BloodAndWine"],"picked":"SKIP","floor":1},{"not_picked":["FanOfKnives","MokouMod:ControlledCombustion","Dagger Throw"],"picked":"SKIP","floor":3},{"not_picked":["MokouMod:EternalBurstReactor","BowlingBash","CollectionFlower2:ReiMu"],"picked":"SKIP","floor":4}],"player_experience":621203,"relics_obtained":[],"event_choices":[{"damage_healed":0,"gold_gain":0,"player_choice":"Swap Relic","damage_taken":0,"relics_obtained":["Lee\u0027s Waffle"],"max_hp_gain":0,"max_hp_loss":0,"event_name":"给自己的盒子","floor":5,"relics_lost":["Lee\u0027s Waffle"],"gold_loss":0}],"is_beta":false,"boss_relics":[],"items_purged_floors":[0,2],"is_endless":false,"potions_floor_spawned":[3,4],"killed_by":"Gensokyo:Cirno","ascension_level":0}}