{"host":"51f0ad793vly1w6u","time":1613474714,"event":{"mods":["BaseMod","Colored Map","DeckTracker","Minty Spire (QoL Compilation)","StSLib","SuperFastMode"],"gold_per_floor":[113,130,148,167,167,197,197,207,230,258,258,269,269,281,281,385,385,397,312,312,186,236,236,263,281,281,281,134,153,167,167,167],"floor_reached":31,"language":"KOR","playtime":449,"items_purged":["Strike_R"],"score":360,"play_id":"3605d4f4-0851-4573-a8b5-44ba3f0270e4","local_time":"20210216202514","is_ascension_mode":true,"campfire_choices":[{"data":"Perfected Strike","floor":7.0,"key":"SMITH"},{"data":"Mayhem","floor":11.0,"key":"SMITH"},{"floor":13.0,"key":"REST"},{"data":"Disarm","floor":15.0,"key":"SMITH"},{"data":"Feed","floor":23.0,"key":"SMITH"}],"circlet_count":0,"master_deck":["Strike_R","Strike_R","Strike_R","Strike_R","Defend_R","Defend_R","Defend_R","Defend_R","Bash","Mayhem+1","Perfected Strike+1","Pommel Strike","Sever Soul","Feed+1","Wild Strike","Disarm+1","Twin Strike","Double Tap","Sentinel","Shrug It Off","Perfected Strike","Feel No Pain+1","Perfected Strike","Shockwave","Battle Trance","Shrug It Off"],"relics":["Burning Blood","Du-Vu Doll","Happy Flower","Bronze Scales","Velvet Choker","Juzu Bracelet","Bottled Flame","Regal Pillow","Orichalcum","Orrery"],"acts_visited":["Exordium","TheCity"],"potions_floor_usage":[25,31],"damage_taken":[{"damage":14.0,"enemies":"2 Louse","floor":1.0,"turns":4.0},{"damage":0.0,"enemies":"Small Slimes","floor":2.0,"turns":4.0},{"damage":0.0,"enemies":"Cultist","floor":3.0,"turns":2.0},{"damage":12.0,"enemies":"Exordium Thugs","floor":4.0,"turns":4.0},{"damage":15.0,"enemies":"Lagavulin","floor":6.0,"turns":4.0},{"damage":16.0,"enemies":"Looter","floor":8.0,"turns":4.0},{"damage":29.0,"enemies":"Gremlin Nob","floor":10.0,"turns":4.0},{"damage":8.0,"enemies":"Red Slaver","floor":12.0,"turns":3.0},{"damage":0.0,"enemies":"2 Fungi Beasts","floor":14.0,"turns":2.0},{"damage":31.0,"enemies":"The Guardian","floor":16.0,"turns":7.0},{"damage":13.0,"enemies":"3 Byrds","floor":18.0,"turns":2.0},{"damage":44.0,"enemies":"Book of Stabbing","floor":24.0,"turns":5.0},{"damage":12,"enemies":"2 Thieves","floor":25,"turns":4},{"damage":8,"enemies":"Snecko","floor":29,"turns":4},{"damage":7,"enemies":"Centurion and Healer","floor":30,"turns":4},{"damage":12,"enemies":"Snake Plant","floor":31,"turns":1}],"seed_played":"5275680191824242707","potions_obtained":[{"floor":1.0,"key":"Strength Potion"},{"floor":6.0,"key":"PowerPotion"},{"floor":10.0,"key":"SkillPotion"},{"floor":16.0,"key":"DuplicationPotion"},{"floor":24,"key":"Dexterity Potion"},{"floor":29,"key":"Fire Potion"}],"is_trial":false,"path_per_floor":["M","M","M","M","?","E","R","M","T","E","R","M","R","M","R","B",null,"M","?","?","$","?","R","E","M","T","?","$","M","M","M"],"character_chosen":"IRONCLAD","items_purchased":["Shrug It Off","Orrery"],"campfire_rested":1,"item_purchase_floors":[21,28],"current_hp_per_floor":[64,70,72,66,66,57,57,47,47,24,24,22,43,49,49,24,60,56,56,56,56,56,56,18,12,12,12,12,10,9,0,0],"gold":167,"neow_bonus":"RANDOM_COLORLESS_2","is_daily":false,"chose_seed":false,"campfire_upgraded":4,"win_rate":0.0,"timestamp":1613474714,"path_taken":["M","M","M","M","?","E","R","M","T","E","R","M","R","M","R","BOSS","M","?","?","$","?","R","E","M","T","?","?","M","M","M"],"items_purchased_type":["Card","Relic"],"build_version":"2020-12-22","purchased_purges":1,"victory":false,"max_hp_per_floor":[72,72,72,72,72,72,72,72,72,72,72,72,72,72,72,72,72,75,75,75,75,75,75,75,75,75,75,75,75,75,75,75],"card_choices":[{"not_picked":["Thinking Ahead","Secret Technique"],"picked":"Mayhem","floor":0.0},{"not_picked":["Thunderclap","Cleave"],"picked":"Perfected Strike","floor":1.0},{"not_picked":["Rupture","Warcry"],"picked":"Pommel Strike","floor":2.0},{"not_picked":["Warcry","Thunderclap","Sever Soul"],"picked":"SKIP","floor":3.0},{"not_picked":["Warcry","Thunderclap"],"picked":"Sever Soul","floor":3.0},{"not_picked":["True Grit","Thunderclap","Headbutt"],"picked":"SKIP","floor":4.0},{"not_picked":["Iron Wave","Twin Strike"],"picked":"Feed","floor":6.0},{"not_picked":["Feel No Pain","Hemokinesis","Pummel"],"picked":"SKIP","floor":8.0},{"not_picked":["Clothesline","Reckless Charge"],"picked":"Wild Strike","floor":10.0},{"not_picked":["Clash","Havoc"],"picked":"Disarm","floor":12.0},{"not_picked":["Flex","Carnage"],"picked":"Twin Strike","floor":14.0},{"not_picked":["Bludgeon","Demon Form"],"picked":"Double Tap","floor":16.0},{"not_picked":["Armaments","Thunderclap"],"picked":"Sentinel","floor":18.0},{"not_picked":["Feel No Pain","Fire Breathing"],"picked":"Perfected Strike","floor":24},{"not_picked":["Thunderclap","Uppercut"],"picked":"Feel No Pain+1","floor":25},{"not_picked":["Warcry+1","Iron Wave+1"],"picked":"Perfected Strike","floor":28},{"not_picked":["Infernal Blade","Battle Trance"],"picked":"Shockwave","floor":28},{"not_picked":["Twin Strike+1","Evolve"],"picked":"Battle Trance","floor":28},{"not_picked":["Blood for Blood","Iron Wave"],"picked":"Shrug It Off","floor":29},{"not_picked":["Dropkick","Clothesline","Cleave"],"picked":"SKIP","floor":30}],"player_experience":1462483,"relics_obtained":[{"floor":6.0,"key":"Du-Vu Doll"},{"floor":9.0,"key":"Happy Flower"},{"floor":10.0,"key":"Bronze Scales"},{"floor":24,"key":"Bottled Flame"},{"floor":26,"key":"Regal Pillow"}],"event_choices":[{"damage_healed":0.0,"max_hp_gain":0.0,"max_hp_loss":0.0,"gold_gain":0.0,"event_name":"Liars Game","player_choice":"Ignored","floor":5.0,"gold_loss":0.0,"damage_taken":0.0},{"damage_healed":0.0,"max_hp_gain":0.0,"max_hp_loss":0.0,"gold_gain":0.0,"event_name":"Addict","player_choice":"Obtained Relic","floor":19.0,"gold_loss":85.0,"damage_taken":0.0,"relics_obtained":["Juzu Bracelet"]},{"damage_healed":0.0,"max_hp_gain":0.0,"max_hp_loss":0.0,"gold_gain":0.0,"event_name":"Ghosts","player_choice":"Ignored","floor":20.0,"gold_loss":0.0,"damage_taken":0.0},{"damage_healed":0.0,"max_hp_gain":0.0,"max_hp_loss":0.0,"gold_gain":100.0,"event_name":"The Joust","player_choice":"Bet on Murderer","floor":22.0,"gold_loss":50.0,"damage_taken":0.0},{"damage_healed":0,"gold_gain":0,"player_choice":"Gave Potion","damage_taken":0,"relics_obtained":["Orichalcum"],"max_hp_gain":0,"max_hp_loss":0,"event_name":"WeMeetAgain","floor":27,"gold_loss":0}],"is_beta":false,"boss_relics":[{"not_picked":["Black Blood","Calling Bell"],"picked":"Velvet Choker"}],"items_purged_floors":[21],"is_endless":false,"potions_floor_spawned":[1,6,10,16,24,29],"killed_by":"Snake Plant","ascension_level":7}}