{"host":"pj05r22d3fegil3v","time":1613454280,"event":{"mods":["BaseMod","Better Altar","Better Match","Better Note","Better Sensory Stone","Better Skull","Better Third Choice","BetterRewards","Card Filter","Colored Powertips","Curses Come First","Custom Start","DeckTracker","Displayed Cursed Tome","Evolution","Minty Spire (QoL Compilation)","Quick Restart","Rare Cards Sparkle","Relic Filter Mod","Smile Girya","StSLib","Weighted Paths","everything is the same but u backflip on backflip","slay the spire mod where everything is the same but ironclad has a cowboy hat"],"gold_per_floor":[116,41,61,61,77,77,252,280,280,280,280,280,295,320,320,320,320],"floor_reached":16,"language":"ENG","playtime":752,"items_purged":["Strike_B"],"score":192,"play_id":"d49d082e-613b-4d52-85c2-f5572960046a","local_time":"20210216004440","is_ascension_mode":true,"campfire_choices":[{"data":"1","floor":6,"key":"LIFT"},{"data":"2","floor":10,"key":"LIFT"},{"data":"3","floor":11,"key":"LIFT"},{"data":"Coolheaded","floor":15,"key":"SMITH"}],"circlet_count":0,"master_deck":["Strike_B","Strike_B","Strike_B","Defend_B","Defend_B+1","Defend_B","Defend_B","Zap","Chill","Coolheaded+1","Barrage+1","Turbo","Doubt","Coolheaded","Ball Lightning"],"relics":["Cracked Core","EVO:Axolotl","Juzu Bracelet","Girya","Prayer Wheel","WingedGreaves","PreservedInsect"],"acts_visited":["Exordium"],"potions_floor_usage":[8,16],"damage_taken":[{"damage":6,"enemies":"Jaw Worm","floor":1,"turns":4},{"damage":0,"enemies":"Cultist","floor":3,"turns":4},{"damage":6,"enemies":"2 Louse","floor":5,"turns":3},{"damage":18,"enemies":"Lagavulin","floor":8,"turns":8},{"damage":1,"enemies":"Looter","floor":13,"turns":3},{"damage":0,"enemies":"3 Sentries","floor":14,"turns":6},{"damage":29,"enemies":"Hexaghost","floor":16,"turns":9}],"seed_played":"-621231587102948331","potions_obtained":[{"floor":5,"key":"Weak Potion"},{"floor":13,"key":"SpeedPotion"},{"floor":14,"key":"SkillPotion"}],"is_trial":false,"path_per_floor":["M","$","M","?","M","R","?","E","T","R","R","?","M","E","R","B"],"character_chosen":"DEFECT","items_purchased":["Chill","Juzu Bracelet"],"campfire_rested":0,"item_purchase_floors":[0,0],"current_hp_per_floor":[69,69,69,69,63,63,63,45,45,45,45,30,29,29,29,0,0],"gold":320,"neow_bonus":"","is_daily":false,"chose_seed":false,"campfire_upgraded":1,"win_rate":0.0,"timestamp":1613454280,"path_taken":["M","$","M","?","M","R","?","E","T","R","R","?","M","E","R","BOSS"],"items_purchased_type":["Card","Relic"],"build_version":"2020-12-22","purchased_purges":1,"victory":false,"max_hp_per_floor":[75,75,75,75,75,75,75,75,75,75,75,75,75,75,75,75,75],"card_choices":[{"not_picked":["Beam Cell","Redo"],"picked":"Coolheaded","floor":1},{"not_picked":["Genetic Algorithm","Rebound"],"picked":"Barrage","floor":3},{"not_picked":["Tempest","Leap"],"picked":"Turbo","floor":5},{"not_picked":["Turbo","Biased Cognition"],"picked":"Coolheaded","floor":8},{"not_picked":["Steam","Stack"],"picked":"Ball Lightning","floor":13},{"not_picked":["Sweeping Beam","BootSequence","Scrape"],"picked":"SKIP","floor":13},{"not_picked":["Auto Shields","Streamline","Skim"],"picked":"SKIP","floor":14}],"player_experience":117130,"relics_obtained":[{"floor":8,"key":"Prayer Wheel"},{"floor":9,"key":"WingedGreaves"},{"floor":14,"key":"PreservedInsect"}],"event_choices":[{"cards_removed":["Dualcast"],"damage_healed":0,"gold_gain":0,"player_choice":"Purged","damage_taken":0,"max_hp_gain":0,"max_hp_loss":0,"event_name":"Purifier","floor":4,"gold_loss":0},{"damage_healed":0,"gold_gain":175,"player_choice":"AGREE","damage_taken":77,"max_hp_gain":0,"max_hp_loss":0,"event_name":"betterThird:BetterSerpent","floor":7,"gold_loss":0},{"damage_healed":45,"gold_gain":0,"player_choice":"Upgrade","damage_taken":15,"max_hp_gain":0,"max_hp_loss":75,"event_name":"betterThird:BetterShining","floor":12,"gold_loss":0,"cards_upgraded":["Defend_B","Barrage"]}],"is_beta":false,"boss_relics":[],"items_purged_floors":[2],"is_endless":false,"potions_floor_spawned":[5,13,14],"killed_by":"Hexaghost","ascension_level":1}}