{"host":"eny0bxnatoru6fum","time":1613438472,"event":{"mods":["A Magickal Journey","AchievementEnabler","AlwaysNeverKeys","Aspiration","BaseMod","Beaked The Cultist","Better Note","BetterRewards","Colored Map","Colored Powertips","Conspire","DeckTracker","Duelist Mod","Energized Spire","Glutton Mod","Halation","Hubris","Infinite Spire","Jedi Mod","Lobotomy","LobotomyExtend","Marisa????????","Minty Spire (QoL Compilation)","Relic Sorter","Replay The Spire","Shop Mod","Spicy Shops","Spikes Relics","StSLib","Synergy Search","The Alterego","The Animator","The Blue Laboratory","The Bug Knight","The Cursed","The Hierophant","The Jungle","The Problem Sleuth","The Runesmith","The Sage","The Servant 0.9.4","The Spell Scribe","Waifu the Spire"],"gold_per_floor":[118,88,88,88,105,118,106,136,147,177,229,229,263,263,263,263,263,367,367,385,385,400,410,428,461,461,486,486,517,517,531,543,543,543,640,640,660,676,688,688,701,701,716,716,793,824,824,843,863,863,863],"floor_reached":50,"language":"ENG","playtime":6013,"items_purged":["alterego_mod:Defend"],"score":814,"play_id":"2e8ecb08-9432-4e44-b9be-35de4d3783e8","local_time":"20210215192112","is_ascension_mode":true,"campfire_choices":[{"floor":12,"key":"REST"},{"floor":15,"key":"RECALL"},{"floor":17,"key":"REST"},{"floor":26,"key":"REST"},{"floor":34,"key":"REST"},{"floor":42,"key":"REST"},{"data":"alterego_mod:Clones","floor":44,"key":"SMITH"}],"circlet_count":0,"master_deck":["ReplayTheSpireMod:Echo Chamber","alterego_mod:Strike","alterego_mod:Strike","alterego_mod:Strike","alterego_mod:Defend","alterego_mod:Defend","alterego_mod:Defend+1","alterego_mod:Impale","alterego_mod:BigMeatyClaws","alterego_mod:BrynhildrsRune","alterego_mod:DiscoLights","alterego_mod:1TonWallop","alterego_mod:Birthday","alterego_mod:Undulate","alterego_mod:Maid","alterego_mod:Clones+1","alterego_mod:Bloomers","alterego_mod:MagicResistance","alterego_mod:IdEs","alterego_mod:Pet","infinitespire:SevenWalls","alterego_mod:IndependentAction","alterego_mod:Pet","alterego_mod:Exercise","alterego_mod:SakuraLabyrinth","ReplayTheSpireMod:Echo Chamber","alterego_mod:Strike","alterego_mod:Strike","alterego_mod:Strike","alterego_mod:Defend","alterego_mod:Defend","alterego_mod:Defend+1","alterego_mod:Impale","alterego_mod:BigMeatyClaws","alterego_mod:BrynhildrsRune","alterego_mod:DiscoLights","alterego_mod:1TonWallop","alterego_mod:Birthday","alterego_mod:Undulate","alterego_mod:Maid","alterego_mod:Clones","alterego_mod:Bloomers","alterego_mod:MagicResistance","alterego_mod:IdEs","alterego_mod:Pet","infinitespire:SevenWalls","alterego_mod:IndependentAction","alterego_mod:Pet","alterego_mod:Exercise","alterego_mod:SakuraLabyrinth","alterego_mod:Belle","alterego_mod:TrashNCrash","alterego_mod:BiFurious","alterego_mod:Jiggle+1","alterego_mod:Skirt+1"],"relics":["alterego_mod:MasochisticConstitution","LetterFromLob","Replay:Mystery Machine","ReplayTheSpireMod:Shallot","conspire:TopHat","MagicBullet_r","Heaven_r","Busted Crown","CaptainsWheel","sagemod:Red_Beast_Statue","MealTicket","HollowMod:LifeEnderRelic","Replay:Ringing Soul","SlaversCollar","theSleuth:Tectrixcalibur","Mercury Hourglass","SnailShell","hubris:Towel"],"acts_visited":["Exordium","TheCity","TheBeyond"],"potions_floor_usage":[10,10,13,18,25,32,37,41,48,48],"damage_taken":[{"damage":5,"enemies":"Jaw Worm","floor":1,"turns":6},{"damage":6,"enemies":"Cultist","floor":5,"turns":6},{"damage":4,"enemies":"Small Slimes","floor":6,"turns":6},{"damage":28,"enemies":"Exordium Thugs","floor":7,"turns":6},{"damage":4,"enemies":"Replay:BlueRogue","floor":8,"turns":7},{"damage":4,"enemies":"Exordium Wildlife","floor":9,"turns":3},{"damage":10,"enemies":"3 Sentries","floor":10,"turns":5},{"damage":17,"enemies":"Lagavulin","floor":13,"turns":8},{"damage":63,"enemies":"Red Slaver","floor":16,"turns":6},{"damage":20,"enemies":"Fading Forest","floor":18,"turns":11},{"damage":14,"enemies":"Shell Parasite","floor":20,"turns":6},{"damage":11,"enemies":"Chosen","floor":22,"turns":5},{"damage":0,"enemies":"Sentry and Sphere","floor":23,"turns":6},{"damage":9,"enemies":"Snake Plant","floor":24,"turns":7},{"damage":70,"enemies":"Slavers","floor":25,"turns":5},{"damage":28,"enemies":"Book of Stabbing","floor":27,"turns":9},{"damage":21,"enemies":"Slavers","floor":29,"turns":5},{"damage":9,"enemies":"Centurion and Healer","floor":31,"turns":9},{"damage":0,"enemies":"Chosen and Byrds","floor":32,"turns":5},{"damage":0,"enemies":"Champ","floor":35,"turns":2},{"damage":52,"enemies":"3 Darklings","floor":37,"turns":6},{"damage":29,"enemies":"Orb Walker","floor":38,"turns":4},{"damage":12,"enemies":"Transient","floor":39,"turns":5},{"damage":7,"enemies":"Sphere and 2 Shapes","floor":41,"turns":4},{"damage":15,"enemies":"Writhing Mass","floor":43,"turns":9},{"damage":42,"enemies":"Giant Head","floor":46,"turns":9},{"damage":15,"enemies":"Transient","floor":48,"turns":5},{"damage":6,"enemies":"3 Darklings","floor":49,"turns":2},{"damage":21,"enemies":"Sphere and 2 Shapes","floor":50,"turns":1}],"seed_played":"-5704735208935016920","potions_obtained":[{"floor":1,"key":"blueLaboratory:StoneskinPotion"},{"floor":2,"key":"blueLaboratory:ArtificerPotion"},{"floor":2,"key":"BlessingOfTheForge"},{"floor":5,"key":"LiquidMemories"},{"floor":10,"key":"Strength Potion"},{"floor":24,"key":"GamblersBrew"},{"floor":31,"key":"Energy Potion"},{"floor":32,"key":"blueLaboratory:BubblePotion"},{"floor":35,"key":"Toxic Potion"},{"floor":38,"key":"Explosive Potion"},{"floor":41,"key":"PowerPotion"}],"is_trial":false,"path_per_floor":["M","?","PTL","PTL","M","M","M","E","M","E","T","R","E","?","R","M","R","B",null,"M","AVR","M","M","M","E","R","E","T","E","?","M","M","?","R","B",null,"M","M","M","?","M","R","M","R","T","E","?","M","M","M"],"character_chosen":"The_Alterego","items_purchased":[],"campfire_rested":5,"item_purchase_floors":[],"current_hp_per_floor":[71,71,71,71,66,73,57,56,62,56,56,77,74,74,74,43,66,56,80,76,76,70,81,78,32,57,34,34,44,47,60,67,55,84,88,99,53,25,23,23,33,65,55,55,55,25,25,24,21,0,0],"gold":863,"neow_bonus":"RANDOM_EVENT","is_daily":false,"chose_seed":false,"campfire_upgraded":1,"win_rate":0.0,"timestamp":1613438472,"path_taken":["M","?","PTL","PTL","M","?","M","E","?","E","T","R","E","?","R","?","R","BOSS","M","AVR","M","M","M","E","R","E","T","E","?","?","M","?","R","BOSS","M","M","?","?","M","R","M","R","T","E","?","M","M","M"],"items_purchased_type":[],"build_version":"2020-12-22","purchased_purges":1,"victory":false,"max_hp_per_floor":[71,71,71,71,72,73,74,75,76,77,77,77,78,78,78,79,79,80,80,81,81,82,82,83,84,84,85,85,89,92,96,99,99,99,99,99,103,104,108,108,109,109,110,110,110,111,111,115,116,116,116],"card_choices":[{"not_picked":["alterego_mod:Undulate","alterego_mod:Cycle"],"picked":"alterego_mod:DiscoLights","floor":1},{"not_picked":["alterego_mod:DiscoLights","alterego_mod:HighServant"],"picked":"alterego_mod:1TonWallop","floor":5},{"not_picked":["alterego_mod:RingBreak","alterego_mod:Cycle"],"picked":"alterego_mod:Birthday","floor":6},{"not_picked":["alterego_mod:Clap","alterego_mod:BoobPocket"],"picked":"alterego_mod:Undulate","floor":7},{"not_picked":["alterego_mod:DeftHands","alterego_mod:BoobPocket"],"picked":"alterego_mod:Maid","floor":8},{"not_picked":["alterego_mod:BeGentle","alterego_mod:Punishment"],"picked":"alterego_mod:Clones","floor":9},{"not_picked":["alterego_mod:Jiggle","alterego_mod:PresenceConcealment"],"picked":"alterego_mod:Bloomers","floor":10},{"not_picked":["alterego_mod:Palingenesis","alterego_mod:Bounce"],"picked":"alterego_mod:MagicResistance","floor":13},{"not_picked":["alterego_mod:Alter","alterego_mod:BrynhildrRomantia"],"picked":"alterego_mod:IdEs","floor":18},{"not_picked":[],"picked":"alterego_mod:Pet","floor":20},{"not_picked":["alterego_mod:HighServant"],"picked":"SKIP","floor":22},{"not_picked":[],"picked":"alterego_mod:IndependentAction","floor":23},{"not_picked":["alterego_mod:Bounce+1"],"picked":"SKIP","floor":24},{"not_picked":[],"picked":"alterego_mod:Pet","floor":25},{"not_picked":[],"picked":"alterego_mod:Exercise","floor":27},{"not_picked":[],"picked":"alterego_mod:SakuraLabyrinth","floor":29},{"not_picked":[],"picked":"alterego_mod:Belle","floor":31},{"not_picked":[],"picked":"alterego_mod:TrashNCrash","floor":32},{"not_picked":[],"picked":"alterego_mod:BiFurious","floor":37},{"not_picked":["alterego_mod:Cooking"],"picked":"SKIP","floor":38},{"not_picked":[],"picked":"alterego_mod:Jiggle+1","floor":39},{"not_picked":["alterego_mod:PerceptionDisorder+1"],"picked":"SKIP","floor":41},{"not_picked":["alterego_mod:SuperDuperMasochism+1"],"picked":"SKIP","floor":43},{"not_picked":["alterego_mod:Bounce"],"picked":"SKIP","floor":46},{"not_picked":[],"picked":"alterego_mod:Skirt+1","floor":48},{"not_picked":["alterego_mod:HighServant"],"picked":"SKIP","floor":49}],"player_experience":608094,"relics_obtained":[{"floor":1,"key":"LetterFromLob"},{"floor":8,"key":"Replay:Mystery Machine"},{"floor":10,"key":"ReplayTheSpireMod:Shallot"},{"floor":13,"key":"conspire:TopHat"},{"floor":25,"key":"sagemod:Red_Beast_Statue"},{"floor":27,"key":"MealTicket"},{"floor":28,"key":"HollowMod:LifeEnderRelic"},{"floor":29,"key":"Replay:Ringing Soul"},{"floor":45,"key":"Mercury Hourglass"},{"floor":46,"key":"SnailShell"}],"event_choices":[{"damage_healed":0,"gold_gain":0,"player_choice":"Bought 2 Potions","damage_taken":0,"max_hp_gain":0,"max_hp_loss":0,"event_name":"The Woman in Blue","floor":2,"gold_loss":0},{"cards_removed":["alterego_mod:Strike"],"damage_healed":0,"gold_gain":0,"player_choice":"Purged","damage_taken":0,"max_hp_gain":0,"max_hp_loss":0,"event_name":"Purifier","floor":14,"gold_loss":0},{"damage_healed":0,"gold_gain":0,"player_choice":"POTION ","damage_taken":12,"max_hp_gain":0,"max_hp_loss":0,"event_name":"Knowing Skull","floor":33,"potions_obtained":["SteroidPotion"],"gold_loss":0,"cards_obtained":[]}],"is_beta":false,"boss_relics":[{"not_picked":["Replay:Drink Me","halation:SmartPhone"],"picked":"Busted Crown"},{"not_picked":["Sozu","conspire:SeveredTorchhead"],"picked":"SlaversCollar"}],"items_purged_floors":[21],"is_endless":false,"potions_floor_spawned":[1,5,8,10,16,24,31,32,35,38,41,46],"killed_by":"Sphere and 2 Shapes","ascension_level":1}}