{"host":"l2onoeb0kdqo1a9y","time":1613460086,"event":{"mods":["AchievementEnabler","BaseMod","Colored Powertips","Highlight Path","Minty Spire (QoL Compilation)","Quick Restart"],"gold_per_floor":[114,133,58,73,86,86,113,188,188,188,203,203,214,226,226,322,322,338,338,354,354,365,398,398,398,398,410,420,455,455,481,481,481,481],"floor_reached":33,"language":"ZHS","playtime":921,"items_purged":["Strike_R"],"score":309,"play_id":"4203d246-8759-4c15-8b41-6ea645819458","local_time":"20210216152126","is_ascension_mode":false,"campfire_choices":[{"data":"Armaments","floor":6.0,"key":"SMITH"},{"floor":12.0,"key":"REST"},{"data":"Battle Trance","floor":15.0,"key":"SMITH"},{"floor":30,"key":"REST"},{"floor":32,"key":"RECALL"}],"circlet_count":0,"master_deck":["Strike_R","Strike_R","Strike_R","Strike_R+1","Defend_R","Defend_R","Defend_R+1","Defend_R","Bash","Battle Trance+1","Rampage","Hemokinesis","Armaments+1","Flex","Headbutt","Clash","Double Tap","Flex","Thunderclap+1","Heavy Blade"],"relics":["Burning Blood","NeowsBlessing","HornCleat","TungstenRod","Busted Crown","Unceasing Top","MutagenicStrength","Frozen Egg 2","Bag of Preparation","Paper Frog"],"acts_visited":["Exordium","TheCity"],"potions_floor_usage":[29,29,29,29,31,31,33],"damage_taken":[{"damage":0.0,"enemies":"Cultist","floor":1.0,"turns":1.0},{"damage":0.0,"enemies":"Small Slimes","floor":2.0,"turns":1.0},{"damage":0.0,"enemies":"Jaw Worm","floor":4.0,"turns":1.0},{"damage":20.0,"enemies":"Lots of Slimes","floor":5.0,"turns":4.0},{"damage":45.0,"enemies":"Lagavulin","floor":7.0,"turns":6.0},{"damage":0.0,"enemies":"2 Fungi Beasts","floor":11.0,"turns":5.0},{"damage":16.0,"enemies":"Large Slime","floor":13.0,"turns":6.0},{"damage":1.0,"enemies":"Blue Slaver","floor":14.0,"turns":3.0},{"damage":18.0,"enemies":"The Guardian","floor":16.0,"turns":8.0},{"damage":19.0,"enemies":"2 Thieves","floor":18.0,"turns":3.0},{"damage":8.0,"enemies":"Chosen","floor":20.0,"turns":2.0},{"damage":7.0,"enemies":"Sentry and Sphere","floor":22.0,"turns":4.0},{"damage":23.0,"enemies":"Slavers","floor":23.0,"turns":4.0},{"damage":1.0,"enemies":"Snecko","floor":27.0,"turns":3.0},{"damage":9.0,"enemies":"3 Cultists","floor":28.0,"turns":5.0},{"damage":22,"enemies":"Book of Stabbing","floor":29,"turns":4},{"damage":14,"enemies":"Slavers","floor":31,"turns":2},{"damage":61,"enemies":"Automaton","floor":33,"turns":6}],"seed_played":"-8150727156019856108","potions_obtained":[{"floor":7.0,"key":"SkillPotion"},{"floor":11.0,"key":"Explosive Potion"},{"floor":13.0,"key":"Explosive Potion"},{"floor":16.0,"key":"FearPotion"},{"floor":18.0,"key":"EntropicBrew"},{"floor":23.0,"key":"SpeedPotion"},{"floor":28.0,"key":"PowerPotion"},{"floor":31,"key":"Explosive Potion"}],"is_trial":false,"path_per_floor":["M","M","$","M","M","R","E","?","T","?","M","R","M","M","R","B",null,"M","?","M","?","M","E","?","?","T","M","M","E","R","E","R","B"],"character_chosen":"IRONCLAD","items_purchased":[],"campfire_rested":2,"item_purchase_floors":[],"current_hp_per_floor":[80,80,80,80,66,66,27,16,16,1,7,31,21,26,26,14,80,67,67,65,51,50,33,33,33,33,38,35,36,61,53,53,0,0],"gold":481,"neow_bonus":"THREE_ENEMY_KILL","is_daily":false,"chose_seed":false,"campfire_upgraded":2,"win_rate":0.0,"timestamp":1613460086,"path_taken":["M","M","$","M","M","R","E","?","T","?","M","R","M","M","R","BOSS","M","?","?","?","M","E","?","?","T","M","M","E","R","E","R","BOSS"],"items_purchased_type":[],"build_version":"2020-12-22","purchased_purges":1,"victory":false,"max_hp_per_floor":[80,80,80,80,80,80,80,80,80,80,80,80,80,80,80,80,80,80,80,80,85,85,85,85,85,85,85,85,85,85,85,85,85,85],"card_choices":[{"not_picked":["Clothesline","Havoc"],"picked":"Battle Trance","floor":1.0},{"not_picked":["Headbutt","Sentinel"],"picked":"Rampage","floor":2.0},{"not_picked":["Shrug It Off","True Grit"],"picked":"Hemokinesis","floor":4.0},{"not_picked":["Heavy Blade","Second Wind"],"picked":"Armaments","floor":5.0},{"not_picked":["Immolate","Dual Wield"],"picked":"Flex","floor":7.0},{"not_picked":["Body Slam","Shrug It Off"],"picked":"Headbutt","floor":11.0},{"not_picked":["Disarm","Searing Blow"],"picked":"Clash","floor":13.0},{"not_picked":["Bloodletting","Sentinel","Shockwave"],"picked":"SKIP","floor":14.0},{"not_picked":["Exhume","Corruption"],"picked":"Double Tap","floor":16.0},{"not_picked":["Bloodletting"],"picked":"SKIP","floor":18.0},{"not_picked":[],"picked":"Thunderclap+1","floor":20.0},{"not_picked":["Clothesline+1"],"picked":"SKIP","floor":22.0},{"not_picked":["Wild Strike"],"picked":"SKIP","floor":23.0},{"not_picked":["Ghostly Armor"],"picked":"SKIP","floor":27.0},{"not_picked":["True Grit"],"picked":"SKIP","floor":28.0},{"not_picked":["Perfected Strike+1"],"picked":"SKIP","floor":29},{"not_picked":[],"picked":"Heavy Blade","floor":31}],"player_experience":142355,"relics_obtained":[{"floor":7.0,"key":"HornCleat"},{"floor":9.0,"key":"TungstenRod"},{"floor":23.0,"key":"Unceasing Top"},{"floor":26.0,"key":"Frozen Egg 2"},{"floor":29,"key":"Bag of Preparation"},{"floor":31,"key":"Paper Frog"}],"event_choices":[{"damage_healed":0.0,"max_hp_gain":0.0,"max_hp_loss":0.0,"gold_gain":75.0,"event_name":"World of Goop","player_choice":"Gather Gold","floor":8.0,"gold_loss":0.0,"damage_taken":11.0},{"damage_healed":0.0,"max_hp_gain":0.0,"max_hp_loss":0.0,"gold_gain":0.0,"event_name":"Shining Light","player_choice":"Entered Light","floor":10.0,"gold_loss":0.0,"damage_taken":16.0,"cards_upgraded":["Strike_R","Defend_R"]},{"damage_healed":0.0,"max_hp_gain":0.0,"max_hp_loss":0.0,"gold_gain":0.0,"event_name":"Duplicator","player_choice":"Copied","floor":19.0,"gold_loss":0.0,"damage_taken":0.0,"cards_obtained":["Flex"]},{"damage_healed":0.0,"max_hp_gain":5.0,"max_hp_loss":0.0,"gold_gain":0.0,"event_name":"Forgotten Altar","player_choice":"Shed Blood","floor":21.0,"gold_loss":0.0,"damage_taken":20.0},{"damage_healed":0.0,"max_hp_gain":0.0,"max_hp_loss":0.0,"gold_gain":0.0,"event_name":"Ghosts","player_choice":"Ignored","floor":24.0,"gold_loss":0.0,"damage_taken":0.0},{"damage_healed":0.0,"max_hp_gain":0.0,"max_hp_loss":0.0,"gold_gain":0.0,"event_name":"Drug Dealer","player_choice":"Inject Mutagens","floor":25.0,"gold_loss":0.0,"damage_taken":0.0,"relics_obtained":["MutagenicStrength"]}],"is_beta":false,"boss_relics":[{"not_picked":["Runic Pyramid","Coffee Dripper"],"picked":"Busted Crown"}],"items_purged_floors":[3],"is_endless":false,"potions_floor_spawned":[7,11,13,16,18,22,23,28,31],"killed_by":"Automaton","ascension_level":0}}