{"host":"ynimr9ugvc6f046i","time":1613449733,"event":{"mods":["2.2 Compatiblity","BaseMod","Colored Map","DeckTracker","Highlight Path","Keyboard Shortcuts","Minty Spire (QoL Compilation)","Permanent Neow","Quick Restart","StSLib","SuperFastMode"],"gold_per_floor":[109,34,34,34,34,34,53,78,152,74,74,149,149,149],"floor_reached":13,"language":"KOR","playtime":125,"items_purged":["Defend_B"],"score":142,"play_id":"1c3275aa-b7f5-471f-8273-d9dcf8f9bcbb","local_time":"20210216132853","is_ascension_mode":true,"campfire_choices":[{"data":"Zap","floor":6,"key":"SMITH"},{"data":"Defragment","floor":11,"key":"SMITH"}],"circlet_count":0,"master_deck":["AscendersBane","Strike_B+1","Strike_B","Strike_B","Defend_B","Defend_B+1","Zap+1","Dualcast","FTL","Sweeping Beam","Defragment+1"],"relics":["Cracked Core","Golden Idol","Meat on the Bone"],"acts_visited":["Exordium"],"potions_floor_usage":[],"damage_taken":[{"damage":0,"enemies":"2 Louse","floor":1,"turns":3},{"damage":0,"enemies":"Small Slimes","floor":7,"turns":2},{"damage":12,"enemies":"Jaw Worm","floor":8,"turns":2},{"damage":12,"enemies":"3 Sentries","floor":13,"turns":3}],"seed_played":"-3305409325457067688","potions_obtained":[],"is_trial":false,"path_per_floor":["M","$","?","?","?","R","M","M","T","$","R","?","E"],"character_chosen":"DEFECT","items_purchased":["Defragment"],"campfire_rested":0,"item_purchase_floors":[10],"current_hp_per_floor":[46,46,25,25,30,30,30,18,18,18,18,7,7,7],"gold":149,"neow_bonus":"REMOVE_TWO","is_daily":false,"chose_seed":false,"campfire_upgraded":2,"win_rate":0.0,"timestamp":1613449733,"path_taken":["M","$","?","?","?","R","M","M","T","?","R","?","E"],"items_purchased_type":["Card"],"build_version":"2020-12-22","purchased_purges":1,"victory":false,"max_hp_per_floor":[71,71,71,64,69,69,69,69,69,69,69,69,69,69],"card_choices":[{"not_picked":["Beam Cell","Reinforced Body","Scrape"],"picked":"SKIP","floor":1},{"not_picked":["Consume","Auto Shields"],"picked":"FTL","floor":7},{"not_picked":["Coolheaded","Go for the Eyes"],"picked":"Sweeping Beam","floor":8}],"player_experience":580645,"relics_obtained":[{"floor":9,"key":"Meat on the Bone"}],"event_choices":[{"damage_healed":0,"gold_gain":0,"player_choice":"Entered Light","damage_taken":21,"max_hp_gain":0,"max_hp_loss":0,"event_name":"Shining Light","floor":3,"gold_loss":0,"cards_upgraded":["Defend_B","Strike_B"]},{"damage_healed":0,"gold_gain":0,"player_choice":"Lose Max HP","damage_taken":0,"relics_obtained":["Golden Idol"],"max_hp_gain":0,"max_hp_loss":7,"event_name":"Golden Idol","floor":4,"gold_loss":0},{"damage_healed":0,"gold_gain":0,"player_choice":"Donut","damage_taken":0,"max_hp_gain":5,"max_hp_loss":0,"event_name":"Big Fish","floor":5,"gold_loss":0},{"damage_healed":0,"gold_gain":75,"player_choice":"Gather Gold","damage_taken":11,"max_hp_gain":0,"max_hp_loss":0,"event_name":"World of Goop","floor":12,"gold_loss":0}],"is_beta":false,"boss_relics":[],"items_purged_floors":[2],"is_endless":false,"potions_floor_spawned":[],"killed_by":"3 Sentries","ascension_level":20}}