{"host":"za1qviwhp34x909e","time":1613443879,"event":{"mods":["Act Like it!","BaseMod","Colored Map","Colored Powertips","Downfall","Highlight Path","Hubris","Koishi","Marisa????????","Minty Spire (QoL Compilation)","Quick Restart","Reimu??????","Replay The Spire","StSLib","The Servant 0.9.4"],"gold_per_floor":[109,22,22,33,33,33,65,88,115,141,141,141,154,187,187,291,291,302,318,318,200,218,95,95,122,122,150,150,110,125,125,125,75,75],"floor_reached":33,"language":"ENG","playtime":2013,"items_purged":["Replay:Hysterical Blindness","Strike_S"],"score":466,"play_id":"d42383a1-69cf-4c23-ad78-a0550d9bba74","local_time":"20210215205119","is_ascension_mode":true,"campfire_choices":[{"data":"Sabotage","floor":6,"key":"SMITH"},{"data":"Potential","floor":15,"key":"SMITH"},{"data":"Deny","floor":24,"key":"SMITH"},{"data":"Defy","floor":28,"key":"SMITH"},{"data":"Defy","floor":32,"key":"SMITH"}],"circlet_count":0,"master_deck":["Strike_S","Strike_S","Defend_S","Defend_S","Defend_S","Defend_S","KidneyShot","Exchange","GearUp","Sabotage+1","Spin","Potential+1","Defy+1","TheWorld","Contraction","InstantArmor","Deny+1","Replace","MoonPhase+1","Defy+1","Duplication","Snipe","Desolation","Spin","Potential","ShatteredReality","Defy+1","Barrier","GearUp","Alleviate"],"relics":["Uniform","NeowsBlessing","ReplayTheSpireMod:Ring of Exchange","Boot","Happy Flower","Akabeko","hubris:MysteriousPyramids","hubris:Icosahedron","White Beast Statue","Replay:Rubber Ducky","Membership Card","Onion Ring","Garlic","OldScarf","ZunR:ReiMu"],"acts_visited":["Exordium","TheCity"],"potions_floor_usage":[14,14,16,18,19,22,25,25,33,33],"damage_taken":[{"damage":0,"enemies":"Jaw Worm","floor":1,"turns":1},{"damage":0,"enemies":"2 Louse","floor":4,"turns":1},{"damage":0,"enemies":"Lagavulin","floor":7,"turns":1},{"damage":33,"enemies":"Gremlin Nob","floor":10,"turns":6},{"damage":0,"enemies":"Small Slimes","floor":13,"turns":1},{"damage":0,"enemies":"Lagavulin","floor":14,"turns":7},{"damage":0,"enemies":"Fading Forest","floor":16,"turns":11},{"damage":12,"enemies":"2 Thieves","floor":18,"turns":3},{"damage":1,"enemies":"3 Byrds","floor":19,"turns":3},{"damage":13,"enemies":"Snake Plant","floor":22,"turns":5},{"damage":0,"enemies":"Slavers","floor":25,"turns":3},{"damage":7,"enemies":"Book of Stabbing","floor":27,"turns":6},{"damage":0,"enemies":"Snecko","floor":30,"turns":3},{"damage":45,"enemies":"Automaton","floor":33,"turns":12}],"seed_played":"6111212986975184190","potions_obtained":[{"floor":10,"key":"Strength Potion"},{"floor":13,"key":"ColorlessPotion"},{"floor":14,"key":"Strength Potion"},{"floor":16,"key":"LiquidBronze"},{"floor":18,"key":"hexamod:SoulburnPotion"},{"floor":19,"key":"PowerPotion"},{"floor":22,"key":"Milkshake"},{"floor":25,"key":"Energy Potion"},{"floor":27,"key":"FearPotion"},{"floor":30,"key":"Energy Potion"}],"is_trial":false,"path_per_floor":["M","$","?","M","?","R","E","T","T","E","?","?","M","E","R","B",null,"M","M","?","$","M","$","R","E","T","E","R","?","M","?","R","B"],"character_chosen":"THE_SERVANT","items_purchased":["Sabotage","Spin","Snipe","Desolation","Block Potion","Potential","ShatteredReality","Defy+1"],"campfire_rested":0,"item_purchase_floors":[2,2,21,21,21,23,23,23],"current_hp_per_floor":[65,65,65,65,58,58,58,58,58,25,25,25,25,25,25,35,65,53,52,52,52,39,39,39,39,39,32,32,32,32,32,32,0,0],"gold":75,"neow_bonus":"THREE_ENEMY_KILL","is_daily":false,"chose_seed":false,"campfire_upgraded":5,"win_rate":0.0,"timestamp":1613443879,"path_taken":["M","$","?","M","?","R","E","?","T","E","?","?","?","E","R","BOSS","M","M","?","$","?","$","R","E","T","E","R","?","M","?","R","BOSS"],"items_purchased_type":["Card","Card","Card","Card","Potion","Card","Card","Card"],"build_version":"2020-12-22","purchased_purges":2,"victory":false,"max_hp_per_floor":[65,65,65,65,65,65,65,65,65,65,65,65,65,65,65,65,65,65,65,65,65,65,65,65,65,65,65,65,65,65,65,65,65,65],"card_choices":[{"not_picked":["Alleviate","RealityMarble"],"picked":"GearUp","floor":1},{"not_picked":["TimeWarp","Ricochet"],"picked":"Potential","floor":4},{"not_picked":["Contraction","SpecialFormula"],"picked":"Defy","floor":7},{"not_picked":["Spin","Rewind"],"picked":"TheWorld","floor":10},{"not_picked":["Spin","Collapse"],"picked":"Contraction","floor":13},{"not_picked":["SilverBlades","Replace"],"picked":"InstantArmor","floor":14},{"not_picked":["ForgedInTime","SoulSculpture"],"picked":"Deny","floor":16},{"not_picked":["Unruled","Spin"],"picked":"Replace","floor":18},{"not_picked":["Alleviate","RealityMarble"],"picked":"MoonPhase+1","floor":19},{"not_picked":["FanOfKnives+1","Unruled"],"picked":"Spin","floor":22},{"not_picked":["Luminosity","Defy"],"picked":"Barrier","floor":25},{"not_picked":["Replace","Ricochet"],"picked":"GearUp","floor":27},{"not_picked":["TimeTheft+1","FastForward"],"picked":"Alleviate","floor":30}],"player_experience":732450,"relics_obtained":[{"floor":3,"key":"ReplayTheSpireMod:Ring of Exchange"},{"floor":7,"key":"Boot"},{"floor":8,"key":"Happy Flower"},{"floor":9,"key":"Akabeko"},{"floor":10,"key":"hubris:MysteriousPyramids"},{"floor":14,"key":"Replay:Rubber Ducky"},{"floor":25,"key":"Onion Ring"},{"floor":26,"key":"Garlic"},{"floor":27,"key":"OldScarf"}],"event_choices":[{"cards_removed":["Hallucinations"],"damage_healed":0,"gold_gain":0,"player_choice":"Card Removal","damage_taken":7,"max_hp_gain":0,"max_hp_loss":0,"event_name":"Golden Wing","floor":5,"gold_loss":0},{"damage_healed":0,"gold_gain":0,"player_choice":"Gave Potion","damage_taken":0,"relics_obtained":["White Beast Statue"],"max_hp_gain":0,"max_hp_loss":0,"event_name":"WeMeetAgain","floor":12,"gold_loss":0},{"damage_healed":0,"gold_gain":0,"player_choice":"3 cards matched","damage_taken":0,"max_hp_gain":0,"max_hp_loss":0,"event_name":"Match and Keep!","floor":20,"gold_loss":0,"cards_obtained":["Replay:Hysterical Blindness","Defy","Duplication"]},{"damage_healed":0,"gold_gain":0,"player_choice":"Keep O-miki","damage_taken":0,"relics_obtained":["ZunR:ReiMu"],"max_hp_gain":0,"max_hp_loss":0,"event_name":"ZunEvent","floor":29,"gold_loss":40},{"cards_removed":["Strike_S"],"damage_healed":0,"gold_gain":0,"player_choice":"Elegance","damage_taken":0,"max_hp_gain":0,"max_hp_loss":0,"event_name":"Back to Basics","floor":31,"gold_loss":0}],"is_beta":false,"boss_relics":[{"not_picked":["TheAbacus","Toolbox"],"picked":"Membership Card"}],"items_purged_floors":[21,23],"is_endless":false,"potions_floor_spawned":[10,13,14,16,18,19,22,25,27,30],"killed_by":"Automaton","ascension_level":2}}