{"host":"ace4y8wgj0fxngh2","time":1613441878,"event":{"mods":["BaseMod","Colored Map","Colored Powertips","Minty Spire (QoL Compilation)","StSLib"],"gold_per_floor":[117,117,135,210,111,138,166,236,260,270,288,351,210,222,222,320,320,333,385,17,36,36,64,64,99,111,48,60,72,101,113,125,235,247,279,291,318,330,355,367,379,119,168,0,26,39,39,39],"floor_reached":47,"language":"ENG","playtime":2314,"items_purged":["Strike_R","Strike_R","Defend_R"],"score":600,"play_id":"2260cb9a-2e78-41cd-b2c6-cb13377237c3","local_time":"20210215211758","is_ascension_mode":true,"campfire_choices":[{"data":"Infernal Blade","floor":15.0,"key":"SMITH"},{"data":"Barricade","floor":24.0,"key":"SMITH"},{"data":"Whirlwind","floor":32.0,"key":"SMITH"},{"data":"Whirlwind","floor":40,"key":"SMITH"}],"circlet_count":0,"master_deck":["Strike_R+1","Strike_R+1","Defend_R+1","Defend_R","Defend_R","Bash","Infernal Blade+1","Cleave+1","True Grit","Pommel Strike","Infernal Blade","Barricade+1","Iron Wave","Feel No Pain","Impervious","Whirlwind+1","Whirlwind+1","Shrug It Off+1","Infernal Blade+1","Limit Break","Inflame+1","Apotheosis","Madness","Madness","Madness","Parasite"],"relics":["Burning Blood","NeowsBlessing","MealTicket","Odd Mushroom","Bronze Scales","Tiny Chest","Vajra","Coffee Dripper","Whetstone","Peace Pipe","Bottled Tornado","MawBank","Pen Nib","Pantograph","Runic Cube","Bag of Marbles","Strawberry","Red Mask","Singing Bowl"],"acts_visited":[],"potions_floor_usage":[45],"damage_taken":[{"damage":0.0,"enemies":"2 Louse","floor":1.0,"turns":1.0},{"damage":0.0,"enemies":"Jaw Worm","floor":3.0,"turns":1.0},{"damage":0.0,"enemies":"Lagavulin","floor":6.0,"turns":1.0},{"damage":16.0,"enemies":"The Mushroom Lair","floor":7.0,"turns":5.0},{"damage":13.0,"enemies":"3 Sentries","floor":8.0,"turns":6.0},{"damage":0.0,"enemies":"Cultist","floor":10.0,"turns":2.0},{"damage":13.0,"enemies":"Lots of Slimes","floor":11.0,"turns":3.0},{"damage":18.0,"enemies":"3 Sentries","floor":12.0,"turns":5.0},{"damage":36.0,"enemies":"Large Slime","floor":14.0,"turns":4.0},{"damage":35.0,"enemies":"Hexaghost","floor":16.0,"turns":10.0},{"damage":5.0,"enemies":"Shell Parasite","floor":18.0,"turns":6.0},{"damage":10.0,"enemies":"Chosen","floor":21.0,"turns":2.0},{"damage":37.0,"enemies":"Book of Stabbing","floor":23.0,"turns":6.0},{"damage":27.0,"enemies":"Slavers","floor":25.0,"turns":3.0},{"damage":0.0,"enemies":"Snecko","floor":30.0,"turns":4.0},{"damage":32.0,"enemies":"Automaton","floor":33.0,"turns":11.0},{"damage":0,"enemies":"3 Shapes","floor":35,"turns":2},{"damage":51,"enemies":"3 Darklings","floor":37,"turns":3},{"damage":0,"enemies":"4 Shapes","floor":39,"turns":3},{"damage":10,"enemies":"Nemesis","floor":45,"turns":5},{"damage":20,"enemies":"Writhing Mass","floor":46,"turns":5},{"damage":31,"enemies":"Giant Head","floor":47,"turns":7}],"seed_played":"8236603757066643092","potions_obtained":[{"floor":3.0,"key":"SteroidPotion"},{"floor":6.0,"key":"ColorlessPotion"},{"floor":14.0,"key":"BloodPotion"},{"floor":16.0,"key":"Ancient Potion"},{"floor":18.0,"key":"Explosive Potion"},{"floor":23.0,"key":"SmokeBomb"},{"floor":30.0,"key":"Block Potion"},{"floor":33.0,"key":"Energy Potion"},{"floor":45,"key":"Dexterity Potion"}],"is_trial":false,"path_per_floor":["M","?","M","?","$","E","?","E","T","M","M","?","$","M","R","B",null,"M","T","$","M","$","E","R","E","T","?","$","T","M","$","R","B",null,"M","?","M","?","M","R","T","$","T","?","E","M","E"],"character_chosen":"IRONCLAD","items_purchased":["True Grit","Feel No Pain","Whirlwind","Peace Pipe","Bag of Marbles"],"campfire_rested":0,"item_purchase_floors":[5,13,20,20,42],"current_hp_per_floor":[80,64,70,59,59,65,55,48,48,54,47,35,50,20,20,7,80,80,80,80,76,80,49,49,28,28,28,43,43,49,64,64,54,80,80,70,25,15,21,21,21,36,43,43,41,29,0,0],"gold":39,"neow_bonus":"THREE_ENEMY_KILL","is_daily":false,"chose_seed":false,"campfire_upgraded":4,"win_rate":0.0,"timestamp":1613441878,"path_taken":["M","?","M","?","?","E","?","E","T","M","?","?","?","M","R","BOSS","M","?","$","?","?","E","R","E","T","?","$","?","?","$","R","BOSS","M","?","M","?","M","R","?","$","T","?","E","M","E"],"items_purchased_type":["Card","Card","Card","Relic","Relic"],"build_version":"2020-12-22","purchased_purges":3,"victory":false,"max_hp_per_floor":[80,80,80,80,80,80,80,80,80,80,80,80,80,80,80,80,80,80,80,80,80,80,80,80,80,80,80,80,80,80,80,80,80,80,80,80,80,80,80,80,80,80,87,87,89,91,91,91],"card_choices":[{"not_picked":["Shrug It Off","Twin Strike"],"picked":"Infernal Blade","floor":1.0},{"not_picked":["Hemokinesis","Iron Wave"],"picked":"Cleave","floor":3.0},{"not_picked":["Burning Pact","Havoc","Clothesline"],"picked":"SKIP","floor":6.0},{"not_picked":["Infernal Blade","Headbutt"],"picked":"Pommel Strike","floor":7.0},{"not_picked":["Heavy Blade","Wild Strike"],"picked":"Infernal Blade","floor":8.0},{"not_picked":["Warcry","Hemokinesis","Dark Embrace"],"picked":"SKIP","floor":10.0},{"not_picked":["Seeing Red","Shrug It Off"],"picked":"Barricade","floor":11.0},{"not_picked":["True Grit","Clash"],"picked":"Iron Wave","floor":12.0},{"not_picked":["Warcry","Combust","Wild Strike"],"picked":"SKIP","floor":14.0},{"not_picked":["Corruption","Brutality"],"picked":"Impervious","floor":16.0},{"not_picked":["Dark Embrace","Clash"],"picked":"Whirlwind","floor":18.0},{"not_picked":["Havoc+1","Iron Wave","Intimidate+1"],"picked":"SKIP","floor":21.0},{"not_picked":["Combust","Spot Weakness+1"],"picked":"Shrug It Off+1","floor":23.0},{"not_picked":["Warcry+1","Searing Blow","Headbutt+1"],"picked":"SKIP","floor":25.0},{"not_picked":["Sentinel","Offering"],"picked":"Infernal Blade+1","floor":30.0},{"not_picked":["Barricade","Reaper"],"picked":"Limit Break","floor":33.0},{"not_picked":["Seeing Red+1","Carnage+1"],"picked":"Inflame+1","floor":35},{"not_picked":["Thinking Ahead","Transmutation"],"picked":"Apotheosis","floor":36},{"not_picked":["Swift Strike","Flash of Steel"],"picked":"Madness","floor":36},{"not_picked":["Sword Boomerang","Perfected Strike","Combust+1"],"picked":"SKIP","floor":37},{"not_picked":["Sever Soul","Thunderclap+1","True Grit"],"picked":"SKIP","floor":39},{"not_picked":["Thunderclap","Shrug It Off+1","Feel No Pain"],"picked":"Singing Bowl","floor":45},{"not_picked":["Carnage+1","Flame Barrier","Clothesline+1"],"picked":"Singing Bowl","floor":46}],"player_experience":144116,"relics_obtained":[{"floor":6.0,"key":"MealTicket"},{"floor":7.0,"key":"Odd Mushroom"},{"floor":8.0,"key":"Bronze Scales"},{"floor":9.0,"key":"Tiny Chest"},{"floor":12.0,"key":"Vajra"},{"floor":19.0,"key":"Whetstone"},{"floor":23.0,"key":"Bottled Tornado"},{"floor":25.0,"key":"MawBank"},{"floor":26.0,"key":"Pen Nib"},{"floor":29.0,"key":"Pantograph"},{"floor":43,"key":"Strawberry"},{"floor":45,"key":"Singing Bowl"}],"event_choices":[{"damage_healed":0.0,"max_hp_gain":0.0,"max_hp_loss":0.0,"gold_gain":0.0,"event_name":"Shining Light","player_choice":"Entered Light","floor":2.0,"gold_loss":0.0,"damage_taken":16.0,"cards_upgraded":["Strike_R","Defend_R"]},{"damage_healed":0.0,"max_hp_gain":0.0,"max_hp_loss":0.0,"gold_gain":75.0,"event_name":"World of Goop","player_choice":"Gather Gold","floor":4.0,"gold_loss":0.0,"damage_taken":11.0},{"damage_healed":0.0,"max_hp_gain":0.0,"max_hp_loss":0.0,"gold_gain":0.0,"event_name":"Mushrooms","player_choice":"Fought Mushrooms","floor":7.0,"gold_loss":0.0,"damage_taken":0.0},{"damage_healed":0.0,"max_hp_gain":0.0,"max_hp_loss":0.0,"gold_gain":0.0,"event_name":"Dead Adventurer","player_choice":"Searched \u00272\u0027 times","floor":12.0,"gold_loss":0.0,"damage_taken":0.0},{"cards_removed":["Strike_R"],"damage_healed":0.0,"max_hp_gain":0.0,"max_hp_loss":0.0,"gold_gain":0.0,"event_name":"Beggar","player_choice":"Gave Gold","floor":27.0,"gold_loss":75.0,"damage_taken":0.0},{"damage_healed":0,"gold_gain":0,"player_choice":"Memory 3","damage_taken":10,"max_hp_gain":0,"max_hp_loss":0,"event_name":"SensoryStone","floor":36,"gold_loss":0},{"damage_healed":0,"gold_gain":0,"player_choice":"Embrace Madness","damage_taken":10,"max_hp_gain":0,"max_hp_loss":0,"event_name":"Winding Halls","floor":38,"gold_loss":0,"cards_obtained":["Madness","Madness"]},{"damage_healed":0,"gold_gain":0,"player_choice":"Paid","damage_taken":0,"relics_obtained":["Red Mask"],"max_hp_gain":0,"max_hp_loss":0,"event_name":"Tomb of Lord Red Mask","floor":44,"gold_loss":168}],"is_beta":false,"boss_relics":[{"not_picked":["Fusion Hammer","Cursed Key"],"picked":"Coffee Dripper"},{"not_picked":["Calling Bell","Runic Pyramid"],"picked":"Runic Cube"}],"items_purged_floors":[5,13,42],"is_endless":false,"potions_floor_spawned":[3,6,14,16,18,23,30,33,37,45],"killed_by":"Giant Head","ascension_level":1}}