{"host":"v3uiz0f6o9fje2a8","time":1613513597,"event":{"mods":["AchievementEnabler","Act Like it!","BaseMod","Block Reminder","Colored Map","Colored Powertips","Downfall","Infinite Spire","Jorbs\u0027s Wanderer Trilogy","Minty Spire (QoL Compilation)","Rare Cards Sparkle","Robot Space Explorer","StSLib","The Hierophant","The Marked","The Runesmith"],"gold_per_floor":[117,132,151,151,170,182,182,182],"floor_reached":7,"language":"ENG","playtime":309,"items_purged":[],"score":45,"play_id":"5e75d498-3d42-4607-8176-334d1c9ccf72","local_time":"20210216221317","is_ascension_mode":false,"campfire_choices":[],"circlet_count":0,"master_deck":["Strike_B","Strike_B","Strike_B","Strike_B","Defend_B","Defend_B","Defend_B","Defend_B","Zap","Dualcast","Leap","Storm+1","Self Repair","Coolheaded","Leap"],"relics":["Cracked Core"],"acts_visited":["Exordium"],"potions_floor_usage":[],"damage_taken":[{"damage":6,"enemies":"Cultist","floor":1,"turns":3},{"damage":3,"enemies":"Small Slimes","floor":2,"turns":3},{"damage":11,"enemies":"Jaw Worm","floor":3,"turns":3},{"damage":24,"enemies":"Exordium Thugs","floor":5,"turns":3},{"damage":15,"enemies":"Blue Slaver","floor":6,"turns":4},{"damage":41,"enemies":"Lagavulin","floor":7,"turns":9}],"seed_played":"-4317604432388959316","potions_obtained":[{"floor":2,"key":"Weak Potion"},{"floor":5,"key":"FearPotion"}],"is_trial":false,"path_per_floor":["M","M","M","?","M","M","E"],"character_chosen":"DEFECT","items_purchased":[],"campfire_rested":0,"item_purchase_floors":[],"current_hp_per_floor":[76,73,62,62,45,37,0,0],"gold":182,"neow_bonus":"TEN_PERCENT_HP_BONUS","is_daily":false,"chose_seed":false,"campfire_upgraded":0,"win_rate":0.0,"timestamp":1613513597,"path_taken":["M","?","M","?","?","M","E"],"items_purchased_type":[],"build_version":"2020-12-22","purchased_purges":0,"victory":false,"max_hp_per_floor":[82,82,82,82,82,82,82,82],"card_choices":[{"not_picked":["Gash","Stack"],"picked":"Leap","floor":1},{"not_picked":["Glacier","Chill"],"picked":"Storm","floor":2},{"not_picked":["Blizzard","Stack"],"picked":"Self Repair","floor":3},{"not_picked":["Conserve Battery","Turbo"],"picked":"Coolheaded","floor":5},{"not_picked":["Turbo","Go for the Eyes"],"picked":"Leap","floor":6}],"player_experience":69459,"relics_obtained":[],"event_choices":[{"damage_healed":0,"gold_gain":0,"player_choice":"Upgraded","damage_taken":0,"max_hp_gain":0,"max_hp_loss":0,"event_name":"Upgrade Shrine","floor":4,"gold_loss":0,"cards_upgraded":["Storm"]}],"is_beta":false,"boss_relics":[],"items_purged_floors":[],"is_endless":false,"potions_floor_spawned":[2,5],"killed_by":"Lagavulin","ascension_level":0}}