{"host":"xu4bnwtq7hv5gr1m","time":1613484309,"event":{"mods":["100% Spire Juice","Act Like it!","Aspiration","BaseMod","Conspire","Hubris","Lobotomy","LobotomyExtend","Marked Mod","Minty Spire (QoL Compilation)","Reliquary","Replay The Spire","Ruina","StSLib","°æ“≈ŒÔø®≈∆°øREMEMod","≤–¡Ù÷ÆŒÔ"],"gold_per_floor":[116,116,135,135,155,189,189,217,217,235,3,3,16,36,36,95,95,108,123,123,140,140,140,172,172,172,26,54,54,66,66,66,168,168,130,130,149,159,173,203,203,257,257,257,257,257,257,273,273,273],"floor_reached":51,"language":"ZHS","playtime":2807,"items_purged":["PlaceholderMod:BaseStrike"],"score":975,"play_id":"514a889b-6c4c-4ae4-b6f4-e30d22c6c477","local_time":"20210216220509","is_ascension_mode":false,"campfire_choices":[{"data":"PlaceholderMod:Activation","floor":7,"key":"SMITH"},{"data":"PlaceholderMod:StressReaction","floor":12,"key":"SMITH"},{"data":"PlaceholderMod:ComplexForm","floor":15,"key":"SMITH"},{"data":"PlaceholderMod:MultiReaction","floor":23,"key":"SMITH"},{"data":"PlaceholderMod:Hard","floor":25,"key":"SMITH"},{"data":"REME_ShortnessOfBreath","floor":29,"key":"SMITH"},{"data":"PlaceholderMod:SeverePoisonStrike","floor":32,"key":"SMITH"},{"data":"PlaceholderMod:GrowthForm","floor":41,"key":"SMITH"},{"data":"PlaceholderMod:MultiReaction","floor":44,"key":"SMITH"},{"data":"PlaceholderMod:HardStrike","floor":47,"key":"SMITH"},{"data":"PlaceholderMod:StressReaction","floor":49,"key":"SMITH"}],"circlet_count":0,"master_deck":["PlaceholderMod:BaseStrike","PlaceholderMod:BaseStrike","PlaceholderMod:BaseDefend","PlaceholderMod:BaseDefend","PlaceholderMod:BaseDefend","PlaceholderMod:BaseDefend","PlaceholderMod:BaseDefend","PlaceholderMod:Crystal","PlaceholderMod:PoisonWhip","PlaceholderMod:Activation+1","PlaceholderMod:StressReaction+1","PlaceholderMod:HardStrike+1","PlaceholderMod:Hard+1","PlaceholderMod:ComplexForm+1","PlaceholderMod:SeverePoisonStrike+1","PlaceholderMod:ThreeBenzyolStart","PlaceholderMod:NearChange","PlaceholderMod:MultiReaction+1","PlaceholderMod:SelectReaction+1","PlaceholderMod:ParasiteChange","PlaceholderMod:Colorful+1","PlaceholderMod:Assimilation","PlaceholderMod:Hard","PlaceholderMod:GrowthForm+1","PlaceholderMod:SevereHeat+1","PlaceholderMod:Corrosion+1","PlaceholderMod:SevereHeat+1","PlaceholderMod:MultiReaction+1","Thinking Ahead+1","Panache","Trip","PlaceholderMod:StressReaction+1"],"relics":["PlaceholderMod:Tancle","REME_ComplimentaryCards","LetterFromLob","hubris:Icosahedron","Lizard Tail","Regal Pillow","aspiration:SeaSaltIceCream","conspire:RunicOctahedron","hubris:HerbalPaste","Painkiller Herb","reliquary:OuijaBoard","Mummified Hand","aspiration:VileToxins","reliquary:SilkGlove","REME_DuelDisc","Letter Opener","Replay:Kaleidoscope","The Courier"],"acts_visited":["Exordium","ruina:Briah","TheBeyond"],"potions_floor_usage":[8,16,21,33,40,50],"damage_taken":[{"damage":1,"enemies":"Jaw Worm","floor":1,"turns":3},{"damage":0,"enemies":"2 Louse","floor":3,"turns":2},{"damage":0,"enemies":"Cultist","floor":5,"turns":4},{"damage":19,"enemies":"Gremlin Nob","floor":6,"turns":4},{"damage":8,"enemies":"Lagavulin","floor":8,"turns":7},{"damage":7,"enemies":"Exordium Thugs","floor":10,"turns":3},{"damage":1,"enemies":"Blue Slaver","floor":13,"turns":3},{"damage":0,"enemies":"2 Fungi Beasts","floor":14,"turns":3},{"damage":7,"enemies":"Fading Forest","floor":16,"turns":11},{"damage":2,"enemies":"ruina:BadWolf","floor":18,"turns":4},{"damage":14,"enemies":"ruina:Nosferatu","floor":19,"turns":4},{"damage":15,"enemies":"ruina:3_Scarecrows","floor":21,"turns":5},{"damage":0,"enemies":"ruina:ServantOfWrath","floor":24,"turns":4},{"damage":0,"enemies":"ruina:Mountain","floor":28,"turns":4},{"damage":0,"enemies":"ruina:KnightOfDespair","floor":30,"turns":3},{"damage":0,"enemies":"ruina:Red_and_Wolf","floor":33,"turns":5},{"damage":0,"enemies":"3 Shapes","floor":35,"turns":3},{"damage":0,"enemies":"Orb Walker","floor":37,"turns":3},{"damage":0,"enemies":"Spire Growth","floor":38,"turns":2},{"damage":0,"enemies":"3 Darklings","floor":39,"turns":3},{"damage":0,"enemies":"R_Hoarder","floor":40,"turns":3},{"damage":0,"enemies":"2 Orb Walkers","floor":42,"turns":2},{"damage":0,"enemies":"Sphere and 2 Shapes","floor":48,"turns":1},{"damage":27,"enemies":"conspire:OrnateMirror","floor":50,"turns":2},{"damage":26,"enemies":"Malkuth","floor":51,"turns":5},{"damage":7,"enemies":"Netzach","floor":51,"turns":6},{"damage":0,"enemies":"Geburah","floor":51,"turns":5},{"damage":0,"enemies":"Binah","floor":51,"turns":5},{"damage":0,"enemies":"Angela","floor":51,"turns":2}],"seed_played":"3739031994248451319","potions_obtained":[{"floor":1,"key":"Regen Potion"},{"floor":5,"key":"Ancient Potion"},{"floor":14,"key":"Dexterity Potion"},{"floor":16,"key":"Elixir"},{"floor":19,"key":"Swift Potion"},{"floor":28,"key":"BlessingOfTheForge"},{"floor":30,"key":"AttackPotion"},{"floor":35,"key":"LiquidBronze"}],"is_trial":false,"path_per_floor":["M","?","M","?","M","E","R","E","T","M","$","R","M","M","R","B",null,"?","?","?","?","?","T","E","T","T","T","E","T","?","?","T","B",null,"?","?","?","?","?","E","T","?","T","T","?","?","T","?","T","B",null],"character_chosen":"THE_PLACEHOLDER","items_purchased":["hubris:HerbalPaste","aspiration:VileToxins"],"campfire_rested":0,"item_purchase_floors":[11,27],"current_hp_per_floor":[77,77,77,77,77,58,58,62,62,55,55,55,59,64,64,71,78,78,64,64,55,71,71,77,77,77,77,83,83,88,88,88,99,99,103,103,107,111,115,115,115,119,119,119,109,109,109,113,113,93],"gold":273,"neow_bonus":"RANDOM_COLORLESS","is_daily":false,"chose_seed":false,"campfire_upgraded":11,"win_rate":0.0,"timestamp":1613484309,"path_taken":["M","?","M","?","M","E","R","E","T","M","$","R","M","M","R","BOSS","?","?","?","?","?","T","E","T","T","T","E","T","?","?","T","BOSS","?","?","?","?","?","E","T","?","T","T","?","?","T","?","T","BOSS"],"items_purchased_type":["Relic","Relic"],"build_version":"2020-12-22","purchased_purges":1,"victory":true,"max_hp_per_floor":[78,78,78,78,78,78,78,78,78,78,78,78,78,78,78,78,78,78,78,78,78,94,94,94,94,94,94,94,94,94,94,94,99,99,103,103,107,111,115,115,115,119,119,119,119,119,119,123,123,127],"card_choices":[{"not_picked":["Mind Blast","Replay:Sssssssssstrike"],"picked":"REME_ShortnessOfBreath","floor":0},{"not_picked":["PlaceholderMod:ProliferateStrike","PlaceholderMod:Crystallization"],"picked":"PlaceholderMod:StressReaction","floor":1},{"not_picked":["PlaceholderMod:HardStinger","PlaceholderMod:AngryAttack"],"picked":"PlaceholderMod:HardStrike","floor":3},{"not_picked":["PlaceholderMod:OHStrongAttack","PlaceholderMod:SeverePoisonStrike"],"picked":"PlaceholderMod:Hard","floor":5},{"not_picked":["PlaceholderMod:DiffusionChemical","PlaceholderMod:EnergyAbsorb"],"picked":"PlaceholderMod:ComplexForm","floor":6},{"not_picked":["PlaceholderMod:DissolvingSpikes","PlaceholderMod:SprayAttack"],"picked":"PlaceholderMod:SeverePoisonStrike","floor":8},{"not_picked":["PlaceholderMod:HardStinger","PlaceholderMod:ParasiteChange"],"picked":"PlaceholderMod:ThreeBenzyolStart","floor":10},{"not_picked":["PlaceholderMod:HardStinger","PlaceholderMod:Internalization","PlaceholderMod:DissolvingSpikes"],"picked":"SKIP","floor":13},{"not_picked":["PlaceholderMod:HornyBlast","PlaceholderMod:SelectReaction"],"picked":"PlaceholderMod:NearChange","floor":14},{"not_picked":["PlaceholderMod:HornyCollision","PlaceholderMod:CorePoison"],"picked":"PlaceholderMod:MultiReaction","floor":16},{"not_picked":["PlaceholderMod:EvolutionSpray","PlaceholderMod:PoisonAbsorb"],"picked":"PlaceholderMod:SelectReaction+1","floor":18},{"not_picked":["PlaceholderMod:TriggerStrike","PlaceholderMod:Break"],"picked":"PlaceholderMod:ParasiteChange","floor":19},{"not_picked":["PlaceholderMod:MultipleOxi","PlaceholderMod:DirectingGroup"],"picked":"PlaceholderMod:Colorful+1","floor":21},{"not_picked":["PlaceholderMod:AttackAsDefend","PlaceholderMod:CrystallizationStrike","PlaceholderMod:HornyBlast+1"],"picked":"SKIP","floor":24},{"not_picked":["PlaceholderMod:MultipleOxi","PlaceholderMod:RadicalHit"],"picked":"PlaceholderMod:Assimilation","floor":28},{"not_picked":["PlaceholderMod:PoisonAbsorb","PlaceholderMod:HornyBlast"],"picked":"PlaceholderMod:Hard","floor":30},{"not_picked":["PlaceholderMod:InnerSoften","PlaceholderMod:QualitativeChange"],"picked":"PlaceholderMod:GrowthForm","floor":33},{"not_picked":["PlaceholderMod:AttackAsDefend+1","PlaceholderMod:InnerStable"],"picked":"PlaceholderMod:SevereHeat+1","floor":35},{"not_picked":["PlaceholderMod:DirectingGroup+1","PlaceholderMod:CycleAttack","PlaceholderMod:Internalization+1"],"picked":"SKIP","floor":37},{"not_picked":["PlaceholderMod:ConsolidateHit+1","PlaceholderMod:StrongAcid"],"picked":"PlaceholderMod:Corrosion+1","floor":38},{"not_picked":["PlaceholderMod:HealingAttack","PlaceholderMod:Package+1"],"picked":"PlaceholderMod:SevereHeat+1","floor":39},{"not_picked":["PlaceholderMod:ConsolidateHit","PlaceholderMod:SeverePoisonStrike"],"picked":"PlaceholderMod:MultiReaction","floor":40},{"not_picked":["Secret Weapon","Sadistic Nature"],"picked":"Thinking Ahead","floor":45},{"not_picked":["REME_PuzzleBox","REME_AllRoundStrike"],"picked":"Panache","floor":45},{"not_picked":["Jack Of All Trades","Finesse"],"picked":"Trip","floor":45},{"not_picked":["PlaceholderMod:ConsolidateHit+1","PlaceholderMod:ProliferateStrike"],"picked":"PlaceholderMod:StressReaction","floor":48}],"player_experience":758710,"relics_obtained":[{"floor":1,"key":"LetterFromLob"},{"floor":6,"key":"Lizard Tail"},{"floor":8,"key":"Regal Pillow"},{"floor":9,"key":"aspiration:SeaSaltIceCream"},{"floor":24,"key":"reliquary:OuijaBoard"},{"floor":26,"key":"Mummified Hand"},{"floor":28,"key":"reliquary:SilkGlove"},{"floor":40,"key":"Letter Opener"},{"floor":42,"key":"Replay:Kaleidoscope"},{"floor":43,"key":"The Courier"}],"event_choices":[{"cards_removed":["PlaceholderMod:BaseStrike"],"damage_healed":0,"gold_gain":0,"player_choice":"Purged","damage_taken":0,"max_hp_gain":0,"max_hp_loss":0,"event_name":"Purifier","floor":4,"gold_loss":0},{"cards_removed":["REME_ShortnessOfBreath"],"damage_healed":0,"gold_gain":0,"player_choice":"Removed Skill","damage_taken":0,"max_hp_gain":0,"max_hp_loss":0,"event_name":"Falling","floor":36,"gold_loss":0},{"damage_healed":0,"gold_gain":0,"player_choice":"Fight","damage_taken":0,"max_hp_gain":0,"max_hp_loss":0,"event_name":"Mysterious Sphere","floor":42,"gold_loss":0},{"damage_healed":0,"gold_gain":0,"player_choice":"Memory 3","damage_taken":10,"max_hp_gain":0,"max_hp_loss":0,"event_name":"SensoryStone","floor":45,"gold_loss":0},{"damage_healed":0,"gold_gain":0,"player_choice":"Upgraded","damage_taken":0,"max_hp_gain":0,"max_hp_loss":0,"event_name":"Upgrade Shrine","floor":46,"gold_loss":0,"cards_upgraded":["Thinking Ahead"]}],"is_beta":false,"boss_relics":[{"not_picked":["SacredBark","ChewingGum"],"picked":"Painkiller Herb"},{"not_picked":["aspiration:RandomNobGenerator","hubris:BlackHole"],"picked":"REME_DuelDisc"}],"items_purged_floors":[11],"is_endless":false,"potions_floor_spawned":[1,5,14,16,19,28,30,35,39],"ascension_level":0}}