{"host":"dmtlrev5pkc1867p","time":1613455913,"event":{"mods":["A Magickal Journey","AchievementEnabler","BaseMod","Colored Map","Colored Powertips","Downfall","Hermit","Highlight Path","Hubris","Infinite Spire","Marisa¡]Ãú«B¡@Å]²z¨F¡^","Minty Spire (QoL Compilation)","Permanent Neow","Quick Restart","Rare Cards Sparkle","Relic Sorter","Relic Stats","Replay The Spire","StSLib","SuperFastMode","The Construct","The Cursed","The Disciple","The Hierophant","The Necromancer","The Runesmith","The Servant 0.9.4"],"gold_per_floor":[117,117,133,186,186,186,219,234,258,258,270,285,285,245,245,346,346,360,410,78,93,107,136,136,150,150,165,165,182,196,210,210,315,315,334,334,110,126,126,126,126,126,126,137,137,462,478,491,491,491,491,491,2,37,37,37],"floor_reached":55,"language":"ZHS","playtime":1680,"items_purged":[],"score":933,"play_id":"a2f8c968-faa6-4d30-8774-18053b5b6239","local_time":"20210216141152","is_ascension_mode":true,"campfire_choices":[{"floor":6.0,"key":"REST"},{"floor":10.0,"key":"REST"},{"floor":15.0,"key":"RECALL"},{"floor":28.0,"key":"REST"},{"floor":32.0,"key":"REST"},{"floor":40.0,"key":"REST"},{"floor":42.0,"key":"REST"},{"floor":49.0,"key":"REST"},{"floor":52.0,"key":"REST"}],"circlet_count":0,"master_deck":["Strike_R","Strike_R","Strike_R","Strike_R","Defend_R","Defend_R","Defend_R","Defend_R","Bash","Run Through","Blood for Blood","Carnage","Shrug It Off","Whirlwind","Immolate","Apotheosis","ReplayTheSpireMod:Muscle Training","Run Through","Replay:Fractal Strike","Heavy Blade+1","Pummel+1","Whirlwind","Body Slam","Intimidate","Berserk","Ghostly Armor","Inflame","Headbutt+1","Dark Shackles","Finesse","Panacea","Shrug It Off+1","Body Slam+1","Feed","Replay:Dark Deal","Bludgeon"],"relics":["Burning Blood","Lantern","Fusion Hammer","Vajra","MealTicket","Philosopher\u0027s Stone","TheAbacus","Replay:Towering Pillar of Hats","hubris:HollowSoul","Replay:Mystery Machine","Torii","infinitespire:ShieldingShard","hubris:Icosahedron","Old Coin","ClockworkSouvenir","hubris:SphereOfDissonance"],"acts_visited":["Exordium","TheCity","TheBeyond","TheEnding"],"potions_floor_usage":[54,54,55],"damage_taken":[{"damage":11.0,"enemies":"Cultist","floor":1.0,"turns":4.0},{"damage":0.0,"enemies":"Jaw Worm","floor":3.0,"turns":3.0},{"damage":45.0,"enemies":"3 Sentries","floor":7.0,"turns":9.0},{"damage":2.0,"enemies":"Small Slimes","floor":8.0,"turns":5.0},{"damage":16.0,"enemies":"Gremlin Gang","floor":11.0,"turns":6.0},{"damage":0.0,"enemies":"3 Louse","floor":12.0,"turns":3.0},{"damage":72.0,"enemies":"Slime Boss","floor":16.0,"turns":10.0},{"damage":13.0,"enemies":"Shell Parasite","floor":18.0,"turns":3.0},{"damage":0.0,"enemies":"3 Byrds","floor":21.0,"turns":2.0},{"damage":2.0,"enemies":"Cultist and Chosen","floor":22.0,"turns":5.0},{"damage":36.0,"enemies":"Nightmare","floor":23.0,"turns":8.0},{"damage":11.0,"enemies":"Centurion and Healer","floor":25.0,"turns":3.0},{"damage":1.0,"enemies":"3 Cultists","floor":27.0,"turns":3.0},{"damage":6.0,"enemies":"Cultist and Chosen","floor":29.0,"turns":3.0},{"damage":11.0,"enemies":"Centurion and Healer","floor":30.0,"turns":3.0},{"damage":1.0,"enemies":"Snake Plant","floor":31.0,"turns":1.0},{"damage":7.0,"enemies":"Collector","floor":33.0,"turns":7.0},{"damage":2.0,"enemies":"3 Darklings","floor":35.0,"turns":3.0},{"damage":3.0,"enemies":"Orb Walker","floor":38.0,"turns":3.0},{"damage":23.0,"enemies":"Jaw Worm Horde","floor":44.0,"turns":3.0},{"damage":0.0,"enemies":"3 Darklings","floor":47.0,"turns":1.0},{"damage":28.0,"enemies":"Writhing Mass","floor":48.0,"turns":4.0},{"damage":77.0,"enemies":"Donu and Deca","floor":50.0,"turns":7.0},{"damage":81,"enemies":"Shield and Spear","floor":54,"turns":6},{"damage":50,"enemies":"The Heart","floor":55,"turns":3}],"seed_played":"-2663274757990766705","potions_obtained":[{"floor":1.0,"key":"champ:CounterPotion"},{"floor":12.0,"key":"EntropicBrew"},{"floor":21.0,"key":"Elixir"},{"floor":23.0,"key":"champ:CounterPotion"},{"floor":27.0,"key":"Adrenaline Potion"},{"floor":30.0,"key":"Explosive Potion"},{"floor":33.0,"key":"SteroidPotion"},{"floor":38.0,"key":"infinitespire:BlackPotion"},{"floor":44.0,"key":"Reflective Coating"},{"floor":48.0,"key":"Venom Potion"}],"is_trial":false,"path_per_floor":["M","$","M","?","?","R","E","M","T","R","M","M","?","$","R","B",null,"M","?","$","M","M","NM","AVR","M","T","M","R","M","M","M","R","B",null,"M","?","$","M","?","R","?","R","T","M","?","?","M","M","R","B",null,"R","$","E","B"],"character_chosen":"IRONCLAD","items_purchased":["Whirlwind","Apotheosis","Vajra","Inflame","Replay:Mystery Machine","ClockworkSouvenir","Replay:Dark Deal","Block Potion","champ:CounterPotion","Weak Potion"],"campfire_rested":8,"item_purchase_floors":[14,20,20,37,37,53,53,53,53,53],"current_hp_per_floor":[62,62,68,68,59,87,48,52,52,80,70,76,76,76,76,10,75,68,68,68,74,78,48,48,43,43,48,76,76,71,76,96,95,96,96,96,96,96,86,96,96,96,96,79,79,79,85,63,91,24,81,100,100,25,0,0],"gold":37,"neow_bonus":"TWENTY_PERCENT_HP_BONUS","is_daily":false,"chose_seed":false,"campfire_upgraded":0,"win_rate":0.0,"timestamp":1613455912,"path_taken":["M","$","?","?","?","R","E","?","T","R","M","M","?","?","R","BOSS","BOSS","M","?","$","M","M","NM","AVR","M","T","M","R","?","M","M","R","BOSS","M","?","$","M","?","R","?","R","T","?","?","?","?","M","R","BOSS","R","$","E","BOSS"],"items_purchased_type":["Card","Card","Relic","Card","Relic","Relic","Card","Potion","Potion","Potion"],"build_version":"2020-12-22","purchased_purges":0,"victory":false,"max_hp_per_floor":[96,96,96,96,96,96,96,96,96,96,96,96,96,96,96,96,96,96,96,96,96,96,96,96,96,96,96,96,96,96,96,96,96,96,96,96,96,96,96,96,96,96,96,96,96,96,96,96,96,100,100,100,100,100,100,100],"relic_stats":{"TheAbacus":[12],"Torii":65,"counters":[25,111],"MealTicket":0,"obtain_stats":[{"Lantern":7,"Replay:Towering Pillar of Hats":26,"Torii":41,"Vajra":20,"hubris:SphereOfDissonance":54,"hubris:HollowSoul":34,"Replay:Mystery Machine":37,"Burning Blood":0,"Old Coin":46,"ClockworkSouvenir":53,"TheAbacus":24,"infinitespire:ShieldingShard":43,"hubris:Icosahedron":45,"MealTicket":23,"Philosopher\u0027s Stone":24,"Fusion Hammer":17},{"Lantern":3,"Replay:Towering Pillar of Hats":12,"Torii":19,"Vajra":8,"hubris:SphereOfDissonance":24,"hubris:HollowSoul":17,"Replay:Mystery Machine":18,"Burning Blood":0,"Old Coin":20,"ClockworkSouvenir":23,"TheAbacus":11,"infinitespire:ShieldingShard":19,"hubris:Icosahedron":20,"MealTicket":11,"Philosopher\u0027s Stone":11,"Fusion Hammer":7},{"Lantern":16,"Replay:Towering Pillar of Hats":61,"Torii":84,"Vajra":43,"hubris:SphereOfDissonance":105,"hubris:HollowSoul":78,"Replay:Mystery Machine":81,"Burning Blood":0,"Old Coin":87,"ClockworkSouvenir":99,"TheAbacus":58,"infinitespire:ShieldingShard":84,"hubris:Icosahedron":87,"MealTicket":58,"Philosopher\u0027s Stone":58,"Fusion Hammer":40}],"Burning Blood":137},"card_choices":[{"not_picked":["Massacre","Twin Strike"],"picked":"Run Through","floor":1.0},{"not_picked":["True Grit","Evolve"],"picked":"Blood for Blood","floor":3.0},{"not_picked":["Bloodletting","Twin Strike"],"picked":"Shrug It Off","floor":7.0},{"not_picked":["Wild Strike","Evolve","True Grit"],"picked":"SKIP","floor":8.0},{"not_picked":["Power Through","Perfected Strike"],"picked":"Carnage","floor":11.0},{"not_picked":["Pommel Strike","Flex"],"picked":"Shrug It Off","floor":12.0},{"not_picked":["hubris:StunningStrike","Demonic Infusion"],"picked":"Immolate","floor":16.0},{"not_picked":["Havoc","Sword Boomerang","Perfected Strike"],"picked":"SKIP","floor":18.0},{"not_picked":["True Grit+1","Power Through+1"],"picked":"ReplayTheSpireMod:Muscle Training","floor":21.0},{"not_picked":["Sword Boomerang","Feel No Pain"],"picked":"Run Through","floor":22.0},{"not_picked":["ReplayTheSpireMod:Echoes of Time","infinitespire:Collect"],"picked":"Replay:Fractal Strike","floor":23.0},{"not_picked":["Massacre","Body Slam"],"picked":"Heavy Blade+1","floor":23.0},{"not_picked":["Wild Strike","Warcry+1"],"picked":"Pummel+1","floor":25.0},{"not_picked":["ReplayTheSpireMod:Corrosion Curse","Combust"],"picked":"Whirlwind","floor":27.0},{"not_picked":["Massacre","True Grit"],"picked":"Body Slam","floor":29.0},{"not_picked":["Armaments","ReplayTheSpireMod:LeadingStrike","Perfected Strike"],"picked":"SKIP","floor":30.0},{"not_picked":["Warcry","True Grit"],"picked":"Intimidate","floor":31.0},{"not_picked":["Juggernaut","Corruption"],"picked":"Berserk","floor":33.0},{"not_picked":["Armaments","Hemokinesis"],"picked":"Ghostly Armor","floor":35.0},{"not_picked":["Pommel Strike+1","Searing Blow"],"picked":"Headbutt+1","floor":38.0},{"not_picked":["Master of Strategy","Good Instincts"],"picked":"Dark Shackles","floor":39.0},{"not_picked":["Specialist","Purity"],"picked":"Finesse","floor":39.0},{"not_picked":["Swift Strike","Survey Options"],"picked":"Panacea","floor":39.0},{"not_picked":["Havoc","Bloodletting+1"],"picked":"Shrug It Off+1","floor":44.0},{"not_picked":["Flex","ReplayTheSpireMod:Strike From Hell+1"],"picked":"Body Slam+1","floor":46.0},{"not_picked":["Ghostly Armor+1","infinitespire:OneForAll"],"picked":"Feed","floor":47.0},{"not_picked":["Wild Strike+1","Havoc+1","Clash+1"],"picked":"SKIP","floor":48.0},{"not_picked":["Armaments","Carnage+1"],"picked":"Bludgeon","floor":54}],"player_experience":712967,"relics_obtained":[{"floor":7.0,"key":"Lantern"},{"floor":23.0,"key":"MealTicket"},{"floor":26.0,"key":"Replay:Towering Pillar of Hats"},{"floor":43.0,"key":"infinitespire:ShieldingShard"},{"floor":46.0,"key":"Old Coin"},{"floor":54,"key":"hubris:SphereOfDissonance"}],"event_choices":[{"damage_healed":0.0,"max_hp_gain":0.0,"max_hp_loss":0.0,"gold_gain":53.0,"event_name":"Golden Wing","player_choice":"Gained Gold","floor":4.0,"gold_loss":0.0,"damage_taken":0.0},{"damage_healed":0.0,"max_hp_gain":0.0,"max_hp_loss":0.0,"gold_gain":0.0,"event_name":"Wheel of Change","player_choice":"Damaged","floor":5.0,"gold_loss":0.0,"damage_taken":9.0},{"cards_removed":["Strike_R"],"damage_healed":0.0,"max_hp_gain":0.0,"max_hp_loss":0.0,"gold_gain":0.0,"event_name":"Purifier","player_choice":"Purged","floor":13.0,"gold_loss":0.0,"damage_taken":0.0},{"damage_healed":0.0,"max_hp_gain":0.0,"max_hp_loss":0.0,"gold_gain":100.0,"event_name":"The Joust","player_choice":"Bet on Murderer","floor":19.0,"gold_loss":50.0,"damage_taken":0.0},{"cards_removed":["Shrug It Off"],"damage_healed":0.0,"max_hp_gain":0.0,"max_hp_loss":0.0,"gold_gain":0.0,"event_name":"Falling","player_choice":"Removed Skill","floor":36.0,"gold_loss":0.0,"damage_taken":0.0},{"damage_healed":0.0,"max_hp_gain":0.0,"max_hp_loss":0.0,"gold_gain":0.0,"event_name":"SensoryStone","player_choice":"Memory 3","floor":39.0,"gold_loss":0.0,"damage_taken":10.0},{"damage_healed":0.0,"max_hp_gain":0.0,"max_hp_loss":0.0,"gold_gain":0.0,"event_name":"WeMeetAgain","player_choice":"Gave Potion","floor":41.0,"gold_loss":0.0,"damage_taken":0.0,"relics_obtained":["Torii"]}],"is_beta":false,"boss_relics":[{"not_picked":["hubris:VirtuousBlindfold","Runic Pyramid"],"picked":"Fusion Hammer"},{"not_picked":["Black Star","Kintsugi"],"picked":"hubris:HollowSoul"}],"items_purged_floors":[],"is_endless":false,"potions_floor_spawned":[1,12,21,23,27,30,33,38,44,48],"killed_by":"The Heart","ascension_level":6}}