{"host":"8is2j71l4wmybkoi","time":1613480815,"event":{"mods":["AchievementEnabler","BaseMod","Colored Map","DeckTracker","Minty Spire (QoL Compilation)","Rare Cards Sparkle","Relic Stats","StSLib","SuperFastMode"],"gold_per_floor":[112,112,129,142,122,156,156,187,187,201,201,201,214,228,228,299,299,317,169,169,188,208,208,219,254,281,292,37,37,71,85,85,161,161,174,191,191,191,191,191,226,226,273,273,298,102,118,153,153,153,153,153,6,33,33],"floor_reached":56,"language":"KOR","playtime":2542,"items_purged":["Strike_R","Strike_R","Strike_R"],"score":2184,"play_id":"99180150-4b54-4340-bc58-f05a8845d283","local_time":"20210216220655","is_ascension_mode":true,"campfire_choices":[{"data":"Bash","floor":7.0,"key":"SMITH"},{"data":"Armaments","floor":11.0,"key":"SMITH"},{"data":"True Grit","floor":15.0,"key":"SMITH"},{"data":"Fiend Fire","floor":23.0,"key":"SMITH"},{"floor":32.0,"key":"REST"},{"data":"Limit Break","floor":40.0,"key":"SMITH"},{"data":"Blind","floor":44.0,"key":"SMITH"},{"floor":49,"key":"RECALL"},{"data":"Disarm","floor":52,"key":"SMITH"}],"circlet_count":0,"master_deck":["AscendersBane","Strike_R","Strike_R","Defend_R","Defend_R","Defend_R","Defend_R","Flame Barrier","Pummel","Dropkick","Inflame","Armaments+1","True Grit+1","Thunderclap","Fiend Fire+1","CurseOfTheBell","Havoc+1","Second Wind","Heavy Blade+1","Limit Break+1","Feel No Pain+1","Power Through","Evolve+1","Impervious","Sword Boomerang+1","Madness","Blind+1","Disarm+1","Writhe","Barricade+1","Dark Embrace+1","Shrug It Off+1"],"relics":["Burning Blood","Art of War","Juzu Bracelet","Du-Vu Doll","Frozen Egg 2","Charon\u0027s Ashes","Calling Bell","Oddly Smooth Stone","StrikeDummy","Mango","Dream Catcher","Centennial Puzzle","Vajra","Nilry\u0027s Codex","Red Skull","Coffee Dripper","Gambling Chip","Magic Flower","Ornamental Fan","Lantern"],"acts_visited":["Exordium","TheCity","TheBeyond","TheEnding"],"potions_floor_usage":[48,48,54,55],"damage_taken":[{"damage":14.0,"enemies":"2 Louse","floor":1.0,"turns":4.0},{"damage":6.0,"enemies":"Cultist","floor":3.0,"turns":3.0},{"damage":7.0,"enemies":"Jaw Worm","floor":4.0,"turns":3.0},{"damage":16.0,"enemies":"Lagavulin","floor":6.0,"turns":8.0},{"damage":32.0,"enemies":"Gremlin Nob","floor":8.0,"turns":4.0},{"damage":25.0,"enemies":"Gremlin Gang","floor":10.0,"turns":8.0},{"damage":2.0,"enemies":"Exordium Wildlife","floor":13.0,"turns":3.0},{"damage":0.0,"enemies":"Blue Slaver","floor":14.0,"turns":3.0},{"damage":0.0,"enemies":"Slime Boss","floor":16.0,"turns":8.0},{"damage":22.0,"enemies":"2 Thieves","floor":18.0,"turns":4.0},{"damage":22.0,"enemies":"Shell Parasite","floor":21.0,"turns":6.0},{"damage":2.0,"enemies":"Snake Plant","floor":22.0,"turns":2.0},{"damage":2.0,"enemies":"Cultist and Chosen","floor":24.0,"turns":4.0},{"damage":25.0,"enemies":"Book of Stabbing","floor":25.0,"turns":4.0},{"damage":6.0,"enemies":"Chosen and Byrds","floor":27.0,"turns":4.0},{"damage":11.0,"enemies":"Slavers","floor":30.0,"turns":3.0},{"damage":2.0,"enemies":"Shelled Parasite and Fungi","floor":31.0,"turns":3.0},{"damage":53.0,"enemies":"Automaton","floor":33.0,"turns":14.0},{"damage":18.0,"enemies":"3 Darklings","floor":35.0,"turns":4.0},{"damage":11.0,"enemies":"3 Shapes","floor":36.0,"turns":3.0},{"damage":17.0,"enemies":"Reptomancer","floor":41.0,"turns":8.0},{"damage":2.0,"enemies":"Mind Bloom Boss Battle","floor":45.0,"turns":5.0},{"damage":11,"enemies":"Writhing Mass","floor":47,"turns":4},{"damage":12,"enemies":"Nemesis","floor":48,"turns":5},{"damage":38,"enemies":"Time Eater","floor":50,"turns":6},{"damage":46,"enemies":"Shield and Spear","floor":54,"turns":5},{"damage":42,"enemies":"The Heart","floor":55,"turns":7}],"seed_played":"-6331931120431102024","potions_obtained":[{"floor":1.0,"key":"Block Potion"},{"floor":4.0,"key":"Block Potion"},{"floor":8.0,"key":"FairyPotion"},{"floor":10.0,"key":"AttackPotion"},{"floor":20.0,"key":"DistilledChaos"},{"floor":21.0,"key":"Fruit Juice"},{"floor":22.0,"key":"FairyPotion"},{"floor":27.0,"key":"ColorlessPotion"},{"floor":31.0,"key":"Weak Potion"},{"floor":41.0,"key":"DistilledChaos"},{"floor":45.0,"key":"Swift Potion"}],"is_trial":false,"path_per_floor":["M","?","M","M","?","E","R","E","T","M","R","?","M","M","R","B",null,"M","$","?","M","M","R","M","E","T","M","$","?","E","M","R","B",null,"M","M","?","?","?","R","E","?","T","R","?","$","M","E","R","B",null,"R","$","E","B",null],"character_chosen":"IRONCLAD","items_purchased":["Second Wind","Vajra","Dark Embrace+1","CultistPotion","ColorlessPotion"],"campfire_rested":1,"item_purchase_floors":[19,28,46,53,53],"current_hp_per_floor":[60,65,65,64,64,54,54,28,28,9,9,4,8,14,14,20,79,63,63,63,47,51,51,55,41,41,41,41,20,15,19,48,34,83,71,66,56,56,56,56,45,65,65,65,69,69,67,64,64,35,83,83,83,46,13],"gold":33,"neow_bonus":"RANDOM_COMMON_RELIC","is_daily":false,"chose_seed":false,"campfire_upgraded":7,"win_rate":0.0,"timestamp":1613480815,"path_taken":["M","?","M","M","?","E","R","E","T","M","R","?","M","M","R","BOSS","M","$","?","M","M","R","M","E","T","M","$","?","E","M","R","BOSS","M","M","?","?","?","R","E","?","T","R","?","?","M","E","R","BOSS","R","$","E","BOSS"],"items_purchased_type":["Card","Relic","Card","Potion","Potion"],"build_version":"2020-12-22","purchased_purges":3,"victory":true,"max_hp_per_floor":[75,80,80,80,80,80,80,80,80,80,80,80,80,80,80,80,94,94,94,94,94,94,94,94,99,99,99,99,99,99,99,99,99,99,99,99,99,99,99,99,99,99,99,99,99,99,99,99,99,99,99,99,99,99,99],"relic_stats":{"Dream Catcher":1,"Centennial Puzzle":[39],"counters":[27,135],"Ornamental Fan":[12],"Gambling Chip":[22],"Magic Flower":[15],"Charon\u0027s Ashes":[611],"Art of War":[27],"Juzu Bracelet":3,"obtain_stats":[{"Lantern":54,"Nilry\u0027s Codex":29,"Oddly Smooth Stone":17,"Vajra":28,"Magic Flower":45,"Mango":17,"Charon\u0027s Ashes":12,"Juzu Bracelet":6,"Frozen Egg 2":9,"Burning Blood":0,"Du-Vu Doll":8,"Calling Bell":17,"Dream Catcher":25,"Centennial Puzzle":26,"Ornamental Fan":48,"Gambling Chip":41,"Art of War":0,"Coffee Dripper":34,"StrikeDummy":17,"Red Skull":30},{"Lantern":26,"Nilry\u0027s Codex":15,"Oddly Smooth Stone":9,"Vajra":15,"Magic Flower":22,"Mango":9,"Charon\u0027s Ashes":6,"Juzu Bracelet":4,"Frozen Egg 2":5,"Burning Blood":0,"Du-Vu Doll":5,"Calling Bell":9,"Dream Catcher":14,"Centennial Puzzle":14,"Ornamental Fan":24,"Gambling Chip":21,"Art of War":0,"Coffee Dripper":18,"StrikeDummy":9,"Red Skull":16},{"Lantern":128,"Nilry\u0027s Codex":68,"Oddly Smooth Stone":44,"Vajra":68,"Magic Flower":108,"Mango":44,"Charon\u0027s Ashes":30,"Juzu Bracelet":18,"Frozen Egg 2":22,"Burning Blood":0,"Du-Vu Doll":22,"Calling Bell":44,"Dream Catcher":64,"Centennial Puzzle":64,"Ornamental Fan":117,"Gambling Chip":103,"Art of War":0,"Coffee Dripper":88,"StrikeDummy":44,"Red Skull":71}],"Burning Blood":177},"card_choices":[{"not_picked":["Entrench","Sentinel"],"picked":"Flame Barrier","floor":1.0},{"not_picked":["Wild Strike","Heavy Blade"],"picked":"Pummel","floor":3.0},{"not_picked":["Seeing Red","Perfected Strike"],"picked":"Dropkick","floor":4.0},{"not_picked":["Warcry","Metallicize"],"picked":"Inflame","floor":6.0},{"not_picked":["Clash","Wild Strike"],"picked":"Armaments","floor":8.0},{"not_picked":["Wild Strike","Anger","Headbutt"],"picked":"SKIP","floor":10.0},{"not_picked":["Heavy Blade","Juggernaut+1"],"picked":"True Grit","floor":13.0},{"not_picked":["Anger","Pommel Strike"],"picked":"Thunderclap","floor":14.0},{"not_picked":["Brutality+1","Bludgeon"],"picked":"Fiend Fire","floor":16.0},{"not_picked":["Disarm","Rampage"],"picked":"Havoc+1","floor":18.0},{"not_picked":["Thunderclap","Seeing Red"],"picked":"Heavy Blade+1","floor":21.0},{"not_picked":["Clothesline","Cleave","Rage"],"picked":"SKIP","floor":22.0},{"not_picked":["Clothesline","Cleave","Rage"],"picked":"SKIP","floor":22.0},{"not_picked":["Cleave","Seeing Red","Anger"],"picked":"SKIP","floor":24.0},{"not_picked":["Thunderclap","Intimidate+1"],"picked":"Limit Break","floor":25.0},{"not_picked":["Twin Strike","Cleave+1"],"picked":"Feel No Pain+1","floor":27.0},{"not_picked":["Thunderclap+1","Corruption+1","Hemokinesis"],"picked":"SKIP","floor":30.0},{"not_picked":["Carnage","Disarm"],"picked":"Power Through","floor":31.0},{"not_picked":["Clash","Combust+1"],"picked":"Evolve+1","floor":32.0},{"not_picked":["Double Tap","Immolate"],"picked":"Impervious","floor":33.0},{"not_picked":["Clash","Uppercut"],"picked":"Sword Boomerang+1","floor":35.0},{"not_picked":["Headbutt","Clash","Warcry"],"picked":"SKIP","floor":36.0},{"not_picked":["Trip","Thinking Ahead"],"picked":"Madness","floor":37.0},{"not_picked":["Trip","Jack Of All Trades"],"picked":"Blind","floor":37.0},{"not_picked":["Flex","Body Slam","Reckless Charge"],"picked":"SKIP","floor":41.0},{"not_picked":["Blood for Blood","Wild Strike"],"picked":"Barricade+1","floor":45.0},{"not_picked":["Anger","Dark Embrace+1","Heavy Blade"],"picked":"SKIP","floor":47},{"not_picked":["Combust+1","Perfected Strike","Havoc"],"picked":"SKIP","floor":48},{"not_picked":["Inflame+1","Juggernaut+1"],"picked":"Shrug It Off+1","floor":54}],"player_experience":1231185,"relics_obtained":[{"floor":6.0,"key":"Juzu Bracelet"},{"floor":8.0,"key":"Du-Vu Doll"},{"floor":9.0,"key":"Frozen Egg 2"},{"floor":17.0,"key":"Oddly Smooth Stone"},{"floor":17.0,"key":"StrikeDummy"},{"floor":17.0,"key":"Mango"},{"floor":25.0,"key":"Dream Catcher"},{"floor":26.0,"key":"Centennial Puzzle"},{"floor":29.0,"key":"Nilry\u0027s Codex"},{"floor":30.0,"key":"Red Skull"},{"floor":41.0,"key":"Gambling Chip"},{"floor":45.0,"key":"Magic Flower"},{"floor":48,"key":"Ornamental Fan"},{"floor":54,"key":"Lantern"}],"event_choices":[{"damage_healed":0.0,"max_hp_gain":5.0,"max_hp_loss":0.0,"gold_gain":0.0,"event_name":"Big Fish","player_choice":"Donut","floor":2.0,"gold_loss":0.0,"damage_taken":0.0},{"damage_healed":0.0,"max_hp_gain":0.0,"max_hp_loss":0.0,"gold_gain":0.0,"event_name":"The Woman in Blue","player_choice":"Bought 1 Potion","floor":5.0,"gold_loss":0.0,"damage_taken":0.0},{"damage_healed":0.0,"max_hp_gain":0.0,"max_hp_loss":0.0,"gold_gain":0.0,"event_name":"Scrap Ooze","player_choice":"Success","floor":12.0,"gold_loss":0.0,"damage_taken":5.0,"relics_obtained":["Charon\u0027s Ashes"]},{"damage_healed":0.0,"max_hp_gain":0.0,"max_hp_loss":0.0,"gold_gain":0.0,"event_name":"Lab","player_choice":"Got Potions","floor":20.0,"gold_loss":0.0,"damage_taken":0.0},{"damage_healed":0.0,"max_hp_gain":0.0,"max_hp_loss":0.0,"gold_gain":0.0,"event_name":"Cursed Tome","player_choice":"Obtained Book","floor":29.0,"gold_loss":0.0,"damage_taken":21.0},{"damage_healed":0.0,"max_hp_gain":0.0,"max_hp_loss":0.0,"gold_gain":0.0,"event_name":"SensoryStone","player_choice":"Memory 3","floor":37.0,"gold_loss":0.0,"damage_taken":10.0},{"cards_removed":["Bash"],"damage_healed":0.0,"max_hp_gain":0.0,"max_hp_loss":0.0,"gold_gain":0.0,"event_name":"Falling","player_choice":"Removed Attack","floor":38.0,"gold_loss":0.0,"damage_taken":0.0},{"damage_healed":0.0,"max_hp_gain":0.0,"max_hp_loss":0.0,"gold_gain":0.0,"event_name":"Match and Keep!","player_choice":"1 cards matched","floor":39.0,"gold_loss":0.0,"damage_taken":0.0,"cards_obtained":["Disarm"]},{"damage_healed":20.0,"max_hp_gain":0.0,"max_hp_loss":0.0,"gold_gain":0.0,"event_name":"Winding Halls","player_choice":"Writhe","floor":42.0,"gold_loss":0.0,"damage_taken":0.0,"cards_obtained":["Writhe"]},{"damage_healed":0.0,"max_hp_gain":0.0,"max_hp_loss":0.0,"gold_gain":0.0,"event_name":"MindBloom","player_choice":"Fight","floor":45.0,"gold_loss":0.0,"damage_taken":0.0}],"is_beta":false,"boss_relics":[{"not_picked":["Ectoplasm","Fusion Hammer"],"picked":"Calling Bell"},{"not_picked":["Runic Pyramid","Astrolabe"],"picked":"Coffee Dripper"}],"items_purged_floors":[19,28,46],"is_endless":false,"potions_floor_spawned":[1,4,8,10,14,21,22,27,31,41,45],"ascension_level":15}}