{"host":"fiyb7gvx7tok3jeh","time":1613486867,"event":{"mods":["BaseMod","Colored Map","Colored Powertips","DeckTracker","Googly Eyes","Highlight Path","Minty Spire (QoL Compilation)"],"gold_per_floor":[116,133,4,4,4,4,15,15,39,66,66,80,97,47,47,151,151,166,166,91,105,55,83,83,95,95,124,124,151,165,178,178,274,274,287,287,287,303,322,322,336,363,363,381,331,366,366,400,400,400,400,400,16,47,47],"floor_reached":56,"language":"ENG","playtime":4163,"items_purged":["Strike_B","Strike_B","Strike_B","Defend_B","Defend_B"],"score":1821,"play_id":"3183fc2c-e0f6-40c2-9d44-a0349ddcbbcc","local_time":"20210216164747","is_ascension_mode":true,"campfire_choices":[{"data":"Dualcast","floor":6,"key":"SMITH"},{"data":"Zap","floor":8,"key":"SMITH"},{"data":"Defragment","floor":11,"key":"SMITH"},{"data":"Coolheaded","floor":15,"key":"SMITH"},{"data":"Creative AI","floor":24,"key":"SMITH"},{"data":"Fission","floor":28,"key":"SMITH"},{"data":"Fission","floor":32,"key":"SMITH"},{"floor":40,"key":"RECALL"},{"data":"Seek","floor":47,"key":"SMITH"},{"data":"Coolheaded","floor":49,"key":"SMITH"},{"data":"Hologram","floor":52,"key":"SMITH"}],"circlet_count":0,"master_deck":["Defend_B","Zap+1","Dualcast+1","Coolheaded+1","Conserve Battery","Defragment+1","Coolheaded+1","Creative AI+1","Storm","Fission+1","Conserve Battery","Reinforced Body","Defragment","Fission+1","Hologram+1","Seek+1","Amplify","Heatsinks","Fusion+1","Coolheaded+1","Defragment"],"relics":["FrozenCore","Meat on the Bone","Smiling Mask","Vajra","SlaversCollar","Art of War","Cables","Akabeko","Singing Bowl","InkBottle","MealTicket","Bronze Scales","Bird Faced Urn","Ginger"],"acts_visited":["Exordium","TheCity","TheBeyond","TheEnding"],"potions_floor_usage":[2,10,16,21,27,29,39,42,50,55],"damage_taken":[{"damage":1,"enemies":"Cultist","floor":1,"turns":3},{"damage":1,"enemies":"2 Louse","floor":2,"turns":2},{"damage":0,"enemies":"Small Slimes","floor":7,"turns":3},{"damage":4,"enemies":"Lagavulin","floor":10,"turns":6},{"damage":3,"enemies":"2 Fungi Beasts","floor":12,"turns":3},{"damage":7,"enemies":"3 Louse","floor":13,"turns":3},{"damage":22,"enemies":"Hexaghost","floor":16,"turns":12},{"damage":9,"enemies":"Spheric Guardian","floor":18,"turns":6},{"damage":15,"enemies":"3 Byrds","floor":21,"turns":3},{"damage":3,"enemies":"Book of Stabbing","floor":23,"turns":7},{"damage":4,"enemies":"Snecko","floor":25,"turns":6},{"damage":17,"enemies":"Slavers","floor":27,"turns":3},{"damage":8,"enemies":"Book of Stabbing","floor":29,"turns":5},{"damage":15,"enemies":"Snake Plant","floor":30,"turns":6},{"damage":6,"enemies":"Centurion and Healer","floor":31,"turns":7},{"damage":0,"enemies":"Automaton","floor":33,"turns":10},{"damage":0,"enemies":"3 Shapes","floor":35,"turns":6},{"damage":0,"enemies":"Orb Walker","floor":38,"turns":3},{"damage":1,"enemies":"4 Shapes","floor":39,"turns":5},{"damage":7,"enemies":"Jaw Worm Horde","floor":41,"turns":3},{"damage":6,"enemies":"Giant Head","floor":42,"turns":11},{"damage":0,"enemies":"3 Darklings","floor":44,"turns":6},{"damage":0,"enemies":"Nemesis","floor":46,"turns":7},{"damage":0,"enemies":"Giant Head","floor":48,"turns":5},{"damage":0,"enemies":"Donu and Deca","floor":50,"turns":5},{"damage":19,"enemies":"Shield and Spear","floor":54,"turns":6},{"damage":92,"enemies":"The Heart","floor":55,"turns":7}],"seed_played":"173998448919921425","potions_obtained":[{"floor":1,"key":"AttackPotion"},{"floor":2,"key":"FocusPotion"},{"floor":12,"key":"PowerPotion"},{"floor":16,"key":"Explosive Potion"},{"floor":21,"key":"ColorlessPotion"},{"floor":27,"key":"Block Potion"},{"floor":30,"key":"Weak Potion"},{"floor":33,"key":"SkillPotion"},{"floor":39,"key":"SteroidPotion"},{"floor":42,"key":"Dexterity Potion"},{"floor":44,"key":"SneckoOil"},{"floor":46,"key":"DistilledChaos"}],"is_trial":false,"path_per_floor":["M","M","$","?","?","R","M","R","T","E","R","M","M","$","R","B",null,"M","?","?","M","$","E","R","M","T","E","R","E","M","M","R","B",null,"M","?","?","M","M","R","M","E","T","M","$","E","R","E","R","B",null,"R","$","E","B",null],"character_chosen":"DEFECT","items_purchased":["Conserve Battery","Bird Faced Urn","Defragment"],"campfire_rested":0,"item_purchase_floors":[3,53,53],"current_hp_per_floor":[74,73,73,55,55,55,55,55,55,51,51,48,53,53,53,43,72,63,63,63,48,48,45,45,53,53,48,48,52,49,43,43,43,72,72,72,72,72,71,71,64,60,60,62,62,64,64,66,66,66,84,84,90,92,50],"gold":47,"neow_bonus":"TEN_PERCENT_HP_BONUS","is_daily":false,"chose_seed":false,"campfire_upgraded":10,"win_rate":0.0,"timestamp":1613486867,"path_taken":["M","M","?","?","?","R","M","R","T","E","R","M","M","$","R","BOSS","M","?","?","?","$","E","R","M","T","E","R","E","M","M","R","BOSS","M","?","?","?","M","R","M","E","T","M","$","E","R","E","R","BOSS","R","$","E","BOSS"],"items_purchased_type":["Card","Relic","Card"],"build_version":"2020-12-22","purchased_purges":5,"victory":true,"max_hp_per_floor":[82,82,82,82,82,82,82,82,82,82,82,82,82,82,82,82,82,82,82,82,82,82,82,82,82,82,82,82,82,82,82,82,82,82,82,82,82,82,82,82,82,84,84,86,86,88,88,90,90,90,90,90,90,92,92],"card_choices":[{"not_picked":["Rip and Tear","Turbo","FTL"],"picked":"SKIP","floor":1},{"not_picked":["Storm","Rip and Tear"],"picked":"Coolheaded","floor":2},{"not_picked":["Double Energy","Beam Cell","Go for the Eyes"],"picked":"SKIP","floor":7},{"not_picked":["Multi-Cast","Go for the Eyes"],"picked":"Defragment","floor":10},{"not_picked":["Force Field","Reinforced Body","Reprogram"],"picked":"SKIP","floor":12},{"not_picked":["Beam Cell","Compile Driver"],"picked":"Coolheaded","floor":13},{"not_picked":["Thunder Strike","Hyperbeam"],"picked":"Creative AI","floor":16},{"not_picked":["Capacitor","Beam Cell"],"picked":"Storm","floor":18},{"not_picked":["Barrage","Rebound"],"picked":"Fission","floor":21},{"not_picked":["Heatsinks","Static Discharge"],"picked":"Conserve Battery","floor":23},{"not_picked":["Cold Snap","Rebound"],"picked":"Reinforced Body","floor":25},{"not_picked":["Capacitor","Genetic Algorithm"],"picked":"Defragment","floor":27},{"not_picked":["Turbo","Chaos"],"picked":"Fission","floor":29},{"not_picked":["Leap","Beam Cell"],"picked":"Hologram","floor":30},{"not_picked":["Leap","Conserve Battery"],"picked":"Seek","floor":31},{"not_picked":["Fission","Core Surge"],"picked":"Amplify","floor":33},{"not_picked":["Steam+1","Doom and Gloom+1","Beam Cell+1"],"picked":"SKIP","floor":35},{"not_picked":["Go for the Eyes+1","Cold Snap+1"],"picked":"Fusion+1","floor":38},{"not_picked":["Beam Cell+1","Hello World+1","Coolheaded"],"picked":"SKIP","floor":39},{"not_picked":["Amplify","Beam Cell"],"picked":"Coolheaded+1","floor":41},{"not_picked":["Reinforced Body+1","Rebound","Electrodynamics"],"picked":"Singing Bowl","floor":42},{"not_picked":["Coolheaded","Sweeping Beam+1","Skim+1"],"picked":"Singing Bowl","floor":44},{"not_picked":["Hologram","Loop+1","Barrage+1"],"picked":"Singing Bowl","floor":46},{"not_picked":["Undo","Tempest","Barrage+1"],"picked":"Singing Bowl","floor":48},{"not_picked":["Loop","FTL","Go for the Eyes"],"picked":"Singing Bowl","floor":54}],"player_experience":320464,"relics_obtained":[{"floor":9,"key":"Smiling Mask"},{"floor":10,"key":"Vajra"},{"floor":23,"key":"Art of War"},{"floor":27,"key":"Cables"},{"floor":29,"key":"Akabeko"},{"floor":42,"key":"Singing Bowl"},{"floor":43,"key":"InkBottle"},{"floor":46,"key":"MealTicket"},{"floor":48,"key":"Bronze Scales"},{"floor":54,"key":"Ginger"}],"event_choices":[{"damage_healed":0,"gold_gain":0,"player_choice":"Success","damage_taken":18,"relics_obtained":["Meat on the Bone"],"max_hp_gain":0,"max_hp_loss":0,"event_name":"Scrap Ooze","floor":4,"gold_loss":0},{"cards_removed":["Defend_B"],"damage_healed":0,"gold_gain":0,"player_choice":"Forget","damage_taken":0,"max_hp_gain":0,"max_hp_loss":0,"event_name":"Living Wall","floor":5,"gold_loss":0},{"damage_healed":0,"gold_gain":0,"player_choice":"Read","damage_taken":0,"max_hp_gain":0,"max_hp_loss":0,"event_name":"The Library","floor":19,"gold_loss":0,"cards_obtained":["Cold Snap"]},{"cards_removed":["Strike_B"],"damage_healed":0,"gold_gain":0,"player_choice":"Gave Gold","damage_taken":0,"max_hp_gain":0,"max_hp_loss":0,"event_name":"Beggar","floor":20,"gold_loss":75},{"cards_removed":["Cold Snap"],"damage_healed":0,"gold_gain":0,"player_choice":"Removed Attack","damage_taken":0,"max_hp_gain":0,"max_hp_loss":0,"event_name":"Falling","floor":36,"gold_loss":0},{"damage_healed":0,"gold_gain":0,"player_choice":"1 cards matched","damage_taken":0,"max_hp_gain":0,"max_hp_loss":0,"event_name":"Match and Keep!","floor":37,"gold_loss":0,"cards_obtained":["Heatsinks"]}],"is_beta":false,"boss_relics":[{"not_picked":["Runic Pyramid","SacredBark"],"picked":"SlaversCollar"},{"not_picked":["Pandora\u0027s Box","Busted Crown"],"picked":"FrozenCore"}],"items_purged_floors":[3,14,22,45,53],"is_endless":false,"potions_floor_spawned":[1,2,12,16,21,27,30,33,39,42,44,46],"ascension_level":7}}