{"host":"d73an99q9oevilk5","time":1613435844,"event":{"mods":["2.2 Compatiblity","AchievementEnabler","Act Like it!","Aspiration","BaseMod","Beaked The Cultist","Better Third Choice","BetterRewards","Colored Map","Colored Powertips","Conspire","Downfall","GifTheSpireLib","Halation","Hubris","Infinite Spire","Marisa????????","Mimic Mod","Minty Spire (QoL Compilation)","MostiFishMod","Quick Restart","Relic Sorter","Reliquary","Replay The Spire","Shop Mod","Spikes Relics","StSLib","Stuff the Spire","The Cursed","The Jungle","The Necromancer","The Saiyan","Waifu the Spire","egg","slay the spire mod where everything is the same but ironclad has a cowboy hat"],"gold_per_floor":[119,133,61,72,83,115,115,135,135,153,183,201,230,246,246,350,350,362,362,381,381,395,395,395,412,412,412,445,445,445,464,464,563,563,574,305,315,326,340,374,392,392,427,427,427,460,475,509,509,509],"floor_reached":51,"language":"ENG","playtime":1972,"items_purged":[],"score":908,"play_id":"d69beb76-e7b3-4e65-8ae8-7eb9804ea0fe","local_time":"20210215173724","is_ascension_mode":false,"campfire_choices":[{"data":"ReplayRNGCard","floor":7.0,"key":"SMITH"},{"floor":15.0,"key":"REST"},{"data":"Consume","floor":23.0,"key":"SMITH"},{"data":"StuffTheSpire:Harmony","floor":29.0,"key":"SMITH"},{"data":"BasicCrystalCard","floor":32.0,"key":"SMITH"},{"data":"Thunder Strike","floor":42.0,"key":"SMITH"},{"floor":49.0,"key":"DIG"}],"circlet_count":0,"master_deck":["Strike_B+1","Strike_B+1","Strike_B+1","Strike_B+1","Defend_B+1","Defend_B+1","Defend_B+1","Defend_B+1","Zap+1","Dualcast+1","Consume+1","Defragment+1","Cold Snap+1","Loop+1","ReplayRNGCard+1","StuffTheSpire:Synthwave+1","White Noise+1","Cold Snap+1","Reinforced Body+1","BasicCrystalCard+1","Core Surge+1","Conserve Battery+1","White Noise+1","StuffTheSpire:Harmony+1","Conserve Battery+1","BasicCrystalCard+1","Mirror Shield+1","ReplayTheSpireMod:System Scan+1","ReplaySolidLightProjector+1","Redo+1","Thunder Strike+1","Glacier+1"],"relics":["Cracked Core","DaveBox","NeowsBlessing","DSteel32","SynthV:TestCard","BlackRope","infinitespire:SolderingIron","PreservedInsect","Pen Nib","ChewingGum","Shuriken","DataDisk","Shuriken","SlaversCollar","reliquary:Stiletto","infinitespire:FocusingShard","Shovel","Mirror","GiantMaggot","Geode","Onion Ring"],"acts_visited":["Exordium","TheCity","TheBeyond"],"potions_floor_usage":[50,50,50],"damage_taken":[{"damage":0.0,"enemies":"Cultist","floor":1.0,"turns":1.0},{"damage":0.0,"enemies":"conspire:RoseBush","floor":2.0,"turns":1.0},{"damage":0.0,"enemies":"2 Louse","floor":4.0,"turns":1.0},{"damage":3.0,"enemies":"2 Fungi Beasts","floor":5.0,"turns":4.0},{"damage":20.0,"enemies":"Lagavulin","floor":6.0,"turns":7.0},{"damage":14.0,"enemies":"Large Slime","floor":8.0,"turns":7.0},{"damage":7.0,"enemies":"3 Louse","floor":10.0,"turns":5.0},{"damage":13.0,"enemies":"3 Sentries","floor":11.0,"turns":5.0},{"damage":0.0,"enemies":"Gremlin Gang","floor":12.0,"turns":1.0},{"damage":0.0,"enemies":"Gremlin Nob","floor":13.0,"turns":3.0},{"damage":2.0,"enemies":"Blue Slaver","floor":14.0,"turns":3.0},{"damage":4.0,"enemies":"The Guardian","floor":16.0,"turns":6.0},{"damage":0.0,"enemies":"Chosen","floor":18.0,"turns":4.0},{"damage":7.0,"enemies":"3 Byrds","floor":20.0,"turns":4.0},{"damage":0.0,"enemies":"Centurion and Healer","floor":22.0,"turns":6.0},{"damage":22.0,"enemies":"Snecko","floor":25.0,"turns":4.0},{"damage":2.0,"enemies":"conspire:SneckoGhost","floor":28.0,"turns":5.0},{"damage":10.0,"enemies":"Snake Plant","floor":31.0,"turns":4.0},{"damage":25.0,"enemies":"Automaton","floor":33.0,"turns":7.0},{"damage":30.0,"enemies":"3 Darklings","floor":35.0,"turns":5.0},{"damage":0.0,"enemies":"3 Shapes","floor":37.0,"turns":2.0},{"damage":5.0,"enemies":"Spire Growth","floor":38.0,"turns":6.0},{"damage":2.0,"enemies":"Sphere and 2 Shapes","floor":39.0,"turns":3.0},{"damage":3.0,"enemies":"Giant Head","floor":40.0,"turns":7.0},{"damage":0.0,"enemies":"4 Shapes","floor":41.0,"turns":8.0},{"damage":3.0,"enemies":"Writhing Mass","floor":43.0,"turns":7.0},{"damage":21.0,"enemies":"Nemesis","floor":46.0,"turns":5.0},{"damage":0.0,"enemies":"Writhing Mass","floor":47.0,"turns":6.0},{"damage":1.0,"enemies":"Giant Head","floor":48.0,"turns":6.0},{"damage":0,"enemies":"infinitespire:MassOfShapes","floor":50,"turns":7}],"seed_played":"-1359994683433192671","potions_obtained":[{"floor":4.0,"key":"AttackPotion"},{"floor":5.0,"key":"Dexterity Potion"},{"floor":6.0,"key":"PowerPotion"},{"floor":13.0,"key":"Weak Potion"},{"floor":14.0,"key":"Fire Potion"},{"floor":18.0,"key":"Toxic Potion"},{"floor":22.0,"key":"ColorlessPotion"},{"floor":25.0,"key":"hexamod:SoulburnPotion"},{"floor":39.0,"key":"Elixir"}],"is_trial":false,"path_per_floor":["M","M","$","M","M","E","R","M","T","M","E","M","E","M","R","B",null,"M","AVR","M","?","M","R","?","M","T","?","E","R","?","M","R","B",null,"M","$","M","M","M","E","M","R","MIM","?","T","E","M","E","R","B",null],"character_chosen":"DEFECT","items_purchased":["Defragment","reliquary:Stiletto","ReplaySolidLightProjector","Block Potion"],"campfire_rested":1,"item_purchase_floors":[3,36,36,36],"current_hp_per_floor":[75,75,75,75,72,52,52,38,38,31,18,18,18,16,38,34,75,75,75,68,68,68,68,68,52,52,52,56,56,56,58,58,48,75,50,50,56,71,73,75,75,75,75,75,75,63,75,74,74,75],"gold":509,"neow_bonus":"THREE_ENEMY_KILL","is_daily":false,"chose_seed":false,"campfire_upgraded":5,"win_rate":0.0,"timestamp":1613435844,"path_taken":["M","?","$","M","?","E","R","M","T","M","E","M","E","M","R","BOSS","M","AVR","?","?","M","R","?","M","T","?","E","R","?","?","R","BOSS","M","$","M","?","M","E","M","R","MIM","?","?","E","M","E","R","BOSS"],"items_purchased_type":["Card","Relic","Card","Potion"],"build_version":"2020-12-22","purchased_purges":0,"victory":true,"max_hp_per_floor":[75,75,75,75,75,75,75,75,75,75,75,75,75,75,75,75,75,75,75,75,75,75,75,75,75,75,75,75,75,75,75,75,75,75,75,75,75,75,75,75,75,75,75,75,75,75,75,75,75,75],"card_choices":[{"not_picked":["Static Discharge","ReplaySolidLightProjector"],"picked":"Leap","floor":1.0},{"not_picked":["Sweeping Beam","Recycle","Aggregate","Coolheaded"],"picked":"Consume","floor":2.0},{"not_picked":["Go for the Eyes","Coolheaded","Leap","Beam Cell"],"picked":"Cold Snap","floor":4.0},{"not_picked":["Streamline","Compile Driver","Leap","Coolheaded"],"picked":"Loop","floor":5.0},{"not_picked":["Barrage","ReplayTheSpireMod:Repulse","MostiFishMod:PushDownKick","Skim"],"picked":"ReplayRNGCard","floor":6.0},{"not_picked":["Panic Button","Streamline","Cold Snap","Fission"],"picked":"StuffTheSpire:Synthwave","floor":8.0},{"not_picked":["Redo","Stack","Barrage","ReplayTheSpireMod:Calculation Training"],"picked":"White Noise","floor":10.0},{"not_picked":["MostiFishMod:PushDownKick","Rebound","ReplaySolidLightProjector","Capacitor"],"picked":"Cold Snap","floor":11.0},{"not_picked":["Ball Lightning","StuffTheSpire:Rend","MostiFishMod:ReprogramOld","Rip and Tear"],"picked":"Reinforced Body","floor":12.0},{"not_picked":["Streamline","Reprogram","Hologram","Chaos"],"picked":"BasicCrystalCard","floor":13.0},{"not_picked":["StuffTheSpire:Plugnplay","ReplayGash","Coolheaded","Steam","hubris:Ukulele"],"picked":"SKIP","floor":14.0},{"not_picked":["MostiFishMod:IntelligentEquipment","Reboot","MostiFishMod:Nova","MostiFishMod:DeathFromBelow"],"picked":"Core Surge","floor":16.0},{"not_picked":["StuffTheSpire:LoadUp","StuffTheSpire:Coldhearted","Sweeping Beam","Beam Cell"],"picked":"Conserve Battery","floor":18.0},{"not_picked":["Gash","Panic Button","Chill+1","Barrage"],"picked":"White Noise","floor":20.0},{"not_picked":["Steam Power+1","RefreshScreen","Stack","MostiFishMod:PushDownKick","ReplayTheSpireMod:Fabricate Wheel"],"picked":"SKIP","floor":22.0},{"not_picked":["Cold Snap","Auto Shields+1","Stack","Coolheaded"],"picked":"Conserve Battery","floor":25.0},{"not_picked":["Ball Lightning","Biased Cognition","Gash","Streamline","Doom and Gloom"],"picked":"SKIP","floor":28.0},{"not_picked":["Streamline","Compile Driver","Ball Lightning+1","Double Energy"],"picked":"BasicCrystalCard","floor":31.0},{"not_picked":["StuffTheSpire:ForEach","StuffTheSpire:Purify","Biased Cognition","ReplayTheSpireMod:Omega Cannon"],"picked":"Mirror Shield","floor":33.0},{"not_picked":["Steam+1","MostiFishMod:FluxCapactior+1","Stack","Gash"],"picked":"ReplayTheSpireMod:System Scan+1","floor":35.0},{"not_picked":["Leap","Coolheaded","Capacitor","Reprogram+1","MostiFishMod:PushDownKick+1"],"picked":"SKIP","floor":37.0},{"not_picked":["StuffTheSpire:LoadUp","Conserve Battery+1","Sweeping Beam+1","Blizzard","Reinforced Body+1"],"picked":"SKIP","floor":38.0},{"not_picked":["Darkness+1","StuffTheSpire:LoadUp","StuffTheSpire:ShieldGenerator+1","Steam"],"picked":"Redo+1","floor":39.0},{"not_picked":["Go for the Eyes+1","MostiFishMod:InterfaceCompatibility","StuffTheSpire:NuclearReactor+1","Hologram"],"picked":"Thunder Strike","floor":40.0},{"not_picked":["Coolheaded+1","Compile Driver+1","Steam+1","Ball Lightning+1","StuffTheSpire:Plugnplay+1"],"picked":"SKIP","floor":41.0},{"not_picked":["Sweeping Beam","Force Field","Leap+1","StuffTheSpire:Rend+1"],"picked":"Glacier","floor":43.0},{"not_picked":["Streamline+1","Coolheaded","StuffTheSpire:CleanHardDrive","StuffTheSpire:Rend","Leap+1"],"picked":"SKIP","floor":46.0},{"not_picked":["Turbo","MostiFishMod:FluxCapactior","Cold Snap","Leap+1","MostiFishMod:PushDownKick+1"],"picked":"SKIP","floor":47.0},{"not_picked":["Hologram+1","MostiFishMod:Impulse+1","ReplayGash","MostiFishMod:Hijack","Compile Driver+1"],"picked":"SKIP","floor":48.0},{"not_picked":["Hologram+1","MostiFishMod:Impulse+1","ReplayGash","MostiFishMod:Hijack","Compile Driver+1"],"picked":"SKIP","floor":48.0}],"player_experience":1918022,"relics_obtained":[{"floor":1.0,"key":"SynthV:TestCard"},{"floor":6.0,"key":"BlackRope"},{"floor":9.0,"key":"infinitespire:SolderingIron"},{"floor":11.0,"key":"PreservedInsect"},{"floor":13.0,"key":"Pen Nib"},{"floor":26.0,"key":"DataDisk"},{"floor":28.0,"key":"Shuriken"},{"floor":40.0,"key":"infinitespire:FocusingShard"},{"floor":43.0,"key":"Shovel"},{"floor":45.0,"key":"Mirror"},{"floor":46.0,"key":"GiantMaggot"},{"floor":48.0,"key":"Geode"},{"floor":49.0,"key":"Onion Ring"}],"event_choices":[{"cards_removed":["Pain"],"damage_healed":0.0,"max_hp_gain":0.0,"max_hp_loss":0.0,"gold_gain":0.0,"event_name":"Fountain of Cleansing","player_choice":"Removed Curses","floor":30.0,"gold_loss":0.0,"damage_taken":0.0},{"cards_removed":["Leap"],"damage_healed":0.0,"max_hp_gain":0.0,"max_hp_loss":0.0,"gold_gain":0.0,"event_name":"Falling","player_choice":"Removed Skill","floor":44.0,"gold_loss":0.0,"damage_taken":0.0}],"is_beta":false,"boss_relics":[{"not_picked":["Ectoplasm","Transparent","hubris:HollowSoul"]},{"not_picked":["aspiration:PoetsPen","Runic Pyramid"],"picked":"SlaversCollar"}],"items_purged_floors":[],"is_endless":false,"potions_floor_spawned":[4,5,6,10,13,14,18,22,25,33,39,40,46,47],"ascension_level":0}}