{"host":"u7bb6mvzuirwfcqo","time":1613517886,"event":{"mods":["2.2 Compatiblity","AchievementEnabler","BaseMod","Card Forge","Downfall","Hermit","Minty Spire (QoL Compilation)","Relic Stats","StSLib"],"gold_per_floor":[115,125,137,137,137,137,171,192,228,295,362,154,1,17,17,108,108,123,147,192,227,161,161,191,191,191,213,213,120,126,48,48,54,54,54],"floor_reached":33,"language":"ENG","playtime":1689,"items_purged":["downfall:Bewildered"],"score":277,"play_id":"d146da7d-103b-442e-ae97-3e3a4c7caa5f","local_time":"20210216182446","is_ascension_mode":false,"campfire_choices":[{"data":"sneckomod:SnekBite","floor":6.0,"key":"SMITH"},{"data":"sneckomod:QuickBite","floor":15.0,"key":"SMITH"},{"data":"sneckomod:SoulDraw","floor":23,"key":"SMITH"},{"data":"sneckomod:UnendingSupply","floor":25,"key":"SMITH"},{"data":"sneckomod:UnknownX","floor":28,"key":"SMITH"},{"data":"sneckomod:GlitteringGambit","floor":32,"key":"SMITH"}],"circlet_count":0,"master_deck":["sneckomod:Strike","sneckomod:Defend","sneckomod:Defend","sneckomod:TailWhip+1","sneckomod:SnekBite+1","sneckomod:Unknown","sneckomod:Unknown","sneckomod:SoulDraw+1","Guardian:Gem_Red","sneckomod:GlitteringGambit+1","sneckomod:QuickBite+1","sneckomod:ImprovisedAttack","sneckomod:SerpentIdol","sneckomod:CheapStock+1","sneckomod:Unknown2Cost+1","sneckomod:DiceBlock+1","sneckomod:UnknownX+1","sneckomod:QuickBite","sneckomod:UnknownBlock","sneckomod:UnendingSupply+1","sneckomod:SoulRoll","sneckomod:SerpentIdol+1","sneckomod:ImprovisedGuard+1","sneckomod:UnknownBlock+1","sneckomod:UnknownBlock+1","sneckomod:UnknownDraw+1","sneckomod:UnknownStrength+1"],"relics":["Hammer of Thor","Seething Fire","Anvil of the Gods","Busted Crown","Anchor","MawBank","Happy Flower","Sundial","Membership Card","Pen Nib","Orichalcum","Astrolabe","Meat on the Bone","Toxic Egg 2","Orrery","Chemical X"],"acts_visited":["Exordium","TheCity"],"potions_floor_usage":[16,16],"damage_taken":[{"damage":2.0,"enemies":"Jaw Worm","floor":1.0,"turns":3.0},{"damage":3.0,"enemies":"2 Louse","floor":2.0,"turns":4.0},{"damage":0.0,"enemies":"Small Slimes","floor":3.0,"turns":3.0},{"damage":2.0,"enemies":"Lagavulin","floor":7.0,"turns":6.0},{"damage":5.0,"enemies":"Blue Slaver","floor":8.0,"turns":3.0},{"damage":29.0,"enemies":"Gremlin Nob","floor":10.0,"turns":4.0},{"damage":0.0,"enemies":"Lots of Slimes","floor":14.0,"turns":4.0},{"damage":48,"enemies":"The Guardian","floor":16,"turns":7},{"damage":22,"enemies":"2 Thieves","floor":18,"turns":4},{"damage":4,"enemies":"Spheric Guardian","floor":19,"turns":3},{"damage":0,"enemies":"Snake Plant","floor":20,"turns":3},{"damage":0,"enemies":"Centurion and Healer","floor":21,"turns":5},{"damage":0,"enemies":"Snecko","floor":24,"turns":4},{"damage":11,"enemies":"Slavers","floor":27,"turns":3},{"damage":6,"enemies":"3 Cultists","floor":30,"turns":4},{"damage":52,"enemies":"Automaton","floor":33,"turns":6}],"seed_played":"-8663614481724349574","potions_obtained":[{"floor":1.0,"key":"PowerPotion"},{"floor":3.0,"key":"Strength Potion"},{"floor":7.0,"key":"Ancient Potion"},{"floor":18,"key":"BlessingOfTheForge"},{"floor":21,"key":"DuplicationPotion"}],"is_trial":false,"path_per_floor":["M","M","M","?","?","R","E","M","T","E","?","$","$","M","R","B",null,"M","M","M","M","$","R","M","R","T","E","R","$","M","$","R","B"],"character_chosen":"THE_SNECKO","items_purchased":["Membership Card","Pen Nib","Orichalcum","sneckomod:ImprovisedAttack","sneckomod:UnknownBlock","sneckomod:UnendingSupply","sneckomod:ImprovisedGuard+1","Orrery","Chemical X"],"campfire_rested":0,"item_purchase_floors":[12,12,13,13,22,22,29,29,31],"current_hp_per_floor":[88,85,85,85,85,85,83,78,78,49,49,49,49,49,49,26,90,68,64,64,64,64,64,64,64,64,53,53,53,47,47,47,0,0,0],"gold":54,"neow_bonus":"BOSS_RELIC","is_daily":false,"chose_seed":false,"campfire_upgraded":6,"win_rate":0.0,"timestamp":1613517886,"path_taken":["M","M","M","?","?","R","E","M","T","E","?","?","$","M","R","BOSS","M","M","M","M","$","R","M","R","T","E","R","$","M","?","R","BOSS"],"items_purchased_type":["Relic","Relic","Relic","Card","Card","Card","Card","Relic","Relic"],"build_version":"2020-12-22","purchased_purges":1,"victory":false,"max_hp_per_floor":[90,90,90,90,90,90,90,90,90,90,90,90,90,90,90,90,90,90,90,90,90,90,90,90,90,90,90,90,90,90,90,90,90,90,90],"relic_stats":{"Busted Crown":42,"Happy Flower":[15],"counters":[16,66],"Sundial":[8],"Astrolabe":["sneckomod:CheapStock","sneckomod:Unknown2Cost","sneckomod:DiceBlock"],"Pen Nib":[10],"Chemical X":[3],"Orichalcum":[60],"MawBank":60,"obtain_stats":[{"Happy Flower":9,"Astrolabe":17,"Hammer of Thor":0,"Pen Nib":12,"Seething Fire":0,"Orichalcum":13,"sneckomod:SneckoSoul":0,"MawBank":7,"Anchor":4,"Busted Crown":0,"Anvil of the Gods":0,"Sundial":10,"Orrery":29,"Membership Card":12,"Chemical X":31,"Toxic Egg 2":27,"Meat on the Bone":26},{"Happy Flower":5,"Astrolabe":8,"Hammer of Thor":0,"Pen Nib":6,"Seething Fire":0,"Orichalcum":6,"sneckomod:SneckoSoul":0,"MawBank":4,"Anchor":3,"Busted Crown":0,"Anvil of the Gods":0,"Sundial":6,"Orrery":14,"Membership Card":6,"Chemical X":15,"Toxic Egg 2":14,"Meat on the Bone":13},{"Happy Flower":19,"Astrolabe":34,"Hammer of Thor":0,"Pen Nib":23,"Seething Fire":0,"Orichalcum":23,"sneckomod:SneckoSoul":0,"MawBank":16,"Anchor":10,"Busted Crown":0,"Anvil of the Gods":0,"Sundial":23,"Orrery":56,"Membership Card":23,"Chemical X":60,"Toxic Egg 2":56,"Meat on the Bone":53}],"Meat on the Bone":0},"card_choices":[{"not_picked":[],"picked":"sneckomod:SoulDraw","floor":1.0},{"not_picked":["sneckomod:SoulDraw"],"picked":"SKIP","floor":2.0},{"not_picked":["sneckomod:CheapStock"],"picked":"SKIP","floor":3.0},{"not_picked":["Guardian:Gem_Cyan","Guardian:Gem_Lightblue"],"picked":"Guardian:Gem_Red","floor":7.0},{"not_picked":[],"picked":"sneckomod:GlitteringGambit","floor":7.0},{"not_picked":[],"picked":"sneckomod:QuickBite","floor":8.0},{"not_picked":["sneckomod:DiceBlock"],"picked":"SKIP","floor":10.0},{"not_picked":[],"picked":"sneckomod:SerpentIdol","floor":14.0},{"not_picked":[],"picked":"sneckomod:UnknownX","floor":18},{"not_picked":["sneckomod:Nope"],"picked":"SKIP","floor":19},{"not_picked":["sneckomod:UnknownUncommonAttack"],"picked":"SKIP","floor":20},{"not_picked":[],"picked":"sneckomod:QuickBite","floor":21},{"not_picked":[],"picked":"sneckomod:SoulRoll","floor":24},{"not_picked":[],"picked":"sneckomod:SerpentIdol+1","floor":27},{"not_picked":[],"picked":"sneckomod:UnknownBlock+1","floor":29},{"not_picked":[],"picked":"sneckomod:UnknownBlock+1","floor":29},{"not_picked":[],"picked":"sneckomod:UnknownDraw+1","floor":29},{"not_picked":[],"picked":"sneckomod:UnknownStrength+1","floor":29},{"not_picked":["sneckomod:UnknownVulnerable+1"],"picked":"SKIP","floor":30}],"player_experience":89498,"relics_obtained":[{"floor":7.0,"key":"MawBank"},{"floor":9.0,"key":"Happy Flower"},{"floor":10.0,"key":"Sundial"},{"floor":26,"key":"Meat on the Bone"},{"floor":27,"key":"Toxic Egg 2"}],"event_choices":[{"damage_healed":0.0,"max_hp_gain":0.0,"max_hp_loss":0.0,"gold_gain":0.0,"event_name":"Living Wall","player_choice":"Grow","floor":5.0,"gold_loss":0.0,"damage_taken":0.0,"cards_upgraded":["sneckomod:TailWhip"]},{"damage_healed":0.0,"max_hp_gain":0.0,"max_hp_loss":0.0,"gold_gain":55.0,"event_name":"Golden Wing","player_choice":"Gained Gold","floor":11.0,"gold_loss":0.0,"damage_taken":0.0}],"is_beta":false,"boss_relics":[{"not_picked":["Empty Cage","Calling Bell"],"picked":"Astrolabe"}],"items_purged_floors":[13],"is_endless":false,"potions_floor_spawned":[1,3,7,18,21,24,30],"killed_by":"Automaton","ascension_level":0}}