{"host":"13o02hya6v6rzuva","time":1613501764,"event":{"mods":["BaseMod","Minty Spire (QoL Compilation)","Relic Stats"],"gold_per_floor":[111,126,201,201,201,201,12,52,79,118,139,139,157,181,181,300,300,318,342,441,441,465,501,501,515,515,538,569,593,593,593,593,712,712,732,732,745,24,37,37,56,56,83,124,1,1,1,1],"floor_reached":47,"language":"ENG","playtime":2070,"items_purged":[],"score":582,"play_id":"e43a84d7-a0d6-4bfb-a2ac-3448b4489546","local_time":"20210216195604","is_ascension_mode":true,"campfire_choices":[{"data":"Eruption","floor":6.0,"key":"SMITH"},{"floor":15.0,"key":"REST"},{"floor":24.0,"key":"RECALL"},{"floor":32.0,"key":"REST"},{"floor":40,"key":"REST"},{"floor":42,"key":"REST"}],"circlet_count":0,"master_deck":["Strike_P","Strike_P+1","Strike_P+1","Defend_P","Defend_P","Defend_P","Defend_P+1","Eruption+1","Vigilance","Wallop+1","SashWhip","Sanctity","ThirdEye","FollowUp","Consecrate+1","LikeWater","Halt","FlurryOfBlows","ConjureBlade","BattleHymn+1","Evaluate+1","Judgement","LikeWater","TalkToTheHand","EmptyFist","Ragnarok","Bandage Up","MentalFortress","Tantrum","BowlingBash+1"],"relics":["PureWater","Golden Idol","Dream Catcher","The Courier","Whetstone","Kunai","Fusion Hammer","Bronze Scales","Red Mask","Oddly Smooth Stone","Runic Pyramid","ClockworkSouvenir","Orichalcum","Strawberry","Torii","Nunchaku","Boot","Juzu Bracelet"],"acts_visited":["TheBeyond"],"potions_floor_usage":[39],"damage_taken":[{"damage":1.0,"enemies":"Small Slimes","floor":1.0,"turns":4.0},{"damage":2.0,"enemies":"Jaw Worm","floor":2.0,"turns":6.0},{"damage":14.0,"enemies":"3 Sentries","floor":8.0,"turns":9.0},{"damage":33.0,"enemies":"Lagavulin","floor":10.0,"turns":9.0},{"damage":2.0,"enemies":"2 Louse","floor":11.0,"turns":3.0},{"damage":0.0,"enemies":"Exordium Thugs","floor":13.0,"turns":2.0},{"damage":0.0,"enemies":"2 Fungi Beasts","floor":14.0,"turns":1.0},{"damage":13.0,"enemies":"Hexaghost","floor":16.0,"turns":13.0},{"damage":0.0,"enemies":"Shell Parasite","floor":18.0,"turns":4.0},{"damage":0.0,"enemies":"3 Byrds","floor":19.0,"turns":5.0},{"damage":10.0,"enemies":"Centurion and Healer","floor":22.0,"turns":4.0},{"damage":14.0,"enemies":"Book of Stabbing","floor":23.0,"turns":5.0},{"damage":0.0,"enemies":"Shelled Parasite and Fungi","floor":25.0,"turns":3.0},{"damage":4.0,"enemies":"Snecko","floor":27.0,"turns":5.0},{"damage":0.0,"enemies":"Masked Bandits","floor":28.0,"turns":2.0},{"damage":0.0,"enemies":"Snake Plant","floor":29.0,"turns":2.0},{"damage":10.0,"enemies":"Collector","floor":33.0,"turns":12.0},{"damage":8.0,"enemies":"3 Shapes","floor":35.0,"turns":5.0},{"damage":22.0,"enemies":"3 Darklings","floor":37.0,"turns":6.0},{"damage":17,"enemies":"Jaw Worm Horde","floor":39,"turns":4},{"damage":16,"enemies":"4 Shapes","floor":41,"turns":5},{"damage":68,"enemies":"Giant Head","floor":44,"turns":9},{"damage":40,"enemies":"Maw","floor":47,"turns":5}],"seed_played":"87540220906042982","potions_obtained":[{"floor":1.0,"key":"Fire Potion"},{"floor":2.0,"key":"AttackPotion"},{"floor":10.0,"key":"BottledMiracle"},{"floor":13.0,"key":"FairyPotion"},{"floor":16.0,"key":"EssenceOfSteel"},{"floor":19.0,"key":"DuplicationPotion"},{"floor":25.0,"key":"Energy Potion"},{"floor":29.0,"key":"LiquidMemories"},{"floor":33.0,"key":"DuplicationPotion"}],"is_trial":false,"path_per_floor":["M","M","?","?","?","R","$","E","T","E","M","?","M","M","R","B",null,"M","M","?","?","M","E","R","M","T","M","?","M","?","?","R","B",null,"M","?","M","$","M","R","M","R","T","E","$","?","M"],"character_chosen":"WATCHER","items_purchased":["Dream Catcher","Sanctity","ClockworkSouvenir","Bandage Up","Orichalcum","Strawberry","Torii","MentalFortress","Juzu Bracelet"],"campfire_rested":4,"item_purchase_floors":[7,7,38,38,38,38,38,38,45],"current_hp_per_floor":[78,76,65,65,65,65,65,51,51,18,16,1,1,1,22,9,73,73,73,73,73,63,49,49,49,49,45,45,45,45,45,66,56,73,65,65,43,50,37,61,49,73,73,9,9,9,0,0],"gold":1,"neow_bonus":"TEN_PERCENT_HP_BONUS","is_daily":false,"chose_seed":false,"campfire_upgraded":1,"win_rate":0.0,"timestamp":1613501764,"path_taken":["M","M","?","?","?","R","$","E","T","E","?","?","M","M","R","BOSS","M","M","?","?","M","E","R","M","T","?","?","M","?","?","R","BOSS","M","?","?","$","M","R","M","R","T","E","$","?","M"],"items_purchased_type":["Relic","Card","Relic","Card","Relic","Relic","Relic","Card","Relic"],"build_version":"2020-12-22","purchased_purges":0,"victory":false,"max_hp_per_floor":[79,79,79,79,73,73,73,73,73,73,73,73,73,73,73,73,73,73,73,73,73,73,73,73,73,73,73,73,73,73,73,73,73,73,73,73,73,80,80,80,80,80,80,80,80,80,80,80],"relic_stats":{"Dream Catcher":2,"Nunchaku":[4],"Torii":7,"counters":[6,34],"Golden Idol":22,"Bronze Scales":[102],"Juzu Bracelet":1,"Whetstone":[],"Kunai":[18],"Orichalcum":[12],"Boot":[7],"obtain_stats":[{"Torii":38,"Golden Idol":0,"Oddly Smooth Stone":0,"The Courier":0,"Juzu Bracelet":45,"Whetstone":0,"Orichalcum":38,"Boot":44,"ClockworkSouvenir":38,"Dream Catcher":0,"Nunchaku":43,"Bronze Scales":0,"Strawberry":38,"Fusion Hammer":0,"Red Mask":0,"Kunai":0,"PureWater":0,"Runic Pyramid":34},{"Torii":2,"Golden Idol":0,"Oddly Smooth Stone":0,"The Courier":0,"Juzu Bracelet":5,"Whetstone":0,"Orichalcum":2,"Boot":5,"ClockworkSouvenir":2,"Dream Catcher":0,"Nunchaku":4,"Bronze Scales":0,"Strawberry":2,"Fusion Hammer":0,"Red Mask":0,"Kunai":0,"PureWater":0,"Runic Pyramid":0},{"Torii":11,"Golden Idol":0,"Oddly Smooth Stone":0,"The Courier":0,"Juzu Bracelet":29,"Whetstone":0,"Orichalcum":11,"Boot":29,"ClockworkSouvenir":11,"Dream Catcher":0,"Nunchaku":20,"Bronze Scales":0,"Strawberry":11,"Fusion Hammer":0,"Red Mask":0,"Kunai":0,"PureWater":0,"Runic Pyramid":0}]},"card_choices":[{"not_picked":["Indignation","Perseverance"],"picked":"Wallop","floor":1.0},{"not_picked":["SignatureMove","CrushJoints"],"picked":"SashWhip","floor":2.0},{"not_picked":["Vengeance","MasterReality"],"picked":"ThirdEye","floor":8.0},{"not_picked":["CarveReality","EmptyFist"],"picked":"FollowUp","floor":10.0},{"not_picked":["Conclude","ForeignInfluence"],"picked":"Consecrate","floor":11.0},{"not_picked":["Consecrate","SignatureMove"],"picked":"LikeWater","floor":13.0},{"not_picked":["FlyingSleeves","SandsOfTime"],"picked":"Halt","floor":14.0},{"not_picked":["Indignation","Protect"],"picked":"FlurryOfBlows","floor":15.0},{"not_picked":["Scrawl","Blasphemy"],"picked":"ConjureBlade","floor":16.0},{"not_picked":["SignatureMove","ClearTheMind"],"picked":"BattleHymn+1","floor":18.0},{"not_picked":["CutThroughFate+1","WreathOfFlame+1"],"picked":"Evaluate+1","floor":19.0},{"not_picked":["Wireheading","FollowUp","Wallop"],"picked":"SKIP","floor":22.0},{"not_picked":["Indignation","PathToVictory"],"picked":"Judgement","floor":23.0},{"not_picked":["Study","CrushJoints","Sanctity"],"picked":"SKIP","floor":25.0},{"not_picked":["TalkToTheHand","Perseverance+1"],"picked":"LikeWater","floor":27.0},{"not_picked":["Collect+1","PathToVictory","InnerPeace"],"picked":"SKIP","floor":29.0},{"not_picked":["Crescendo","CarveReality"],"picked":"EmptyFist","floor":32.0},{"not_picked":["Omniscience","Scrawl"],"picked":"Ragnarok","floor":33.0},{"not_picked":["JustLucky","SashWhip","Worship+1"],"picked":"SKIP","floor":35.0},{"not_picked":["EmptyMind","Protect","FlyingSleeves"],"picked":"SKIP","floor":37.0},{"not_picked":["Protect+1","InnerPeace"],"picked":"Tantrum","floor":39},{"not_picked":["FlyingSleeves","PathToVictory"],"picked":"BowlingBash+1","floor":40},{"not_picked":["Omniscience","Protect","Vengeance"],"picked":"SKIP","floor":41},{"not_picked":["EmptyFist","Consecrate","Fasting2+1"],"picked":"SKIP","floor":44}],"player_experience":1223698,"relics_obtained":[{"floor":8.0,"key":"The Courier"},{"floor":9.0,"key":"Whetstone"},{"floor":10.0,"key":"Kunai"},{"floor":23.0,"key":"Bronze Scales"},{"floor":28.0,"key":"Red Mask"},{"floor":43,"key":"Nunchaku"},{"floor":44,"key":"Boot"}],"event_choices":[{"damage_healed":0.0,"max_hp_gain":0.0,"max_hp_loss":0.0,"gold_gain":75.0,"event_name":"World of Goop","player_choice":"Gather Gold","floor":3.0,"gold_loss":0.0,"damage_taken":11.0},{"damage_healed":0.0,"max_hp_gain":0.0,"max_hp_loss":0.0,"gold_gain":0.0,"event_name":"Living Wall","player_choice":"Grow","floor":4.0,"gold_loss":0.0,"damage_taken":0.0,"cards_upgraded":["Wallop"]},{"damage_healed":0.0,"max_hp_gain":0.0,"max_hp_loss":6.0,"gold_gain":0.0,"event_name":"Golden Idol","player_choice":"Lose Max HP","floor":5.0,"gold_loss":0.0,"damage_taken":0.0,"relics_obtained":["Golden Idol"]},{"damage_healed":0.0,"max_hp_gain":0.0,"max_hp_loss":0.0,"gold_gain":0.0,"event_name":"Shining Light","player_choice":"Entered Light","floor":12.0,"gold_loss":0.0,"damage_taken":15.0,"cards_upgraded":["Consecrate","Defend_P"]},{"damage_healed":0.0,"max_hp_gain":0.0,"max_hp_loss":0.0,"gold_gain":99.0,"event_name":"Nest","player_choice":"Stole From Cult","floor":20.0,"gold_loss":0.0,"damage_taken":0.0},{"damage_healed":0.0,"max_hp_gain":0.0,"max_hp_loss":0.0,"gold_gain":0.0,"event_name":"N\u0027loth","player_choice":"Ignored","floor":21.0,"gold_loss":0.0,"damage_taken":0.0},{"damage_healed":0.0,"max_hp_gain":0.0,"max_hp_loss":0.0,"gold_gain":0.0,"event_name":"Masked Bandits","player_choice":"Fought Bandits","floor":28.0,"gold_loss":0.0,"damage_taken":0.0},{"damage_healed":0.0,"max_hp_gain":0.0,"max_hp_loss":0.0,"gold_gain":0.0,"event_name":"The Mausoleum","player_choice":"Opened","floor":30.0,"gold_loss":0.0,"damage_taken":0.0,"relics_obtained":["Oddly Smooth Stone"]},{"damage_healed":0.0,"max_hp_gain":0.0,"max_hp_loss":0.0,"gold_gain":0.0,"cards_transformed":["Strike_P"],"event_name":"Transmorgrifier","player_choice":"Transformed","floor":31.0,"gold_loss":0.0,"damage_taken":0.0,"cards_obtained":["TalkToTheHand"]},{"damage_healed":0.0,"max_hp_gain":0.0,"max_hp_loss":0.0,"gold_gain":0.0,"event_name":"SecretPortal","player_choice":"Ignored","floor":36.0,"gold_loss":0.0,"damage_taken":0.0},{"damage_healed":0,"gold_gain":0,"player_choice":"Ignored","damage_taken":0,"max_hp_gain":0,"max_hp_loss":0,"event_name":"Mysterious Sphere","floor":46,"gold_loss":0}],"is_beta":false,"boss_relics":[{"not_picked":["Velvet Choker","Empty Cage"],"picked":"Fusion Hammer"},{"not_picked":["Cursed Key","SlaversCollar"],"picked":"Runic Pyramid"}],"items_purged_floors":[],"is_endless":false,"potions_floor_spawned":[1,2,10,13,16,19,25,29,33,35],"killed_by":"Maw","ascension_level":4}}