{"host":"06t6i6dwlvtvdxau","time":1613487025,"event":{"mods":["BaseMod","BetterRewards","Colored Map","Colored Powertips","GifTheSpireLib","Hermit","Minty Spire (QoL Compilation)","Quick Restart","Shop Mod","StSLib"],"gold_per_floor":[115,135,150,225,225,251,251,98,98,108,134,153,153,153,153,224,224,237,252,302,302,302],"floor_reached":21,"language":"FRA","playtime":1154,"items_purged":["Strike_G","Strike_G"],"score":516,"play_id":"c960ad29-f32c-44fc-95e4-2d326007504e","local_time":"20210216155025","is_ascension_mode":true,"campfire_choices":[{"data":"Terror","floor":7,"key":"SMITH"},{"data":"Neutralize","floor":13,"key":"SMITH"},{"data":"Well Laid Plans","floor":15,"key":"SMITH"}],"circlet_count":0,"master_deck":["AscendersBane","Strike_G","Strike_G","Defend_G","Defend_G","Defend_G","Defend_G","Survivor","Neutralize+1","Blade Dance","Terror+1","Well Laid Plans+1","Prepared","Well Laid Plans","Blur","Cloak And Dagger","Phantasmal Killer","Finisher+1","Footwork"],"relics":["Ring of the Snake","Letter Opener","Mummified Hand","Ancient Tea Set","Runic Dome"],"acts_visited":["Exordium","TheCity"],"potions_floor_usage":[6,6,16,21],"damage_taken":[{"damage":0.0,"enemies":"Jaw Worm","floor":1.0,"turns":4.0},{"damage":0,"enemies":"Small Slimes","floor":2,"turns":2},{"damage":7,"enemies":"2 Louse","floor":3,"turns":4},{"damage":12,"enemies":"3 Sentries","floor":6,"turns":11},{"damage":1,"enemies":"Large Slime","floor":10,"turns":5},{"damage":0,"enemies":"Exordium Wildlife","floor":12,"turns":5},{"damage":4,"enemies":"The Guardian","floor":16,"turns":12},{"damage":29,"enemies":"Chosen","floor":18,"turns":7},{"damage":1,"enemies":"Spheric Guardian","floor":19,"turns":3},{"damage":25,"enemies":"Cultist and Chosen","floor":21,"turns":5}],"seed_played":"-4097062742362970126","potions_obtained":[{"floor":1.0,"key":"ColorlessPotion"},{"floor":3,"key":"Strength Potion"},{"floor":10,"key":"BlessingOfTheForge"},{"floor":12,"key":"DuplicationPotion"},{"floor":16,"key":"PowerPotion"}],"is_trial":false,"path_per_floor":["M","M","M","?","?","E","R","$","T","M","T","M","R","?","R","B",null,"M","M","?","M"],"character_chosen":"THE_SILENT","items_purchased":["Blade Dance","Terror","Well Laid Plans","Cloak And Dagger"],"campfire_rested":0,"item_purchase_floors":[0,0,0,8],"current_hp_per_floor":[49,49,42,31,24,12,12,12,12,11,11,11,11,11,11,7,51,22,21,21,0,0],"gold":302,"neow_bonus":"","is_daily":false,"chose_seed":false,"campfire_upgraded":3,"win_rate":0.0,"timestamp":1613487025,"path_taken":["M","M","M","?","?","E","R","$","T","M","?","M","R","?","R","BOSS","M","M","?","M"],"items_purchased_type":["Card","Card","Card","Card"],"build_version":"2020-12-22","purchased_purges":2,"victory":false,"max_hp_per_floor":[66,66,66,66,66,66,66,66,66,66,66,66,66,66,66,66,66,66,66,66,66,66],"card_choices":[{"not_picked":["Deadly Poison","Underhanded Strike"],"picked":"Prepared","floor":1.0},{"not_picked":["Prepared","Expertise","Flying Knee"],"picked":"SKIP","floor":2},{"not_picked":["Underhanded Strike","Cloak And Dagger"],"picked":"Well Laid Plans","floor":3},{"not_picked":["Sucker Punch","Bouncing Flask"],"picked":"Blur","floor":6},{"not_picked":["Endless Agony","Calculated Gamble","Catalyst"],"picked":"SKIP","floor":10},{"not_picked":["Dagger Throw","Prepared","Backflip"],"picked":"SKIP","floor":12},{"not_picked":["Storm of Steel","Wraith Form v2"],"picked":"Phantasmal Killer","floor":16},{"not_picked":["Choke","Slice"],"picked":"Finisher+1","floor":18},{"not_picked":["Infinite Blades","PiercingWail"],"picked":"Footwork","floor":19}],"player_experience":795873,"relics_obtained":[{"floor":6,"key":"Letter Opener"},{"floor":9,"key":"Mummified Hand"},{"floor":11,"key":"Ancient Tea Set"}],"event_choices":[{"damage_healed":0,"gold_gain":75,"player_choice":"Gather Gold","damage_taken":11,"max_hp_gain":0,"max_hp_loss":0,"event_name":"World of Goop","floor":4,"gold_loss":0},{"cards_removed":["Defend_G"],"damage_healed":0,"gold_gain":0,"player_choice":"Card Removal","damage_taken":7,"max_hp_gain":0,"max_hp_loss":0,"event_name":"Golden Wing","floor":5,"gold_loss":0},{"cards_removed":["Strike_G"],"damage_healed":0,"gold_gain":0,"player_choice":"Forget","damage_taken":0,"max_hp_gain":0,"max_hp_loss":0,"event_name":"Living Wall","floor":14,"gold_loss":0},{"damage_healed":0,"gold_gain":50,"player_choice":"Stole From Cult","damage_taken":0,"max_hp_gain":0,"max_hp_loss":0,"event_name":"Nest","floor":20,"gold_loss":0}],"is_beta":false,"boss_relics":[{"not_picked":["Snecko Eye","Runic Pyramid"],"picked":"Runic Dome"}],"items_purged_floors":[0,8],"is_endless":false,"potions_floor_spawned":[1,3,10,12,16,19],"killed_by":"Cultist and Chosen","ascension_level":17}}