{"host":"m0bekkrd201b63ug","time":1613514037,"event":{"mods":["AchievementEnabler","BaseMod","Colored Powertips","Highlight Path","Minty Spire (QoL Compilation)","Rare Cards Sparkle","StSLib","SuperFastMode","everything is the same but u backflip on backflip","slay the spire mod where everything is the same but ironclad has a cowboy hat"],"gold_per_floor":[14,33,45,45,45,45,89,89,112,140,165,199,233,79,79,216,216,231,231,231,264,214,214,61,105,105,130,130,155,188,208,208,208,208],"floor_reached":33,"language":"ENG","playtime":1160,"items_purged":[],"score":416,"play_id":"0fa17f86-4954-4298-8a22-1672f7e7c3de","local_time":"20210216202037","is_ascension_mode":true,"campfire_choices":[{"floor":6,"key":"REST"},{"floor":8,"key":"REST"},{"floor":15,"key":"REST"},{"data":"Leap","floor":23,"key":"SMITH"},{"floor":28,"key":"REST"},{"floor":32,"key":"REST"}],"circlet_count":0,"master_deck":["Strike_B","Strike_B+1","Strike_B","Strike_B","Defend_B","Defend_B","Defend_B","Defend_B","Zap","Dualcast","Leap+1","Ball Lightning","Ball Lightning+1","BootSequence","Conserve Battery","Reboot","Redo+1","Leap"],"relics":["Cracked Core","Peace Pipe","Golden Idol","Centennial Puzzle","CeramicFish","Whetstone","Bag of Marbles","MealTicket","Nuclear Battery","Enchiridion","Regal Pillow","Bag of Preparation","Bronze Scales","StoneCalendar"],"acts_visited":["Exordium","TheCity"],"potions_floor_usage":[12,25,25,33,33,33],"damage_taken":[{"damage":0,"enemies":"2 Louse","floor":1,"turns":2},{"damage":0,"enemies":"Jaw Worm","floor":2,"turns":3},{"damage":2,"enemies":"Small Slimes","floor":3,"turns":4},{"damage":30,"enemies":"Gremlin Nob","floor":7,"turns":4},{"damage":15,"enemies":"Gremlin Gang","floor":10,"turns":4},{"damage":6,"enemies":"Exordium Thugs","floor":11,"turns":4},{"damage":16,"enemies":"3 Sentries","floor":12,"turns":6},{"damage":0,"enemies":"3 Louse","floor":13,"turns":2},{"damage":35,"enemies":"The Guardian","floor":16,"turns":13},{"damage":0,"enemies":"Spheric Guardian","floor":18,"turns":3},{"damage":5,"enemies":"3 Byrds","floor":21,"turns":4},{"damage":52,"enemies":"Gremlin Leader","floor":25,"turns":9},{"damage":0,"enemies":"Snake Plant","floor":27,"turns":2},{"damage":10,"enemies":"3 Cultists","floor":29,"turns":4},{"damage":16,"enemies":"Book of Stabbing","floor":30,"turns":5},{"damage":2,"enemies":"Centurion and Healer","floor":31,"turns":3},{"damage":77,"enemies":"Collector","floor":33,"turns":9}],"seed_played":"-1780109708804967593","potions_obtained":[{"floor":10,"key":"Energy Potion"},{"floor":11,"key":"LiquidBronze"},{"floor":12,"key":"Weak Potion"},{"floor":13,"key":"Weak Potion"},{"floor":18,"key":"DistilledChaos"},{"floor":27,"key":"SneckoOil"},{"floor":30,"key":"AttackPotion"}],"is_trial":false,"path_per_floor":["M","M","M","?","?","R","E","R","T","M","M","E","M","$","R","B",null,"M","?","?","M","?","R","$","E","T","M","R","M","E","M","R","B"],"character_chosen":"DEFECT","items_purchased":["MealTicket","Regal Pillow"],"campfire_rested":5,"item_purchase_floors":[14,24],"current_hp_per_floor":[68,68,66,48,41,63,33,55,55,40,34,18,18,18,40,5,58,58,75,59,54,54,54,69,17,17,17,54,44,28,26,63,0,0],"gold":208,"neow_bonus":"ONE_RARE_RELIC","is_daily":false,"chose_seed":false,"campfire_upgraded":1,"win_rate":0.0,"timestamp":1613514037,"path_taken":["M","M","M","?","?","R","E","R","T","?","M","E","M","$","R","BOSS","M","?","?","M","?","R","$","E","T","?","R","M","E","M","R","BOSS"],"items_purchased_type":["Relic","Relic"],"build_version":"2020-12-22","purchased_purges":0,"victory":false,"max_hp_per_floor":[75,75,75,75,75,75,75,75,75,75,75,75,75,75,75,75,75,75,75,75,75,75,75,75,75,75,75,75,75,75,75,75,75,75],"card_choices":[{"not_picked":["Gash","FTL"],"picked":"Leap","floor":1},{"not_picked":["Conserve Battery","Static Discharge"],"picked":"Ball Lightning","floor":2},{"not_picked":["Aggregate","Turbo"],"picked":"Ball Lightning","floor":3},{"not_picked":["Turbo","Coolheaded","Gash"],"picked":"SKIP","floor":7},{"not_picked":["Hello World","Skim"],"picked":"BootSequence","floor":10},{"not_picked":["Hello World","Stack","Chaos"],"picked":"SKIP","floor":11},{"not_picked":["Go for the Eyes","Melter","Cold Snap"],"picked":"SKIP","floor":12},{"not_picked":["Coolheaded","Reboot"],"picked":"Conserve Battery","floor":13},{"not_picked":["Echo Form","Hyperbeam"],"picked":"Reboot","floor":16},{"not_picked":["Sweeping Beam","Hologram","Reprogram"],"picked":"SKIP","floor":18},{"not_picked":["Cold Snap+1","Force Field"],"picked":"Redo+1","floor":21},{"not_picked":["Stack","Loop+1","Rebound"],"picked":"SKIP","floor":25},{"not_picked":["Conserve Battery+1","Streamline","Gash+1"],"picked":"SKIP","floor":27},{"not_picked":["Amplify","Hologram"],"picked":"Leap","floor":29},{"not_picked":["Chaos+1","BootSequence","Hologram"],"picked":"SKIP","floor":30},{"not_picked":["Rebound","Redo","Ball Lightning"],"picked":"SKIP","floor":31}],"player_experience":285834,"relics_obtained":[{"floor":7,"key":"CeramicFish"},{"floor":9,"key":"Whetstone"},{"floor":12,"key":"Bag of Marbles"},{"floor":20,"key":"Enchiridion"},{"floor":25,"key":"Bag of Preparation"},{"floor":26,"key":"Bronze Scales"},{"floor":30,"key":"StoneCalendar"}],"event_choices":[{"damage_healed":0,"gold_gain":0,"player_choice":"Take Damage","damage_taken":18,"relics_obtained":["Golden Idol"],"max_hp_gain":0,"max_hp_loss":0,"event_name":"Golden Idol","floor":4,"gold_loss":0},{"damage_healed":0,"gold_gain":0,"player_choice":"Success","damage_taken":7,"relics_obtained":["Centennial Puzzle"],"max_hp_gain":0,"max_hp_loss":0,"event_name":"Scrap Ooze","floor":5,"gold_loss":0},{"damage_healed":25,"gold_gain":0,"player_choice":"Heal","damage_taken":0,"max_hp_gain":0,"max_hp_loss":0,"event_name":"The Library","floor":19,"gold_loss":0},{"damage_healed":0,"gold_gain":0,"player_choice":"Obtained Book","damage_taken":16,"max_hp_gain":0,"max_hp_loss":0,"event_name":"Cursed Tome","floor":20,"gold_loss":0},{"damage_healed":0,"gold_gain":0,"player_choice":"Bet on Murderer","damage_taken":0,"max_hp_gain":0,"max_hp_loss":0,"event_name":"The Joust","floor":22,"gold_loss":50}],"is_beta":false,"boss_relics":[{"not_picked":["Astrolabe","SacredBark"],"picked":"Nuclear Battery"}],"items_purged_floors":[],"is_endless":false,"potions_floor_spawned":[10,11,12,13,18,27,30,31],"killed_by":"Collector","ascension_level":8}}