{"host":"8vqkh0x3c7vpgzzm","time":1613479241,"event":{"mods":["AchievementEnabler","BaseMod","Colored Map","Colored Powertips","Curses Come First","DeckTracker","Highlight Path","Minty Spire (QoL Compilation)","Permanent Neow","Quick Restart","Random Character Mod","Rare Cards Sparkle","Relic Sorter","Relic Stats","StSLib","SuperFastMode","Unceasing Turn Reminder","egg","everything is the same but u backflip on backflip"],"gold_per_floor":[209,134,134,134,209,209,209,225,225,225,244,144,159,13,13,13,13],"floor_reached":16,"language":"ENG","playtime":249,"items_purged":["Strike_R","Strike_R"],"score":88,"play_id":"8418e8c1-c0c9-4902-99e0-4a75c6e1def2","local_time":"20210216134041","is_ascension_mode":false,"campfire_choices":[{"data":"Dual Wield","floor":6,"key":"SMITH"},{"data":"Defend_R","floor":10,"key":"SMITH"},{"data":"Strike_R","floor":15,"key":"SMITH"}],"circlet_count":0,"master_deck":["Strike_R","Strike_R","Strike_R+1","Defend_R+1","Defend_R+1","Defend_R+1","Bash+1","Dual Wield+1"],"relics":["Burning Blood","Juzu Bracelet","Orrery"],"acts_visited":["Exordium"],"potions_floor_usage":[],"damage_taken":[{"damage":4,"enemies":"2 Louse","floor":1,"turns":3},{"damage":0,"enemies":"Small Slimes","floor":8,"turns":4},{"damage":0,"enemies":"Cultist","floor":11,"turns":3},{"damage":4,"enemies":"2 Fungi Beasts","floor":13,"turns":4},{"damage":56,"enemies":"Hexaghost","floor":16,"turns":10}],"seed_played":"2927394837145160431","potions_obtained":[{"floor":13,"key":"Explosive Potion"}],"is_trial":false,"path_per_floor":["M","$","?","?","?","R","?","M","T","R","M","$","M","$","R","B"],"character_chosen":"IRONCLAD","items_purchased":["Orrery"],"campfire_rested":0,"item_purchase_floors":[14],"current_hp_per_floor":[80,80,64,57,46,46,46,52,52,52,58,58,60,60,60,4,4],"gold":13,"neow_bonus":"HUNDRED_GOLD","is_daily":false,"chose_seed":false,"campfire_upgraded":3,"win_rate":0.0,"timestamp":1613479241,"path_taken":["M","$","?","?","?","R","?","?","T","R","M","$","M","$","R","BOSS"],"items_purchased_type":["Relic"],"build_version":"2020-12-22","purchased_purges":2,"victory":false,"max_hp_per_floor":[80,80,80,80,80,80,80,80,80,80,80,80,80,80,80,80,80],"relic_stats":{"counters":[5,24],"Juzu Bracelet":0,"obtain_stats":[{"Orrery":14,"Juzu Bracelet":9,"Burning Blood":0},{"Orrery":4,"Juzu Bracelet":2,"Burning Blood":0},{"Orrery":14,"Juzu Bracelet":7,"Burning Blood":0}],"Burning Blood":22},"card_choices":[{"not_picked":["Sword Boomerang","Headbutt"],"picked":"Dual Wield","floor":1},{"not_picked":["Fire Breathing","Spot Weakness","Armaments"],"picked":"SKIP","floor":8},{"not_picked":["Second Wind","Armaments","Combust"],"picked":"SKIP","floor":11},{"not_picked":["Intimidate","Armaments","Cleave"],"picked":"SKIP","floor":13}],"player_experience":562807,"relics_obtained":[{"floor":9,"key":"Juzu Bracelet"}],"event_choices":[{"damage_healed":0,"gold_gain":0,"player_choice":"Entered Light","damage_taken":16,"max_hp_gain":0,"max_hp_loss":0,"event_name":"Shining Light","floor":3,"gold_loss":0,"cards_upgraded":["Defend_R","Bash"]},{"cards_removed":["Defend_R"],"damage_healed":0,"gold_gain":0,"player_choice":"Card Removal","damage_taken":7,"max_hp_gain":0,"max_hp_loss":0,"event_name":"Golden Wing","floor":4,"gold_loss":0},{"damage_healed":0,"gold_gain":75,"player_choice":"Gather Gold","damage_taken":11,"max_hp_gain":0,"max_hp_loss":0,"event_name":"World of Goop","floor":5,"gold_loss":0},{"damage_healed":0,"gold_gain":0,"player_choice":"Forge","damage_taken":0,"max_hp_gain":0,"max_hp_loss":0,"event_name":"Accursed Blacksmith","floor":7,"gold_loss":0,"cards_upgraded":["Defend_R"]}],"is_beta":false,"boss_relics":[],"items_purged_floors":[2,12],"is_endless":false,"potions_floor_spawned":[13],"killed_by":"Hexaghost","ascension_level":0}}