{"host":"idjwbq71yrpkph1r","time":1613517019,"event":{"mods":["Alarm Clock","BaseMod","Beaked The Cultist","Better Third Choice","Block Reminder","Colored Map","Colored Powertips","Conspire","Curses Come First","Displayed Cursed Tome","Hermit","Highlight Path","Hubris","Mimic Mod","Minty Spire (QoL Compilation)","Monster B Gone","Morshu Shopkeeper","Rare Cards Sparkle","Relic Stats","StSLib","The Blue Laboratory","The IronCluck","Wandering Minibosses","everything is the same but u backflip on backflip","slay the spire mod where everything is the same but ironclad has a cowboy hat"],"gold_per_floor":[119,135,135,151,137,137,137,151,178,45,45,59,59,74,74,172,172,191,152,152,152,152],"floor_reached":21,"language":"ENG","playtime":842,"items_purged":[],"score":173,"play_id":"63f09060-c46a-4a0b-b9b2-80b314498735","local_time":"20210217001019","is_ascension_mode":false,"campfire_choices":[{"floor":6,"key":"REST"},{"floor":11,"key":"REST"},{"floor":13,"key":"REST"},{"floor":15,"key":"REST"}],"circlet_count":0,"master_deck":["Strike_R","Strike_R","Strike_R","Strike_R","Defend_R","Defend_R","Defend_R","Defend_R","Bash","Corruption","conspire:Charge","Spot Weakness","Cleave","conspire:Charge","Flash of Steel","Rage","Double Tap","Iron Wave"],"relics":["hubris:HollowSoul","GremlinMask"],"acts_visited":["Exordium","TheCity"],"potions_floor_usage":[5,14,16],"damage_taken":[{"damage":16,"enemies":"2 Louse","floor":1,"turns":3},{"damage":15,"enemies":"Jaw Worm","floor":2,"turns":4},{"damage":12,"enemies":"Small Slimes","floor":4,"turns":4},{"damage":45,"enemies":"Gremlin Gang","floor":5,"turns":8},{"damage":12,"enemies":"2 Fungi Beasts","floor":8,"turns":3},{"damage":10,"enemies":"Large Slime","floor":12,"turns":3},{"damage":13,"enemies":"Gremlin Gang","floor":14,"turns":4},{"damage":64,"enemies":"Hexaghost","floor":16,"turns":8},{"damage":21,"enemies":"Spheric Guardian","floor":18,"turns":4},{"damage":54,"enemies":"Shell Parasite","floor":19,"turns":6},{"damage":0,"enemies":"Shelled Parasite and Fungi","floor":21,"turns":1}],"seed_played":"5922323040731411856","potions_obtained":[{"floor":4,"key":"blueLaboratory:LouseDecoction"},{"floor":5,"key":"blueLaboratory:Moonshine"},{"floor":8,"key":"Regen Potion"},{"floor":19,"key":"Fire Potion"}],"is_trial":false,"path_per_floor":["M","M","?","M","M","R","?","M","T","$","R","M","R","M","R","B",null,"M","M","?","M"],"character_chosen":"IRONCLAD","items_purchased":["Flash of Steel","Rage"],"campfire_rested":4,"item_purchase_floors":[10,10],"current_hp_per_floor":[70,61,54,48,3,27,27,15,15,15,39,29,53,52,76,12,80,59,5,5,16,16],"gold":152,"neow_bonus":"ONE_RANDOM_RARE_CARD","is_daily":false,"chose_seed":false,"campfire_upgraded":0,"win_rate":0.0,"timestamp":1613517019,"path_taken":["M","M","?","M","M","R","?","M","T","$","R","?","R","M","R","BOSS","M","M","?","?"],"items_purchased_type":["Card","Card"],"build_version":"2020-12-22","purchased_purges":0,"victory":false,"max_hp_per_floor":[80,80,80,80,80,80,80,80,80,80,80,80,80,80,80,80,80,80,80,80,16,16],"relic_stats":{"counters":[11,49],"obtain_stats":[{"GremlinMask":20,"hubris:HollowSoul":17,"Smiling Mask":9,"Burning Blood":0},{"GremlinMask":10,"hubris:HollowSoul":8,"Smiling Mask":5,"Burning Blood":0},{"GremlinMask":47,"hubris:HollowSoul":37,"Smiling Mask":22,"Burning Blood":0}]},"card_choices":[{"not_picked":["Pommel Strike","Uppercut","Clothesline"],"picked":"SKIP","floor":1},{"not_picked":["Sentinel","Heavy Blade"],"picked":"conspire:Charge","floor":2},{"not_picked":["Heavy Blade","Bloodletting"],"picked":"Spot Weakness","floor":4},{"not_picked":["Armaments","Heavy Blade"],"picked":"Cleave","floor":5},{"not_picked":["hubris:ReadiedAction","Shockwave","Intimidate"],"picked":"SKIP","floor":8},{"not_picked":["Power Through","Cleave","Perfected Strike"],"picked":"SKIP","floor":12},{"not_picked":["Iron Wave","Thunderclap","Havoc"],"picked":"SKIP","floor":14},{"not_picked":["Feed","Barricade"],"picked":"Double Tap","floor":16},{"not_picked":["Havoc","Flex"],"picked":"Iron Wave","floor":18},{"not_picked":["Rupture","Cleave","hubris:CleavingFinish"],"picked":"SKIP","floor":19}],"player_experience":372919,"relics_obtained":[{"floor":9,"key":"Smiling Mask"}],"event_choices":[{"cards_removed":["Strike_R"],"damage_healed":0,"gold_gain":0,"player_choice":"Card Removal","damage_taken":7,"max_hp_gain":0,"max_hp_loss":0,"event_name":"Golden Wing","floor":3,"gold_loss":0},{"damage_healed":0,"gold_gain":0,"player_choice":"Trade","damage_taken":0,"relics_obtained":["GremlinMask"],"max_hp_gain":0,"max_hp_loss":0,"event_name":"FaceTrader","floor":20,"gold_loss":0}],"is_beta":false,"boss_relics":[{"not_picked":["hubris:CrackedHourglass","Mark of Pain"],"picked":"hubris:HollowSoul"}],"items_purged_floors":[],"is_endless":false,"potions_floor_spawned":[4,5,8,19],"killed_by":"Shelled Parasite and Fungi","ascension_level":0}}