{"host":"p7cjtxxrilhp4dw7","time":1613437620,"event":{"mods":["BaseMod","Block Reminder","Colored Map","Curses Come First","Highlight Path","Minty Spire (QoL Compilation)","Replay The Spire","StSLib"],"gold_per_floor":[366,385,405,421,34,51,51,51,63,83,83,83,83,99,132,150,150,223,223,243,295,114,114,124,124,124],"floor_reached":25,"language":"ENG","playtime":2393,"items_purged":["Parasite","ReplayTheSpireMod:Splinters"],"score":352,"play_id":"577bad27-f5bb-4fe9-92ef-0be5a5c3c4d5","local_time":"20210215180700","is_ascension_mode":true,"campfire_choices":[{"data":"Leg Sweep","floor":12,"key":"SMITH"},{"floor":17,"key":"REST"}],"circlet_count":0,"master_deck":["AscendersBane","Strike_G+1","Strike_G+1","Strike_G+1","Strike_G+1","Defend_G+1","Defend_G+1","Defend_G+1","Defend_G+1","Survivor","Neutralize","Leg Sweep+1","Quick Slash","Backflip","Backstab","Dagger Spray","Flying Knee","ReplayTheSpireMod:Speed Training","Dagger Throw","Unload","Doppelganger","Hidden Blade","Dodge and Roll","Caltrops"],"relics":["Ring of the Snake","Counterbalance","Sundial","War Paint","Dream Catcher","Empty Cage","Bronze Scales"],"acts_visited":["Exordium","TheCity"],"potions_floor_usage":[4,14,14,15,25],"damage_taken":[{"damage":3,"enemies":"Cultist","floor":1,"turns":5},{"damage":1,"enemies":"2 Louse","floor":2,"turns":3},{"damage":0,"enemies":"Small Slimes","floor":3,"turns":4},{"damage":0,"enemies":"3 Louse","floor":4,"turns":3},{"damage":1,"enemies":"Blue Slaver","floor":6,"turns":3},{"damage":0,"enemies":"Exordium Wildlife","floor":9,"turns":7},{"damage":3,"enemies":"Large Slime","floor":10,"turns":8},{"damage":1,"enemies":"Lots of Slimes","floor":14,"turns":5},{"damage":5,"enemies":"3 Sentries","floor":15,"turns":7},{"damage":2,"enemies":"Exordium Thugs","floor":16,"turns":6},{"damage":3,"enemies":"The Guardian","floor":18,"turns":19},{"damage":21,"enemies":"Shell Parasite","floor":20,"turns":8},{"damage":1,"enemies":"3 Byrds","floor":24,"turns":5},{"damage":39,"enemies":"Book of Stabbing","floor":25,"turns":7}],"seed_played":"4958176502086323374","potions_obtained":[{"floor":1,"key":"Fire Potion"},{"floor":2,"key":"Weak Potion"},{"floor":6,"key":"Poison Potion"},{"floor":14,"key":"Strength Potion"},{"floor":20,"key":"SpeedPotion"},{"floor":21,"key":"SkillPotion"}],"is_trial":false,"path_per_floor":["M","M","M","M","$","M","PTL","PTL","M","M","T","R","?","M","E","M","R","B",null,"M","?","$","?","M","E"],"character_chosen":"THE_SILENT","items_purchased":["Counterbalance","Caltrops"],"campfire_rested":1,"item_purchase_floors":[5,22],"current_hp_per_floor":[56,55,55,55,55,54,54,54,54,51,51,51,39,38,33,31,49,46,59,38,38,38,38,37,0,0],"gold":124,"neow_bonus":"TWO_FIFTY_GOLD","is_daily":false,"chose_seed":false,"campfire_upgraded":1,"win_rate":0.0,"timestamp":1613437620,"path_taken":["M","M","?","M","$","?","PTL","PTL","M","M","T","R","?","M","E","M","R","BOSS","M","?","$","?","M","E"],"items_purchased_type":["Relic","Card"],"build_version":"2020-12-22","purchased_purges":2,"victory":false,"max_hp_per_floor":[66,66,66,66,63,63,63,63,63,63,63,63,63,63,63,63,63,63,63,63,63,63,63,63,63,63],"card_choices":[{"not_picked":["Sucker Punch","Concentrate"],"picked":"Leg Sweep","floor":1},{"not_picked":["Flechettes","PiercingWail"],"picked":"Quick Slash","floor":2},{"not_picked":["Accuracy","Deadly Poison"],"picked":"Backflip","floor":3},{"not_picked":["PiercingWail","Leg Sweep"],"picked":"Backstab","floor":4},{"not_picked":["Finisher","Venomology"],"picked":"Dagger Spray","floor":6},{"not_picked":["Cloak And Dagger","Outmaneuver"],"picked":"Flying Knee","floor":9},{"not_picked":["Eviscerate","Poisoned Stab"],"picked":"ReplayTheSpireMod:Speed Training","floor":10},{"not_picked":["Catalyst","Deflect"],"picked":"Dagger Throw","floor":14},{"not_picked":["Hidden Blade","Deadly Poison","Replay:Poison Smokescreen"],"picked":"SKIP","floor":15},{"not_picked":["Outmaneuver","Dagger Spray"],"picked":"Unload","floor":16},{"not_picked":["Envenom","Storm of Steel"],"picked":"Doppelganger","floor":18},{"not_picked":["Slice","Outmaneuver"],"picked":"Hidden Blade","floor":20},{"not_picked":["Slice","Expertise"],"picked":"Dodge and Roll","floor":21},{"not_picked":["Deadly Poison","Sneak Up","Dagger Spray"],"picked":"SKIP","floor":24}],"player_experience":673057,"relics_obtained":[{"floor":11,"key":"Sundial"},{"floor":15,"key":"Dream Catcher"},{"floor":21,"key":"Bronze Scales"}],"event_choices":[{"damage_healed":0,"gold_gain":0,"player_choice":"Success","damage_taken":12,"relics_obtained":["War Paint"],"max_hp_gain":0,"max_hp_loss":0,"event_name":"Scrap Ooze","floor":13,"gold_loss":0},{"damage_healed":0,"gold_gain":0,"player_choice":"Simplicity","damage_taken":0,"max_hp_gain":0,"max_hp_loss":0,"event_name":"Back to Basics","floor":23,"gold_loss":0,"cards_upgraded":["Strike_G","Strike_G","Strike_G","Strike_G","Defend_G","Defend_G"]}],"is_beta":false,"boss_relics":[{"not_picked":["Snecko Eye","SacredBark"],"picked":"Empty Cage"}],"items_purged_floors":[5,22],"is_endless":false,"potions_floor_spawned":[1,2,3,6,14,20,24],"killed_by":"Book of Stabbing","ascension_level":14}}