{"host":"4epvxsx6d4oxmc67","time":1613499660,"event":{"mods":["AchievementEnabler","BaseMod","Colored Map","Highlight Path","Minty Spire (QoL Compilation)"],"gold_per_floor":[116,116,134,134,153,180,198,229,229,229,229,239,250,264,264,368,368,368,60,60,60,60,60,60,60,60,60,60,60,60,60,60,60,60,60,60,60,60,60],"floor_reached":38,"language":"ENG","playtime":2114,"items_purged":["Strike_R"],"score":634,"play_id":"e5f720cf-bff9-4dfa-be04-42293fdd6f36","local_time":"20210216182100","is_ascension_mode":true,"campfire_choices":[{"floor":11.0,"key":"REST"},{"data":"Bash","floor":15.0,"key":"SMITH"},{"data":"Corruption","floor":23.0,"key":"SMITH"},{"floor":25.0,"key":"REST"},{"floor":32.0,"key":"REST"}],"circlet_count":0,"master_deck":["Strike_R","Strike_R+1","Strike_R+1","Defend_R+1","Defend_R+1","Defend_R","Defend_R","Bash+1","Cleave","Metallicize","Headbutt","Iron Wave","Shrug It Off","Power Through","Flame Barrier","Iron Wave","Clothesline","Corruption+1","Dark Embrace","Inflame","Iron Wave","Intimidate","Fire Breathing","Iron Wave+1","Flex","Reaper","Double Tap"],"relics":["Burning Blood","Lantern","Red Skull","Blue Candle","Ancient Tea Set","War Paint","Ectoplasm","OrangePellets","Red Mask","MawBank","The Courier","Juzu Bracelet","Busted Crown"],"acts_visited":["Exordium","TheCity","TheBeyond"],"potions_floor_usage":[],"damage_taken":[{"damage":7.0,"enemies":"Small Slimes","floor":1.0,"turns":5.0},{"damage":2.0,"enemies":"2 Louse","floor":3.0,"turns":2.0},{"damage":0.0,"enemies":"Cultist","floor":5.0,"turns":2.0},{"damage":18.0,"enemies":"Gremlin Nob","floor":6.0,"turns":4.0},{"damage":7.0,"enemies":"Looter","floor":7.0,"turns":3.0},{"damage":29.0,"enemies":"Lagavulin","floor":8.0,"turns":5.0},{"damage":2.0,"enemies":"Large Slime","floor":12.0,"turns":4.0},{"damage":0.0,"enemies":"Blue Slaver","floor":13.0,"turns":4.0},{"damage":0.0,"enemies":"Looter","floor":14.0,"turns":4.0},{"damage":35.0,"enemies":"Hexaghost","floor":16.0,"turns":13.0},{"damage":6.0,"enemies":"Shell Parasite","floor":18.0,"turns":9.0},{"damage":8.0,"enemies":"3 Byrds","floor":20.0,"turns":6.0},{"damage":0.0,"enemies":"Cultist and Chosen","floor":21.0,"turns":6.0},{"damage":8.0,"enemies":"Centurion and Healer","floor":22.0,"turns":7.0},{"damage":44.0,"enemies":"Masked Bandits","floor":24.0,"turns":6.0},{"damage":0.0,"enemies":"Slavers","floor":28.0,"turns":3.0},{"damage":14.0,"enemies":"Book of Stabbing","floor":30.0,"turns":7.0},{"damage":17.0,"enemies":"Shelled Parasite and Fungi","floor":31.0,"turns":7.0},{"damage":76.0,"enemies":"Automaton","floor":33.0,"turns":11.0},{"damage":12.0,"enemies":"Orb Walker","floor":35.0,"turns":4.0},{"damage":116,"enemies":"Donu and Deca","floor":38,"turns":8}],"seed_played":"-1771630471452432646","potions_obtained":[{"floor":5.0,"key":"GamblersBrew"},{"floor":7.0,"key":"FairyPotion"},{"floor":8.0,"key":"PowerPotion"},{"floor":13.0,"key":"HeartOfIron"},{"floor":14.0,"key":"EntropicBrew"},{"floor":28.0,"key":"Block Potion"},{"floor":31.0,"key":"Weak Potion"},{"floor":33.0,"key":"ElixirPotion"}],"is_trial":false,"path_per_floor":["M","?","M","?","M","E","M","E","T","?","R","M","M","M","R","B",null,"M","$","M","M","M","R","?","R","T","?","E","?","E","M","R","B",null,"M","?","?","B"],"character_chosen":"IRONCLAD","items_purchased":["Inflame","OrangePellets"],"campfire_rested":3,"item_purchase_floors":[19,19],"current_hp_per_floor":[71,55,59,59,65,53,52,29,29,26,50,54,60,66,66,37,69,69,69,67,73,71,71,33,57,57,57,63,63,61,50,74,17,64,58,58,58,0,0],"gold":60,"neow_bonus":"TRANSFORM_CARD","is_daily":false,"chose_seed":false,"campfire_upgraded":2,"win_rate":0.0,"timestamp":1613499660,"path_taken":["M","?","M","?","?","E","M","E","T","?","R","M","M","M","R","BOSS","M","$","M","M","M","R","?","R","T","?","E","?","E","M","R","BOSS","M","?","?","BOSS"],"items_purchased_type":["Card","Relic"],"build_version":"2020-12-22","purchased_purges":1,"victory":false,"max_hp_per_floor":[80,80,80,80,80,80,80,80,80,80,80,80,80,80,80,80,80,80,80,80,80,80,80,80,80,80,80,80,80,80,80,80,80,80,80,76,76,76,76],"card_choices":[{"not_picked":["Havoc","Ghostly Armor"],"picked":"Cleave","floor":1.0},{"not_picked":["True Grit","Clash"],"picked":"Metallicize","floor":3.0},{"not_picked":["Body Slam","Wild Strike"],"picked":"Headbutt","floor":5.0},{"not_picked":["Spot Weakness","Anger"],"picked":"Iron Wave","floor":6.0},{"not_picked":["Cleave","Pummel"],"picked":"Shrug It Off","floor":7.0},{"not_picked":["Rage","Rupture"],"picked":"Power Through","floor":8.0},{"not_picked":["Perfected Strike","Heavy Blade"],"picked":"Flame Barrier","floor":12.0},{"not_picked":["Feed","Thunderclap"],"picked":"Iron Wave","floor":13.0},{"not_picked":["Feel No Pain","Shrug It Off"],"picked":"Clothesline","floor":14.0},{"not_picked":["Juggernaut","Bludgeon"],"picked":"Corruption","floor":16.0},{"not_picked":["Heavy Blade","Sword Boomerang"],"picked":"Dark Embrace","floor":18.0},{"not_picked":["Disarm","Flex"],"picked":"Iron Wave","floor":20.0},{"not_picked":["Havoc","Cleave"],"picked":"Intimidate","floor":21.0},{"not_picked":["Havoc","Armaments"],"picked":"Fire Breathing","floor":22.0},{"not_picked":["Armaments","Sword Boomerang"],"picked":"Iron Wave+1","floor":24.0},{"not_picked":["Battle Trance","Immolate"],"picked":"Reaper","floor":28.0},{"not_picked":["Entrench","Warcry+1","Sentinel"],"picked":"SKIP","floor":30.0},{"not_picked":["Dual Wield","Cleave","Havoc"],"picked":"SKIP","floor":31.0},{"not_picked":["Immolate","Juggernaut"],"picked":"Double Tap","floor":33.0},{"not_picked":["Clash"],"picked":"SKIP","floor":35.0}],"player_experience":135773,"relics_obtained":[{"floor":6.0,"key":"Red Skull"},{"floor":8.0,"key":"Blue Candle"},{"floor":9.0,"key":"Ancient Tea Set"},{"floor":24.0,"key":"Red Mask"},{"floor":26.0,"key":"MawBank"},{"floor":28.0,"key":"The Courier"},{"floor":30.0,"key":"Juzu Bracelet"}],"event_choices":[{"damage_healed":0.0,"max_hp_gain":0.0,"max_hp_loss":0.0,"gold_gain":0.0,"event_name":"Shining Light","player_choice":"Entered Light","floor":2.0,"gold_loss":0.0,"damage_taken":16.0,"cards_upgraded":["Strike_R","Strike_R"]},{"cards_removed":["Exhume"],"damage_healed":0.0,"max_hp_gain":0.0,"max_hp_loss":0.0,"gold_gain":0.0,"event_name":"WeMeetAgain","player_choice":"Gave Card","floor":4.0,"gold_loss":0.0,"damage_taken":0.0,"relics_obtained":["Lantern"]},{"damage_healed":0.0,"max_hp_gain":0.0,"max_hp_loss":0.0,"gold_gain":0.0,"event_name":"Scrap Ooze","player_choice":"Success","floor":10.0,"gold_loss":0.0,"damage_taken":3.0,"relics_obtained":["War Paint"]},{"damage_healed":0.0,"max_hp_gain":0.0,"max_hp_loss":0.0,"gold_gain":0.0,"event_name":"Masked Bandits","player_choice":"Fought Bandits","floor":24.0,"gold_loss":0.0,"damage_taken":0.0},{"damage_healed":0.0,"max_hp_gain":0.0,"max_hp_loss":0.0,"gold_gain":0.0,"event_name":"The Library","player_choice":"Read","floor":27.0,"gold_loss":0.0,"damage_taken":0.0,"cards_obtained":["Flex"]},{"damage_healed":0.0,"max_hp_gain":0.0,"max_hp_loss":0.0,"gold_gain":0.0,"event_name":"Vampires","player_choice":"Ignored","floor":29.0,"gold_loss":0.0,"damage_taken":0.0},{"damage_healed":0.0,"max_hp_gain":0.0,"max_hp_loss":4.0,"gold_gain":0.0,"event_name":"Winding Halls","player_choice":"Max HP","floor":36.0,"gold_loss":0.0,"damage_taken":0.0},{"damage_healed":0.0,"max_hp_gain":0.0,"max_hp_loss":0.0,"gold_gain":0.0,"event_name":"SecretPortal","player_choice":"Took Portal","floor":37.0,"gold_loss":0.0,"damage_taken":0.0}],"is_beta":false,"boss_relics":[{"not_picked":["Astrolabe","Pandora\u0027s Box"],"picked":"Ectoplasm"},{"not_picked":["Black Star","Runic Pyramid"],"picked":"Busted Crown"}],"items_purged_floors":[19],"is_endless":false,"potions_floor_spawned":[5,7,8,13,14,20,21,28,31,33],"killed_by":"Donu and Deca","ascension_level":7}}