{"host":"fx4ma24vdin0c28l","time":1613438443,"event":{"mods":["AchievementEnabler","BaseMod","Colored Map","Colored Powertips","Minty Spire (QoL Compilation)","Quick Restart"],"gold_per_floor":[118,137,8972,8972,8991,8991,8163,8197,8197,8230,8230,8230,8246,8258,8258,8354,8354,8365,8381,8392,8392,7473,7504,7504,7517,7517,7517,7546,6700,6625,6625,6625,6625,6625,6644,5736,5756,5776,5790,5815,5815,5090,5090,5109,5135,4280,4280,4614,4614,4614,4614,4614,3988,4022,4022],"floor_reached":56,"language":"ENG","playtime":2409,"items_purged":["Strike_B","Strike_B","Strike_B","Defend_B","Defend_B","Strike_B","Defend_B"],"score":1561,"play_id":"0ee85ca5-ff2a-44b1-a315-57634c862f89","local_time":"20210215202043","is_ascension_mode":true,"campfire_choices":[{"data":"Thunder Strike","floor":6,"key":"SMITH"},{"data":"Static Discharge","floor":11,"key":"SMITH"},{"data":"Ball Lightning","floor":15,"key":"SMITH"},{"floor":27,"key":"RECALL"},{"data":"Rainbow","floor":32,"key":"SMITH"},{"data":"Apotheosis","floor":41,"key":"SMITH"},{"data":"Doom and Gloom","floor":49,"key":"SMITH"},{"data":"Tempest","floor":52,"key":"SMITH"}],"circlet_count":0,"master_deck":["Zap+1","Dualcast","Ball Lightning","Conserve Battery","Ball Lightning+1","Thunder Strike+1","Reboot+1","Doom and Gloom+1","Conserve Battery","Swift Strike","Conserve Battery","Static Discharge+1","Self Repair","Ball Lightning","Rainbow+1","CurseOfTheBell","Defragment","Ball Lightning","Tempest+1","Apotheosis+1","Self Repair","Good Instincts+1","Defragment+1","Aggregate+1","Finesse","Thunder Strike+1","Zap+1","Panache","Flash of Steel+1","Capacitor+1","Flash of Steel+1","Storm","Madness","Madness","Double Energy+1"],"relics":["Cracked Core","Question Card","Cauldron","Bottled Flame","Ancient Tea Set","Ginger","Sling","Thread and Needle","StoneCalendar","Pantograph","Calling Bell","MealTicket","Letter Opener","FossilizedHelix","Nunchaku","InkBottle","Smiling Mask","FaceOfCleric","Vajra","Molten Egg 2","Omamori","Incense Burner","Lee\u0027s Waffle","Busted Crown","Lantern","Oddly Smooth Stone","DollysMirror","Calipers","TheAbacus","Toy Ornithopter","Bottled Lightning","Singing Bowl","Mummified Hand","HornCleat","Toolbox","Old Coin","Eternal Feather","ClockworkSouvenir","War Paint","Happy Flower"],"acts_visited":["Exordium","TheCity","TheBeyond","TheEnding"],"potions_floor_usage":[10,10,20,20,23,23,23,33,33,33,39,39,50,55,55,55],"damage_taken":[{"damage":6,"enemies":"Cultist","floor":1,"turns":3},{"damage":5,"enemies":"2 Louse","floor":2,"turns":3},{"damage":7,"enemies":"Small Slimes","floor":5,"turns":2},{"damage":20,"enemies":"3 Sentries","floor":8,"turns":4},{"damage":9,"enemies":"Lagavulin","floor":10,"turns":5},{"damage":0,"enemies":"Blue Slaver","floor":13,"turns":2},{"damage":0,"enemies":"Lots of Slimes","floor":14,"turns":2},{"damage":17,"enemies":"Slime Boss","floor":16,"turns":6},{"damage":5,"enemies":"3 Byrds","floor":18,"turns":4},{"damage":9,"enemies":"Shell Parasite","floor":19,"turns":4},{"damage":21,"enemies":"Shelled Parasite and Fungi","floor":20,"turns":3},{"damage":0,"enemies":"Slavers","floor":23,"turns":3},{"damage":25,"enemies":"Chosen and Byrds","floor":25,"turns":5},{"damage":27,"enemies":"Gremlin Leader","floor":28,"turns":3},{"damage":3,"enemies":"Champ","floor":33,"turns":7},{"damage":6,"enemies":"3 Darklings","floor":35,"turns":3},{"damage":1,"enemies":"3 Shapes","floor":37,"turns":2},{"damage":41,"enemies":"Writhing Mass","floor":38,"turns":3},{"damage":7,"enemies":"3 Darklings","floor":39,"turns":3},{"damage":15,"enemies":"Giant Head","floor":40,"turns":6},{"damage":0,"enemies":"Jaw Worm Horde","floor":44,"turns":3},{"damage":0,"enemies":"Nemesis","floor":45,"turns":5},{"damage":0,"enemies":"Giant Head","floor":48,"turns":4},{"damage":13,"enemies":"Awakened One","floor":50,"turns":6},{"damage":0,"enemies":"Shield and Spear","floor":54,"turns":2},{"damage":125,"enemies":"The Heart","floor":55,"turns":7}],"seed_played":"-8816527229551679873","potions_obtained":[{"floor":3,"key":"LiquidMemories"},{"floor":3,"key":"FocusPotion"},{"floor":3,"key":"Regen Potion"},{"floor":16,"key":"PowerPotion"},{"floor":18,"key":"LiquidMemories"},{"floor":20,"key":"EssenceOfDarkness"},{"floor":25,"key":"SteroidPotion"},{"floor":35,"key":"SkillPotion"},{"floor":48,"key":"Fruit Juice"}],"is_trial":false,"path_per_floor":["M","M","$","?","M","R","$","E","T","E","R","?","M","M","R","B",null,"M","M","M","?","$","E","?","M","T","R","E","$","?","?","R","B",null,"M","$","M","M","M","E","R","$","T","M","E","$","?","E","R","B",null,"R","$","E","B",null],"character_chosen":"DEFECT","items_purchased":["Ball Lightning","Thunder Strike","Question Card","Reboot","Cauldron","Bottled Flame","Ancient Tea Set","Ginger","Sling","Conserve Battery","Swift Strike","Apotheosis","Nunchaku","InkBottle","Self Repair","Good Instincts","Explosive Potion","Omamori","Incense Burner","Lee\u0027s Waffle","Finesse","SteroidPotion","Weak Potion","Lantern","Oddly Smooth Stone","DollysMirror","Panache","Flash of Steel+1","Fire Potion","Dexterity Potion","TheAbacus","Toy Ornithopter","Bottled Lightning","BlessingOfTheForge","Regen Potion","Mummified Hand","HornCleat","Toolbox","Flash of Steel+1","Storm","Eternal Feather","ClockworkSouvenir","DuplicationPotion","War Paint"],"campfire_rested":0,"item_purchase_floors":[3,3,3,3,3,3,7,7,7,7,7,22,22,22,22,22,22,29,29,29,29,29,29,36,36,36,36,36,36,36,42,42,42,42,42,46,46,46,46,46,53,53,53,53],"current_hp_per_floor":[76,71,71,71,64,64,64,44,44,49,49,49,49,56,56,71,82,82,80,59,59,74,82,82,68,68,68,49,91,91,91,91,92,92,87,93,93,60,68,74,74,89,89,98,101,101,88,99,99,105,108,108,108,111,24],"gold":4022,"neow_bonus":"TEN_PERCENT_HP_BONUS","is_daily":false,"chose_seed":false,"campfire_upgraded":7,"win_rate":0.0,"timestamp":1613438443,"path_taken":["M","M","$","?","M","R","$","E","T","E","R","?","?","M","R","BOSS","M","?","M","?","$","E","?","?","T","R","E","$","?","?","R","BOSS","M","$","M","M","M","E","R","?","T","M","E","$","?","E","R","BOSS","R","$","E","BOSS"],"items_purchased_type":["Card","Card","Relic","Card","Relic","Relic","Relic","Relic","Relic","Card","Card","Card","Relic","Relic","Card","Card","Potion","Relic","Relic","Relic","Card","Potion","Potion","Relic","Relic","Relic","Card","Card","Potion","Potion","Relic","Relic","Relic","Potion","Potion","Relic","Relic","Relic","Card","Card","Relic","Relic","Potion","Relic"],"build_version":"2020-12-22","purchased_purges":7,"victory":true,"max_hp_per_floor":[82,82,82,82,82,82,82,82,82,82,82,82,82,82,82,82,82,82,82,82,82,82,82,82,83,83,83,84,91,91,91,91,92,92,93,93,94,95,96,97,97,97,97,98,101,101,101,102,102,108,108,108,108,111,112],"card_choices":[{"not_picked":["Go for the Eyes","Stack"],"picked":"Ball Lightning","floor":1},{"not_picked":["Leap","Cold Snap"],"picked":"Conserve Battery","floor":2},{"not_picked":["Coolheaded","Cold Snap","Reinforced Body"],"picked":"Doom and Gloom","floor":5},{"not_picked":["Go for the Eyes","Glacier","Thunder Strike"],"picked":"Conserve Battery","floor":8},{"not_picked":["Capacitor","Streamline","Doom and Gloom"],"picked":"Static Discharge","floor":10},{"not_picked":["Leap","Steam","Coolheaded"],"picked":"Self Repair","floor":13},{"not_picked":["Conserve Battery","Hologram","Beam Cell"],"picked":"Ball Lightning","floor":14},{"not_picked":["Machine Learning","Seek","Fission"],"picked":"Rainbow","floor":16},{"not_picked":["Steam Power","Self Repair+1","Rebound"],"picked":"Defragment","floor":18},{"not_picked":["Sweeping Beam+1","Steam","Beam Cell+1"],"picked":"Ball Lightning","floor":19},{"not_picked":["Cold Snap","Compile Driver+1","Leap"],"picked":"Tempest","floor":20},{"not_picked":["Fission","Heatsinks","Sweeping Beam"],"picked":"Defragment+1","floor":23},{"not_picked":["Ball Lightning","Sweeping Beam","Reinforced Body"],"picked":"Aggregate+1","floor":25},{"not_picked":["Reprogram+1","Self Repair+1","Melter+1","Steam Power"],"picked":"SKIP","floor":28},{"not_picked":["Biased Cognition","Seek","Buffer"],"picked":"Thunder Strike+1","floor":33},{"not_picked":["Ball Lightning+1","Sweeping Beam+1"],"picked":"SKIP","floor":35},{"not_picked":["Stack+1","Barrage+1"],"picked":"SKIP","floor":37},{"not_picked":["Go for the Eyes+1","Hologram"],"picked":"SKIP","floor":38},{"not_picked":["Leap","Force Field"],"picked":"SKIP","floor":39},{"not_picked":["Ball Lightning+1","Barrage+1"],"picked":"SKIP","floor":40},{"not_picked":["Genetic Algorithm"],"picked":"Capacitor+1","floor":44},{"not_picked":["Rebound+1","Rainbow"],"picked":"Singing Bowl","floor":45},{"not_picked":["Hologram"],"picked":"Double Energy+1","floor":48},{"not_picked":["Skim+1","Melter+1"],"picked":"Singing Bowl","floor":54}],"player_experience":64555,"relics_obtained":[{"floor":8,"key":"Thread and Needle"},{"floor":9,"key":"StoneCalendar"},{"floor":10,"key":"Pantograph"},{"floor":17,"key":"MealTicket"},{"floor":17,"key":"Letter Opener"},{"floor":17,"key":"FossilizedHelix"},{"floor":23,"key":"Smiling Mask"},{"floor":26,"key":"Vajra"},{"floor":28,"key":"Molten Egg 2"},{"floor":40,"key":"Calipers"},{"floor":45,"key":"Singing Bowl"},{"floor":48,"key":"Old Coin"},{"floor":54,"key":"Happy Flower"}],"event_choices":[{"damage_healed":0,"gold_gain":0,"player_choice":"Ignored","damage_taken":0,"max_hp_gain":0,"max_hp_loss":0,"event_name":"Golden Wing","floor":4,"gold_loss":0},{"damage_healed":0,"gold_gain":0,"player_choice":"Upgraded","damage_taken":0,"max_hp_gain":0,"max_hp_loss":0,"event_name":"Upgrade Shrine","floor":12,"gold_loss":0,"cards_upgraded":["Zap"]},{"damage_healed":0,"gold_gain":0,"player_choice":"Ignored","damage_taken":0,"max_hp_gain":0,"max_hp_loss":0,"event_name":"Ghosts","floor":21,"gold_loss":0},{"damage_healed":0,"gold_gain":0,"player_choice":"Trade","damage_taken":0,"relics_obtained":["FaceOfCleric"],"max_hp_gain":0,"max_hp_loss":0,"event_name":"FaceTrader","floor":24,"gold_loss":0},{"cards_removed":["Defend_B"],"damage_healed":0,"gold_gain":0,"player_choice":"Gave Gold","damage_taken":0,"max_hp_gain":0,"max_hp_loss":0,"event_name":"Beggar","floor":30,"gold_loss":75},{"damage_healed":0,"gold_gain":0,"player_choice":"Ignored","damage_taken":0,"max_hp_gain":0,"max_hp_loss":0,"event_name":"Golden Shrine","floor":31,"gold_loss":0},{"damage_healed":0,"gold_gain":0,"player_choice":"Embrace Madness","damage_taken":13,"max_hp_gain":0,"max_hp_loss":0,"event_name":"Winding Halls","floor":47,"gold_loss":0,"cards_obtained":["Madness","Madness"]}],"is_beta":false,"boss_relics":[{"not_picked":["Astrolabe","Snecko Eye"],"picked":"Calling Bell"},{"not_picked":["Sozu","SacredBark"],"picked":"Busted Crown"}],"items_purged_floors":[3,7,22,29,36,42,46],"is_endless":false,"potions_floor_spawned":[5,8,16,18,19,20,25,35,44,45,48,54],"ascension_level":1}}