{"host":"xc18ixkpjvqrt8st","time":1613440185,"event":{"mods":["Act Like it!","BaseMod","Better Match","Better Third Choice","Conspire","Hallownest","Hermit","Minty Spire (QoL Compilation)","Reliquary","Robot Space Explorer","Shop Mod","Spicy Shops","Spire Arcade","StSLib","The Animator","The Jungle","The Sage"],"gold_per_floor":[110,126,143,143,165,165,206,206,287,302,321,321,350,362,362,473,473,486,486,486],"floor_reached":19,"language":"ENG","playtime":942,"items_purged":[],"score":190,"play_id":"ebb2ad8f-2940-4e49-9c42-4b7796c225ba","local_time":"20210215194945","is_ascension_mode":true,"campfire_choices":[{"floor":6,"key":"REST"},{"floor":8,"key":"REST"},{"floor":15,"key":"REST"}],"circlet_count":0,"master_deck":["animator:Strike_Overlord","animator:Defend_Overlord","animator:Strike","animator:Strike","animator:Strike","animator:Defend","animator:Defend","animator:Defend","animator:Cocytus","animator:Demiurge+1","animator:YachiyoNanami","animator:Yoichi","animator:Yoichi","Setup","animator:NarberalGamma","animator:MetalKnight","animator:PandorasActor","animator:MumenRider","animator:Genos","animator:Saitama","animator:Biyorigo","animator:Azekura+1"],"relics":["animator:LivingPicture","animator:TheMissingPiece","NeowsBlessing","Red Skull","Oddly Smooth Stone","Meat on the Bone","Black Star"],"acts_visited":["Exordium","TheCity"],"potions_floor_usage":[5,13,16,16],"damage_taken":[{"damage":0,"enemies":"Small Slimes","floor":1,"turns":1},{"damage":0,"enemies":"Jaw Worm","floor":2,"turns":1},{"damage":0,"enemies":"conspire:RoseBush","floor":3,"turns":1},{"damage":50,"enemies":"Gremlin Gang","floor":5,"turns":7},{"damage":17,"enemies":"Lagavulin","floor":7,"turns":9},{"damage":15,"enemies":"2 Fungi Beasts","floor":10,"turns":3},{"damage":13,"enemies":"Large Slime","floor":11,"turns":5},{"damage":5,"enemies":"Exordium Thugs","floor":13,"turns":4},{"damage":6,"enemies":"2 Fungi Beasts","floor":14,"turns":5},{"damage":48,"enemies":"The Guardian","floor":16,"turns":10},{"damage":59,"enemies":"Chosen","floor":18,"turns":7},{"damage":12,"enemies":"Shell Parasite","floor":19,"turns":6}],"seed_played":"6189604680010845042","potions_obtained":[{"floor":1,"key":"Regen Potion"},{"floor":7,"key":"Strength Potion"},{"floor":10,"key":"Explosive Potion"},{"floor":13,"key":"GamblersBrew"},{"floor":14,"key":"BlessingOfTheForge"}],"is_trial":false,"path_per_floor":["M","M","M","?","M","R","E","R","T","M","M","?","M","M","R","B",null,"M","M"],"character_chosen":"THE_ANIMATOR","items_purchased":[],"campfire_rested":3,"item_purchase_floors":[],"current_hp_per_floor":[66,66,66,52,16,35,18,37,37,35,35,35,42,37,57,21,69,23,11,11],"gold":486,"neow_bonus":"THREE_ENEMY_KILL","is_daily":false,"chose_seed":false,"campfire_upgraded":0,"win_rate":0.0,"timestamp":1613440185,"path_taken":["M","M","M","?","M","R","E","R","T","M","M","?","?","M","R","BOSS","M","M"],"items_purchased_type":[],"build_version":"2020-12-22","purchased_purges":0,"victory":false,"max_hp_per_floor":[66,66,66,66,66,66,66,66,66,67,68,68,68,69,69,69,69,70,70,70],"card_choices":[{"not_picked":["animator:Cocytus","animator:Rena"],"picked":"animator:YachiyoNanami","floor":1},{"not_picked":["animator:LizardPriest","animator:Ain"],"picked":"animator:Yoichi","floor":2},{"not_picked":["animator:YachiyoNanami","animator:SuzuneAmano"],"picked":"animator:Yoichi","floor":3},{"not_picked":["animator:Entoma","animator:Evileye"],"picked":"animator:NarberalGamma","floor":5},{"not_picked":["animator:GuildGirl","animator:Elesis"],"picked":"animator:MetalKnight","floor":7},{"not_picked":["animator:YuiTsuruno","animator:DwarfShaman"],"picked":"animator:PandorasActor","floor":10},{"not_picked":["animator:TsurugaMeisai","animator:Togame"],"picked":"animator:MumenRider","floor":11},{"not_picked":["animator:SilverFang","animator:Melzalgald"],"picked":"animator:Genos","floor":13},{"not_picked":["animator:CowGirl","animator:PandorasActor"],"picked":"animator:Saitama","floor":14},{"not_picked":["animator:HomuraAkemi","animator:SwordMaiden"],"picked":"animator:Biyorigo","floor":16},{"not_picked":["animator:SilverFang","animator:Yoichi+1"],"picked":"animator:Azekura+1","floor":18}],"player_experience":657588,"relics_obtained":[{"floor":7,"key":"Oddly Smooth Stone"},{"floor":9,"key":"Meat on the Bone"}],"event_choices":[{"damage_healed":0,"gold_gain":0,"player_choice":"Upgraded","damage_taken":0,"max_hp_gain":0,"max_hp_loss":0,"event_name":"Upgrade Shrine","floor":12,"gold_loss":0,"cards_upgraded":["animator:Demiurge"]}],"is_beta":false,"boss_relics":[{"not_picked":["reliquary:Craggleroot","Cursed Key"],"picked":"Black Star"}],"items_purged_floors":[],"is_endless":false,"potions_floor_spawned":[1,7,10,13,14],"killed_by":"Shell Parasite","ascension_level":2}}