{"host":"ippeulvg90hectqg","time":1613465532,"event":{"mods":["BaseMod","Downfall","Hermit","Infinite Spire","Lobotomy","Minty Spire (QoL Compilation)","Replay The Spire","StSLib","The Saiyan"],"gold_per_floor":[88,101,113,132,132,132,157,157,207,207,227,247,266,191,191,292,292,303,303,303,303,317,317,332,365,391,391,291,302,334,349,349,468,468,511,564,621,679,179,222,246,296,296,328,328,364,364,364,364,490,490,490],"floor_reached":51,"language":"ZHS","playtime":4967,"items_purged":["Saiyan:SAIYA_Strike","Saiyan:SAIYA_Strike","Saiyan:SAIYA_Strike"],"score":978,"play_id":"dc212f03-e1ce-43b9-a349-8466eb550da0","local_time":"20210216165212","is_ascension_mode":false,"campfire_choices":[{"data":"Saiyan:EnergyBlast","floor":6.0,"key":"SMITH"},{"data":"Saiyan:KameHameHa","floor":8.0,"key":"SMITH"},{"data":"Saiyan:TurtleShell","floor":10.0,"key":"SMITH"},{"floor":15.0,"key":"DIG"},{"data":"Saiyan:HyperTimeChamber","floor":23.0,"key":"SMITH"},{"floor":27.0,"key":"REST"},{"data":"Saiyan:Teleport","floor":32.0,"key":"SMITH"},{"data":"Saiyan:SuperSaiyanThree","floor":45.0,"key":"SMITH"},{"data":"Saiyan:Rekindle","floor":47.0,"key":"SMITH"},{"floor":49.0,"key":"REST"}],"circlet_count":0,"master_deck":["Saiyan:SAIYA_Strike","Saiyan:SAIYA_Defend","Saiyan:SAIYA_Defend","Saiyan:SAIYA_Defend","Saiyan:SAIYA_Defend","Saiyan:EnergyBlast+1","Saiyan:KaioKen+1","Saiyan:RuthlessBlow","Saiyan:Quickening","Saiyan:Medicine","Saiyan:TurtleShell+1","Saiyan:KameHameHa+1","Saiyan:Makankosappo","Saiyan:ExpandingShockwave","Saiyan:TurtleShell","Saiyan:HyperTimeChamber+1","Saiyan:Flurry","RitualDagger","Saiyan:BigBangAttack","Saiyan:PowerUp","Saiyan:Rekindle+1","Saiyan:Scouter","Saiyan:Teleport+1","Saiyan:GenkiDama","Saiyan:SuperSaiyanForm+1","Saiyan:KiExplosion+1","Saiyan:Expend+1","Saiyan:DragonFist+1","Saiyan:DragonFist+1","Saiyan:CCCapsule","Saiyan:SuperSaiyanThree+1","Saiyan:PowerUp+1","Saiyan:FingerParry+1","Saiyan:SuperSaiyanThree"],"relics":["SaiyanSoul","SaiyanHeart","HornCleat","Bronze Scales","ReplayTheSpireMod:Lightbulb","Mango","Honey Jar","ReplayTheSpireMod:Ring of Exchange","ReplayTheSpireMod:Ring of Addiction","SacredBark","Potion Belt","Sundial","Oddly Smooth Stone","Nunchaku","infinitespire:EvilPickle","ChewingGum","Garlic","infinitespire:CursedDice","Divine Protection","SlaversCollar"],"acts_visited":["Exordium","TheCity","TheBeyond"],"potions_floor_usage":[],"damage_taken":[{"damage":0.0,"enemies":"Cultist","floor":1.0,"turns":3.0},{"damage":0.0,"enemies":"Small Slimes","floor":2.0,"turns":2.0},{"damage":0.0,"enemies":"Jaw Worm","floor":3.0,"turns":4.0},{"damage":10.0,"enemies":"Blue Slaver","floor":4.0,"turns":3.0},{"damage":16.0,"enemies":"3 Sentries","floor":7.0,"turns":11.0},{"damage":12.0,"enemies":"2 Fungi Beasts","floor":11.0,"turns":3.0},{"damage":19.0,"enemies":"Exordium Wildlife","floor":12.0,"turns":2.0},{"damage":3.0,"enemies":"Looter","floor":13.0,"turns":2.0},{"damage":20.0,"enemies":"The Guardian","floor":16.0,"turns":10.0},{"damage":13.0,"enemies":"Shell Parasite","floor":18.0,"turns":5.0},{"damage":12.0,"enemies":"2 Thieves","floor":22.0,"turns":3.0},{"damage":4.0,"enemies":"Centurion and Healer","floor":24.0,"turns":6.0},{"damage":32.0,"enemies":"Slavers","floor":25.0,"turns":6.0},{"damage":0.0,"enemies":"Sentry and Sphere","floor":29.0,"turns":6.0},{"damage":18.0,"enemies":"Nightmare","floor":30.0,"turns":9.0},{"damage":0.0,"enemies":"Snake Plant","floor":31.0,"turns":6.0},{"damage":28.0,"enemies":"Pondfish","floor":33.0,"turns":9.0},{"damage":3.0,"enemies":"Orb Walker","floor":35.0,"turns":4.0},{"damage":20.0,"enemies":"3 Shapes","floor":36.0,"turns":6.0},{"damage":0.0,"enemies":"Transient","floor":37.0,"turns":5.0},{"damage":27.0,"enemies":"3 Darklings","floor":38.0,"turns":4.0},{"damage":1.0,"enemies":"R_Hoarder","floor":40.0,"turns":8.0},{"damage":0.0,"enemies":"Spire Growth","floor":41.0,"turns":6.0},{"damage":17.0,"enemies":"Giant Head","floor":42.0,"turns":9.0},{"damage":0.0,"enemies":"Transient","floor":44.0,"turns":5.0},{"damage":0.0,"enemies":"Maw","floor":46.0,"turns":7.0},{"damage":69.0,"enemies":"Awakened One","floor":50.0,"turns":13.0}],"seed_played":"3172297949515474207","potions_obtained":[{"floor":1.0,"key":"Block Potion"},{"floor":3.0,"key":"EntropicBrew"},{"floor":13.0,"key":"Dexterity Potion"},{"floor":19.0,"key":"LiquidBronze"},{"floor":19.0,"key":"FearPotion"},{"floor":19.0,"key":"Toxic Potion"},{"floor":24.0,"key":"SpeedPotion"},{"floor":29.0,"key":"Fire Potion"},{"floor":33.0,"key":"LifebloodPotion"},{"floor":37.0,"key":"SpeedPotion"},{"floor":40.0,"key":"Elixir"},{"floor":41.0,"key":"AttackPotion"},{"floor":50.0,"key":"SpeedPotion"}],"is_trial":false,"path_per_floor":["M","M","M","M","?","R","E","R","T","R","M","M","M","$","R","B",null,"M","?","?","?","M","R","M","E","T","R","$","M","NM","M","R","B",null,"M","M","M","M","$","E","M","E","T","M","R","M","R","?","R","B",null],"character_chosen":"SAIYAJIN","items_purchased":["Garlic","FearPotion","LifebloodPotion"],"campfire_rested":2,"item_purchase_floors":[39,39,39],"current_hp_per_floor":[62,63,65,56,56,56,43,43,43,43,35,17,14,14,28,11,82,71,71,65,65,54,54,53,26,26,51,51,55,40,45,45,21,86,84,67,73,51,51,52,56,43,43,49,49,54,54,54,83,19,99,99],"gold":490,"neow_bonus":"UPGRADE_CARD","is_daily":false,"chose_seed":false,"campfire_upgraded":7,"win_rate":0.0,"timestamp":1613465532,"path_taken":["M","M","?","M","?","R","E","R","T","R","?","M","M","$","R","BOSS","M","?","?","?","?","R","M","E","T","R","$","M","NM","M","R","BOSS","M","M","M","M","$","E","M","E","T","M","R","M","R","?","R","BOSS"],"items_purchased_type":["Relic","Potion","Potion"],"build_version":"2020-12-22","purchased_purges":3,"victory":false,"max_hp_per_floor":[62,63,65,66,66,66,66,66,66,66,67,68,68,68,82,82,82,83,83,83,83,84,82,82,84,84,84,84,83,83,85,85,86,86,87,87,90,92,92,94,95,96,96,99,99,99,99,99,97,99,99,99],"card_choices":[{"not_picked":["Saiyan:Endure","Saiyan:Honing"],"picked":"Saiyan:Quickening","floor":1.0},{"not_picked":["Saiyan:PlotArmor","Saiyan:SaiyanHubris"],"picked":"Saiyan:Medicine","floor":2.0},{"not_picked":["Saiyan:SpiritSword","Saiyan:Quickening","Saiyan:SaiyanHubris"],"picked":"SKIP","floor":3.0},{"not_picked":["Saiyan:FingerParry","Saiyan:ExpandingShockwave"],"picked":"Saiyan:TurtleShell","floor":4.0},{"not_picked":["Saiyan:Flurry","Saiyan:SuperSaiyanForm"],"picked":"Saiyan:KameHameHa","floor":7.0},{"not_picked":["Saiyan:UltraInstinct","Saiyan:BigBangAttack"],"picked":"Saiyan:Makankosappo","floor":11.0},{"not_picked":["Saiyan:ReverberatingForce","Saiyan:Momentum"],"picked":"Saiyan:ExpandingShockwave","floor":12.0},{"not_picked":["Saiyan:FingerParry","Saiyan:Reset"],"picked":"Saiyan:TurtleShell","floor":13.0},{"not_picked":["Saiyan:MindBoom","Saiyan:SenzuBean"],"picked":"Saiyan:HyperTimeChamber","floor":16.0},{"not_picked":["Saiyan:ThirstForFight+1","Saiyan:Scouter","Saiyan:PlotArmor"],"picked":"Saiyan:Flurry","floor":18.0},{"not_picked":["Saiyan:TurtleShell","Saiyan:PowerStance+1","Saiyan:UltraInstinct"],"picked":"Saiyan:BigBangAttack","floor":22.0},{"not_picked":["Saiyan:DoubleMasenko","Saiyan:MeteorDash","Saiyan:Planning"],"picked":"Saiyan:PowerUp","floor":24.0},{"not_picked":["Saiyan:Afterimage","Saiyan:HyperTimeChamber","Saiyan:Medicine"],"picked":"Saiyan:Rekindle","floor":25.0},{"not_picked":["Saiyan:SoulSpice","Saiyan:DoubleMasenko","Saiyan:BurningSoul"],"picked":"Saiyan:RemoveWeights+1","floor":29.0},{"not_picked":["Saiyan:KameHameHa+1","Saiyan:Flurry","Saiyan:BigBangAttack"],"picked":"Saiyan:Scouter","floor":30.0},{"not_picked":["Saiyan:Pacing","Saiyan:BigBangAttack","Saiyan:Medicine"],"picked":"Saiyan:Teleport","floor":31.0},{"not_picked":["Saiyan:Momentum","Saiyan:MonkeyTail","Saiyan:SenzuBean"],"picked":"Saiyan:GenkiDama","floor":33.0},{"not_picked":["Saiyan:FinalFlash+1","Saiyan:TurtleShell","Saiyan:Quickening+1"],"picked":"Saiyan:SuperSaiyanForm+1","floor":35.0},{"not_picked":["Saiyan:Teleport","Saiyan:SpiritSword","Saiyan:PowerUp"],"picked":"Saiyan:KiExplosion+1","floor":36.0},{"not_picked":["Saiyan:Kienzan","Saiyan:PlotArmor","Saiyan:FingerParry+1"],"picked":"Saiyan:Expend+1","floor":37.0},{"not_picked":["Saiyan:Rekindle","Saiyan:BurningSoul","Saiyan:Quickening+1"],"picked":"Saiyan:DragonFist+1","floor":38.0},{"not_picked":["Saiyan:Quickening","Saiyan:SoulSpice","Saiyan:ThirstForFight+1"],"picked":"Saiyan:DragonFist+1","floor":40.0},{"not_picked":["Saiyan:Scouter+1","Saiyan:SaiyanHubris+1","Saiyan:DragonFist+1"],"picked":"Saiyan:CCCapsule","floor":41.0},{"not_picked":["Saiyan:BackAttack+1","Saiyan:Quickening","Saiyan:FingerParry+1"],"picked":"Saiyan:SuperSaiyanThree","floor":42.0},{"not_picked":["Saiyan:AugmentedBlast","Saiyan:Makankosappo+1","Saiyan:ExpandingShockwave+1"],"picked":"Saiyan:PowerUp+1","floor":44.0},{"not_picked":["Saiyan:PressOn+1","Saiyan:Quickening+1","Saiyan:FinalFlash+1"],"picked":"Saiyan:FingerParry+1","floor":46.0},{"not_picked":["Saiyan:Momentum","Saiyan:HyperTimeChamber","Saiyan:SenzuBean"],"picked":"Saiyan:SuperSaiyanThree","floor":50.0}],"player_experience":574602,"relics_obtained":[{"floor":7.0,"key":"Bronze Scales"},{"floor":9.0,"key":"ReplayTheSpireMod:Lightbulb"},{"floor":15.0,"key":"Mango"},{"floor":19.0,"key":"ReplayTheSpireMod:Ring of Exchange"},{"floor":19.0,"key":"ReplayTheSpireMod:Ring of Addiction"},{"floor":19.0,"key":"SacredBark"},{"floor":19.0,"key":"Potion Belt"},{"floor":25.0,"key":"Sundial"},{"floor":26.0,"key":"Oddly Smooth Stone"},{"floor":30.0,"key":"Nunchaku"},{"floor":40.0,"key":"infinitespire:CursedDice"},{"floor":42.0,"key":"Divine Protection"}],"event_choices":[{"damage_healed":0.0,"max_hp_gain":0.0,"max_hp_loss":0.0,"gold_gain":0.0,"event_name":"WeMeetAgain","player_choice":"Gave Potion","floor":5.0,"gold_loss":0.0,"damage_taken":0.0,"relics_obtained":["HornCleat"]},{"damage_healed":0.0,"max_hp_gain":0.0,"max_hp_loss":0.0,"gold_gain":0.0,"event_name":"Nest","player_choice":"Joined the Cult","floor":20.0,"gold_loss":0.0,"damage_taken":6.0,"cards_obtained":["RitualDagger"]},{"cards_removed":["Saiyan:RemoveWeights"],"damage_healed":0.0,"max_hp_gain":0.0,"max_hp_loss":0.0,"gold_gain":0.0,"event_name":"Falling","player_choice":"Removed Skill","floor":48.0,"gold_loss":0.0,"damage_taken":0.0}],"is_beta":false,"boss_relics":[{"not_picked":["Astrolabe","Velvet Choker"],"picked":"Honey Jar"},{"not_picked":["Replay:Ancient Bell","ReplayTheSpireMod:CursedCoin"],"picked":"ChewingGum"},{"not_picked":["Fusion Hammer","bronze:MakeshiftBattery"],"picked":"SlaversCollar"}],"items_purged_floors":[14,28,39],"is_endless":true,"potions_floor_spawned":[1,3,13,24,29,33,37,40,41,50],"ascension_level":0}}