{"host":"qz0goigh82dax5l2","time":1613476952,"event":{"mods":["Act Like it!","Alarm Clock","BaseMod","Hallownest","Minty Spire (QoL Compilation)","Quick Restart","StSLib","The Runesmith"],"gold_per_floor":[110,126,126,31,91,123,137,170,170,187,187,106,119,132,132,232,232,251,251,94,63,162,2,2,2,71,71,102,102,102,102],"floor_reached":30,"language":"ZHS","playtime":1493,"items_purged":[],"score":281,"play_id":"0405e26c-285d-41ee-8860-676fabb46702","local_time":"20210216200232","is_ascension_mode":false,"campfire_choices":[{"floor":11,"key":"REST"},{"floor":15,"key":"REST"},{"floor":25,"key":"REST"},{"floor":27,"key":"REST"}],"circlet_count":0,"master_deck":["Runesmith:Strike_RS","Runesmith:Strike_RS","Runesmith:Strike_RS","Runesmith:Strike_RS","Runesmith:Defend_RS","Runesmith:Defend_RS","Runesmith:Defend_RS","Runesmith:Defend_RS+1","Runesmith:CraftFirestone","Runesmith:Fortify+1","Runesmith:EnergizedChisel","Runesmith:CraftIndustria","Runesmith:Permafrost","Runesmith:RuneHurl","Runesmith:GoWithTheFlow","Runesmith:ElementalConversion","Runesmith:UnlimitedPower","Runesmith:Discharge","Runesmith:Reinforce","Runesmith:Terraform","Runesmith:HeatedChisel","Runesmith:CraftPrismatica","Runesmith:Repurpose","Runesmith:Firestorm","Runesmith:Supernova","Runesmith:ChiselStab","Runesmith:EarthShield","Runesmith:LithiumIon","Runesmith:Augment","Shame","Writhe","Runesmith:UnstableHammer+1"],"relics":["Runesmith:BrokenRuby","NeowsBlessing","Strawberry","Torii","Cursed Key","Lantern","Sundial","Pantograph"],"acts_visited":["Exordium","TheCity"],"potions_floor_usage":[8,8,28,28,30],"damage_taken":[{"damage":0,"enemies":"Jaw Worm","floor":1,"turns":1},{"damage":0,"enemies":"2 Louse","floor":2,"turns":1},{"damage":0,"enemies":"Gremlin Nob","floor":6,"turns":1},{"damage":0,"enemies":"Small Slimes","floor":7,"turns":3},{"damage":31,"enemies":"Lagavulin","floor":8,"turns":8},{"damage":7,"enemies":"3 Louse","floor":10,"turns":6},{"damage":3,"enemies":"Large Slime","floor":13,"turns":7},{"damage":12,"enemies":"Blue Slaver","floor":14,"turns":6},{"damage":18,"enemies":"Hexaghost","floor":16,"turns":12},{"damage":10,"enemies":"Shell Parasite","floor":18,"turns":9},{"damage":29,"enemies":"2 Thieves","floor":21,"turns":5},{"damage":4,"enemies":"Book of Stabbing","floor":28,"turns":8},{"damage":73,"enemies":"Gremlin Leader","floor":30,"turns":8}],"seed_played":"157360175351671678","potions_obtained":[{"floor":2,"key":"Fire Potion"},{"floor":6,"key":"CultistPotion"},{"floor":7,"key":"Energy Potion"},{"floor":13,"key":"Weak Potion"},{"floor":14,"key":"LiquidBronze"},{"floor":28,"key":"Ancient Potion"}],"is_trial":false,"path_per_floor":["M","M","?","$","?","E","M","E","T","M","R","$","M","M","R","B",null,"M","?","$","M","?","$","?","R","T","R","E","?","E"],"character_chosen":"RUNESMITH_CLASS","items_purchased":["Runesmith:Permafrost","Runesmith:RuneHurl","Runesmith:Reinforce","Runesmith:Firestorm","Runesmith:Supernova","Runesmith:EarthShield","Runesmith:LithiumIon","Runesmith:Augment"],"campfire_rested":4,"item_purchase_floors":[4,4,12,20,20,23,23,23],"current_hp_per_floor":[70,70,56,56,56,63,63,32,32,25,48,48,45,33,56,38,77,67,53,53,24,24,24,24,48,48,72,68,68,0,0],"gold":102,"neow_bonus":"THREE_ENEMY_KILL","is_daily":false,"chose_seed":false,"campfire_upgraded":0,"win_rate":0.0,"timestamp":1613476952,"path_taken":["M","M","?","$","?","E","?","E","T","M","R","$","M","M","R","BOSS","M","?","?","M","?","$","?","R","T","R","E","?","E"],"items_purchased_type":["Card","Card","Card","Card","Card","Card","Card","Card"],"build_version":"2020-12-22","purchased_purges":0,"victory":false,"max_hp_per_floor":[70,70,70,70,70,77,77,77,77,77,77,77,77,77,77,77,77,77,82,82,82,82,82,82,82,82,82,82,82,82,82],"card_choices":[{"not_picked":["Runesmith:StaticCage","Runesmith:MakeshiftArmor"],"picked":"Runesmith:EnergizedChisel","floor":1},{"not_picked":["Runesmith:HeatExchange","Runesmith:UnstableHammer"],"picked":"Runesmith:CraftIndustria","floor":2},{"not_picked":["Runesmith:UnstableHammer","Runesmith:BackupBattery"],"picked":"Runesmith:GoWithTheFlow","floor":6},{"not_picked":["Runesmith:HammerThrow","Runesmith:ChargedHammer"],"picked":"Runesmith:ElementalConversion","floor":7},{"not_picked":["Runesmith:CraftProtectio","Runesmith:HammerTime"],"picked":"Runesmith:UnlimitedPower","floor":8},{"not_picked":["Runesmith:ChargedHammer","Runesmith:ShiftingStrike"],"picked":"Runesmith:Discharge","floor":10},{"not_picked":["Runesmith:MakeshiftArmor","Runesmith:BackupBattery"],"picked":"Runesmith:Terraform","floor":13},{"not_picked":["Runesmith:CraftProtectio","Runesmith:HammerThrow"],"picked":"Runesmith:HeatedChisel","floor":14},{"not_picked":["Runesmith:LastStand","Runesmith:CraftIndustria"],"picked":"Runesmith:CraftPrismatica","floor":16},{"not_picked":["Runesmith:ElementalConversion","Runesmith:EnergizedChisel"],"picked":"Runesmith:Repurpose","floor":18},{"not_picked":["Runesmith:Reinforce","Runesmith:Terraform"],"picked":"Runesmith:ChiselStab","floor":21},{"not_picked":["Runesmith:Augment","Runesmith:NegativeSpace+1"],"picked":"Runesmith:UnstableHammer+1","floor":28}],"player_experience":76270,"relics_obtained":[{"floor":6,"key":"Strawberry"},{"floor":8,"key":"Torii"},{"floor":26,"key":"Sundial"},{"floor":28,"key":"Pantograph"}],"event_choices":[{"damage_healed":0,"gold_gain":0,"player_choice":"Entered Light","damage_taken":14,"max_hp_gain":0,"max_hp_loss":0,"event_name":"Shining Light","floor":3,"gold_loss":0,"cards_upgraded":["Runesmith:Fortify","Runesmith:Defend_RS"]},{"damage_healed":0,"gold_gain":60,"player_choice":"Gained Gold","damage_taken":0,"max_hp_gain":0,"max_hp_loss":0,"event_name":"Golden Wing","floor":5,"gold_loss":0},{"damage_healed":0,"gold_gain":0,"player_choice":"Shed Blood","damage_taken":19,"max_hp_gain":5,"max_hp_loss":0,"event_name":"Forgotten Altar","floor":19,"gold_loss":0},{"damage_healed":0,"gold_gain":99,"player_choice":"Stole From Cult","damage_taken":0,"max_hp_gain":0,"max_hp_loss":0,"event_name":"Nest","floor":22,"gold_loss":0},{"damage_healed":0,"gold_gain":0,"player_choice":"Stole Relic","damage_taken":0,"relics_obtained":["Lantern"],"max_hp_gain":0,"max_hp_loss":0,"event_name":"Addict","floor":24,"gold_loss":0,"cards_obtained":["Shame"]},{"damage_healed":0,"gold_gain":0,"player_choice":"Ignored","damage_taken":0,"max_hp_gain":0,"max_hp_loss":0,"event_name":"Ghosts","floor":29,"gold_loss":0}],"is_beta":false,"boss_relics":[{"not_picked":["Sozu","Snecko Eye"],"picked":"Cursed Key"}],"items_purged_floors":[],"is_endless":false,"potions_floor_spawned":[2,6,7,13,14,18,28],"killed_by":"Gremlin Leader","ascension_level":0}}