{"host":"4aszh1v8x6uog22d","time":1613491566,"event":{"mods":["AchievementEnabler","Act Like it!","Aspiration","BaseMod","Colored Powertips","Conspire","Downfall","Gensokyo","GungeonMod","Hallownest","Marisa£®ÏF”Í°°ƒß¿Ì…≥£©","Minty Spire (QoL Compilation)","Pale of the Ancients","Quick Restart","Random Character Button","Replay The Spire","StSLib","The Jungle"],"gold_per_floor":[196,196,223,223,223,223,223,223,223,223],"floor_reached":11,"language":"ZHS","playtime":119,"items_purged":[],"score":1264,"play_id":"cffe9bab-e54b-4bbf-b316-221c876843f5","local_time":"20210217000606","is_ascension_mode":true,"campfire_choices":[{"floor":4,"key":"RECALL"}],"circlet_count":0,"master_deck":["AscendersBane","Strike_B","Strike_B","Strike_B","Strike_B","Defend_B","Defend_B","Defend_B","Defend_B","Zap","Dualcast"],"relics":["Cracked Core","aspiration:Nostalgia","Burning Blood","aspiration:SeaSaltIceCream","aspiration:Nostalgia","Ring of the Snake"],"acts_visited":["Exordium","TheCity","TheBeyond","TheEnding"],"potions_floor_usage":[],"damage_taken":[{"damage":0,"enemies":"Fading Forest","floor":1,"turns":1},{"damage":0,"enemies":"Slavers","floor":3,"turns":1},{"damage":0,"enemies":"Automaton","floor":6,"turns":1},{"damage":0,"enemies":"Replay:Hell Engine","floor":8,"turns":1},{"damage":45,"enemies":"The Heart","floor":10,"turns":3}],"seed_played":"1733056804019648992","potions_obtained":[{"floor":1,"key":"Adrenaline Potion"},{"floor":3,"key":"FocusPotion"}],"is_trial":false,"path_per_floor":["B",null,"E","R","T","B",null,"B",null,"B",null],"character_chosen":"DEFECT","items_purchased":[],"campfire_rested":0,"item_purchase_floors":[],"current_hp_per_floor":[74,75,75,75,75,75,75,75,75,36],"gold":223,"neow_bonus":"NOSTALGIA","is_daily":false,"chose_seed":false,"campfire_upgraded":0,"win_rate":0.0,"timestamp":1613491566,"path_taken":["BOSS","E","R","T","BOSS","BOSS","BOSS"],"items_purchased_type":[],"build_version":"2020-12-22","purchased_purges":0,"victory":true,"max_hp_per_floor":[75,75,75,75,75,75,75,75,75,75],"card_choices":[{"not_picked":["Beam Cell+1","Machine Learning","Loop"],"picked":"SKIP","floor":3},{"not_picked":["Beam Cell+1","Machine Learning","Loop"],"picked":"SKIP","floor":3}],"player_experience":476160,"relics_obtained":[{"floor":3,"key":"aspiration:SeaSaltIceCream"}],"event_choices":[],"is_beta":false,"boss_relics":[{"not_picked":["aspiration:MarisaSkillbook","Coffee Dripper","bronze:MakeshiftBattery"]},{"not_picked":["Calling Bell","aspiration:RunicSpoon","Ring of Chaos"]}],"items_purged_floors":[],"is_endless":false,"potions_floor_spawned":[1,3,6],"ascension_level":11}}