{"host":"fj5i6t4nkss7815d","time":1613455628,"event":{"mods":["AchievementEnabler","BaseMod","Minty Spire (QoL Compilation)","Quick Restart","Relic Stats"],"gold_per_floor":[111,111,127,147,147,147,171,171,171,171,212,212,251,275,275,373,373,396,411,7,7,23,23,23,48,102,102,140,155,171,46,46,139,139,160,160,175,175,198,239,239,280,280,301,332,368,368,29,29,29,29],"floor_reached":52,"language":"ENG","playtime":5442,"items_purged":["Strike_G","Strike_G"],"score":1890,"play_id":"84b5ea61-a5b9-4137-bbec-c735e89abf7d","local_time":"20210215220708","is_ascension_mode":true,"campfire_choices":[{"floor":6.0,"key":"REST"},{"floor":8.0,"key":"REST"},{"data":"Dagger Spray","floor":10.0,"key":"SMITH"},{"floor":12.0,"key":"REST"},{"data":"Neutralize","floor":15.0,"key":"SMITH"},{"floor":23.0,"key":"REST"},{"floor":24.0,"key":"REST"},{"floor":27.0,"key":"REST"},{"floor":32.0,"key":"REST"},{"floor":41.0,"key":"REST"},{"data":"After Image","floor":47.0,"key":"SMITH"},{"data":"Phantasmal Killer","floor":49.0,"key":"SMITH"}],"circlet_count":0,"master_deck":["AscendersBane","Survivor","Neutralize+1","Endless Agony+1","Deadly Poison","Blade Dance","Dagger Spray+1","Infinite Blades","Die Die Die","Bane","All Out Attack","Dagger Throw","Footwork","Unload","After Image+1","Calculated Gamble","Prepared","Phantasmal Killer+1","Burst","Tactician","Poisoned Stab","Finisher","Adrenaline","Expertise","Slice","Predator","Cloak And Dagger+1","Backflip+1","Accuracy","Blade Dance+1","Panache"],"relics":["Ring of the Serpent","Dead Branch","Golden Idol","Tingsha","WingedGreaves","Gremlin Horn","Peace Pipe","Bag of Marbles","Potion Belt","Vajra","Whetstone","Pandora\u0027s Box","Eternal Feather","Akabeko","Turnip","Pocketwatch","MealTicket"],"acts_visited":["Exordium","TheCity","TheBeyond"],"potions_floor_usage":[],"damage_taken":[{"damage":12.0,"enemies":"2 Louse","floor":1.0,"turns":4.0},{"damage":4.0,"enemies":"Small Slimes","floor":3.0,"turns":4.0},{"damage":0.0,"enemies":"Jaw Worm","floor":4.0,"turns":2.0},{"damage":7.0,"enemies":"Red Slaver","floor":7.0,"turns":3.0},{"damage":8.0,"enemies":"Gremlin Nob","floor":11.0,"turns":3.0},{"damage":20.0,"enemies":"Lagavulin","floor":13.0,"turns":5.0},{"damage":1.0,"enemies":"Exordium Wildlife","floor":14.0,"turns":2.0},{"damage":26.0,"enemies":"The Guardian","floor":16.0,"turns":11.0},{"damage":6.0,"enemies":"3 Byrds","floor":18.0,"turns":3.0},{"damage":35.0,"enemies":"Shell Parasite","floor":19.0,"turns":9.0},{"damage":2.0,"enemies":"Centurion and Healer","floor":22.0,"turns":3.0},{"damage":9.0,"enemies":"Sentry and Sphere","floor":25.0,"turns":5.0},{"damage":19.0,"enemies":"Gremlin Leader","floor":28.0,"turns":4.0},{"damage":13.0,"enemies":"Snake Plant","floor":29.0,"turns":4.0},{"damage":0.0,"enemies":"3 Cultists","floor":30.0,"turns":3.0},{"damage":22.0,"enemies":"Collector","floor":33.0,"turns":5.0},{"damage":9.0,"enemies":"Orb Walker","floor":35.0,"turns":3.0},{"damage":0.0,"enemies":"3 Darklings","floor":37.0,"turns":1.0},{"damage":12.0,"enemies":"Transient","floor":39.0,"turns":6.0},{"damage":12.0,"enemies":"Nemesis","floor":40.0,"turns":5.0},{"damage":0.0,"enemies":"Reptomancer","floor":42.0,"turns":2.0},{"damage":4.0,"enemies":"Maw","floor":44.0,"turns":7.0},{"damage":0.0,"enemies":"Mind Bloom Boss Battle","floor":45.0,"turns":3.0},{"damage":1.0,"enemies":"Giant Head","floor":46.0,"turns":4.0},{"damage":50.0,"enemies":"Awakened One","floor":50.0,"turns":11.0},{"damage":6,"enemies":"Donu and Deca","floor":51,"turns":6}],"seed_played":"8932322664912919791","potions_obtained":[{"floor":3.0,"key":"Swift Potion"},{"floor":14.0,"key":"DistilledChaos"},{"floor":19.0,"key":"GhostInAJar"},{"floor":21.0,"key":"Strength Potion"},{"floor":21.0,"key":"PowerPotion"},{"floor":22.0,"key":"SmokeBomb"},{"floor":29.0,"key":"SkillPotion"},{"floor":37.0,"key":"CunningPotion"},{"floor":40.0,"key":"Dexterity Potion"},{"floor":42.0,"key":"SkillPotion"},{"floor":45.0,"key":"SteroidPotion"}],"is_trial":false,"path_per_floor":["M","?","M","M","?","R","M","R","T","R","E","R","E","M","R","B",null,"M","M","$","?","M","R","R","M","T","R","E","M","M","$","R","B",null,"M","?","M","?","M","E","R","E","T","M","?","E","R","$","R","B","B",null],"character_chosen":"THE_SILENT","items_purchased":["Bag of Marbles","Potion Belt","Prepared","Panache","BlessingOfTheForge","LiquidBronze"],"campfire_rested":8,"item_purchase_floors":[20,20,31,48,48,48],"current_hp_per_floor":[32,32,28,28,17,35,28,46,46,46,38,56,36,35,35,9,47,41,6,6,6,4,22,40,31,31,49,30,17,17,17,35,13,48,39,39,39,39,27,15,48,48,48,44,44,43,60,60,60,10,4],"gold":29,"neow_bonus":"ONE_RARE_RELIC","is_daily":false,"chose_seed":false,"campfire_upgraded":4,"win_rate":0.0,"timestamp":1613455628,"path_taken":["M","?","M","M","?","R","M","R","T","R","E","R","E","M","R","BOSS","M","M","$","?","?","R","R","M","T","R","E","M","M","$","R","BOSS","M","?","M","?","?","E","R","E","T","M","?","E","R","$","R","BOSS","BOSS"],"items_purchased_type":["Relic","Relic","Card","Card","Potion","Potion"],"build_version":"2020-12-22","purchased_purges":2,"victory":true,"max_hp_per_floor":[66,60,60,60,60,60,60,60,60,60,60,60,60,60,60,60,60,60,60,60,60,60,60,60,60,60,60,60,60,60,60,60,60,60,60,60,60,60,60,60,60,60,60,60,60,60,60,60,60,60,60],"relic_stats":{"Gremlin Horn":[22,22],"counters":[26,118],"Golden Idol":185,"Dead Branch":[314],"Tingsha":[386],"Eternal Feather":32,"Whetstone":["Strike_G","Endless Agony"],"Peace Pipe":0,"Pandora\u0027s Box":["Burst","Tactician","Poisoned Stab","Finisher","Adrenaline","Expertise","Slice","Predator"],"MealTicket":0,"Turnip":[5],"obtain_stats":[{"Potion Belt":20,"Gremlin Horn":11,"Golden Idol":2,"Dead Branch":0,"Vajra":26,"Tingsha":5,"Eternal Feather":40,"Whetstone":28,"Akabeko":42,"Peace Pipe":13,"Pandora\u0027s Box":34,"MealTicket":46,"WingedGreaves":9,"Turnip":43,"Bag of Marbles":20,"Ring of the Serpent":17,"Ring of the Snake":0,"Pocketwatch":45},{"Potion Belt":10,"Gremlin Horn":5,"Golden Idol":1,"Dead Branch":0,"Vajra":12,"Tingsha":3,"Eternal Feather":20,"Whetstone":13,"Akabeko":21,"Peace Pipe":6,"Pandora\u0027s Box":16,"MealTicket":24,"WingedGreaves":4,"Turnip":21,"Bag of Marbles":10,"Ring of the Serpent":8,"Ring of the Snake":0,"Pocketwatch":23},{"Potion Belt":46,"Gremlin Horn":16,"Golden Idol":4,"Dead Branch":0,"Vajra":54,"Tingsha":10,"Eternal Feather":85,"Whetstone":58,"Akabeko":87,"Peace Pipe":21,"Pandora\u0027s Box":70,"MealTicket":101,"WingedGreaves":13,"Turnip":87,"Bag of Marbles":46,"Ring of the Serpent":34,"Ring of the Snake":0,"Pocketwatch":97}],"Pocketwatch":[6]},"card_choices":[{"not_picked":["Acrobatics","Underhanded Strike"],"picked":"Endless Agony","floor":1.0},{"not_picked":["Dagger Throw","Sucker Punch"],"picked":"Deadly Poison","floor":3.0},{"not_picked":["Flying Knee","Distraction"],"picked":"Blade Dance","floor":4.0},{"not_picked":["Poisoned Stab","Choke"],"picked":"Dagger Spray","floor":7.0},{"not_picked":["Well Laid Plans","Crippling Poison"],"picked":"Infinite Blades","floor":11.0},{"not_picked":["Dagger Throw","Grand Finale"],"picked":"Die Die Die","floor":13.0},{"not_picked":["Outmaneuver","Backflip"],"picked":"Bane","floor":14.0},{"not_picked":["Unload","Night Terror"],"picked":"A Thousand Cuts","floor":16.0},{"not_picked":["Dagger Throw","Reflex"],"picked":"All Out Attack","floor":18.0},{"not_picked":["Blade Dance","Escape Plan"],"picked":"Dagger Throw","floor":19.0},{"not_picked":["Blade Dance","Outmaneuver+1"],"picked":"Footwork","floor":22.0},{"not_picked":["Outmaneuver","Blade Dance"],"picked":"Unload","floor":25.0},{"not_picked":["Malaise","Sucker Punch"],"picked":"After Image","floor":28.0},{"not_picked":["Sucker Punch+1","Poisoned Stab","Dagger Spray+1"],"picked":"SKIP","floor":29.0},{"not_picked":["Deflect","Dagger Spray+1"],"picked":"Calculated Gamble","floor":30.0},{"not_picked":["Glass Knife","Die Die Die"],"picked":"Phantasmal Killer","floor":33.0},{"not_picked":["Deflect","Masterful Stab"],"picked":"Cloak And Dagger+1","floor":35.0},{"not_picked":["Quick Slash","Outmaneuver","Acrobatics"],"picked":"SKIP","floor":37.0},{"not_picked":["Sucker Punch+1","Slice"],"picked":"Backflip+1","floor":39.0},{"not_picked":["PiercingWail","Outmaneuver+1"],"picked":"Accuracy","floor":40.0},{"not_picked":["Concentrate","Deflect"],"picked":"Blade Dance+1","floor":42.0},{"not_picked":["Deadly Poison","Concentrate","Prepared"],"picked":"SKIP","floor":44.0},{"not_picked":["Dodge and Roll","Blade Dance","Concentrate"],"picked":"SKIP","floor":46.0}],"player_experience":1056487,"relics_obtained":[{"floor":9.0,"key":"WingedGreaves"},{"floor":11.0,"key":"Gremlin Horn"},{"floor":13.0,"key":"Peace Pipe"},{"floor":26.0,"key":"Vajra"},{"floor":28.0,"key":"Whetstone"},{"floor":40.0,"key":"Eternal Feather"},{"floor":42.0,"key":"Akabeko"},{"floor":43.0,"key":"Turnip"},{"floor":45.0,"key":"Pocketwatch"},{"floor":46.0,"key":"MealTicket"}],"event_choices":[{"damage_healed":0.0,"max_hp_gain":0.0,"max_hp_loss":6.0,"gold_gain":0.0,"event_name":"Golden Idol","player_choice":"Lose Max HP","floor":2.0,"gold_loss":0.0,"damage_taken":0.0,"relics_obtained":["Golden Idol"]},{"damage_healed":0.0,"max_hp_gain":0.0,"max_hp_loss":0.0,"gold_gain":0.0,"event_name":"Scrap Ooze","player_choice":"Success","floor":5.0,"gold_loss":0.0,"damage_taken":11.0,"relics_obtained":["Tingsha"]},{"damage_healed":0.0,"max_hp_gain":0.0,"max_hp_loss":0.0,"gold_gain":0.0,"event_name":"Lab","player_choice":"Got Potions","floor":21.0,"gold_loss":0.0,"damage_taken":0.0},{"cards_removed":["A Thousand Cuts"],"damage_healed":0.0,"max_hp_gain":0.0,"max_hp_loss":0.0,"gold_gain":0.0,"event_name":"Falling","player_choice":"Removed Power","floor":36.0,"gold_loss":0.0,"damage_taken":0.0},{"damage_healed":0.0,"max_hp_gain":0.0,"max_hp_loss":0.0,"gold_gain":0.0,"event_name":"SecretPortal","player_choice":"Ignored","floor":38.0,"gold_loss":0.0,"damage_taken":0.0},{"damage_healed":0.0,"max_hp_gain":0.0,"max_hp_loss":0.0,"gold_gain":0.0,"event_name":"MindBloom","player_choice":"Fight","floor":45.0,"gold_loss":0.0,"damage_taken":0.0}],"is_beta":false,"boss_relics":[{"not_picked":["Empty Cage","Coffee Dripper"],"picked":"Ring of the Serpent"},{"not_picked":["Tiny House","Busted Crown"],"picked":"Pandora\u0027s Box"}],"items_purged_floors":[20,31],"is_endless":false,"potions_floor_spawned":[3,14,19,22,29,37,40,42,45],"ascension_level":20}}