{"host":"5hsgormuu0lj4iiq","time":1613499983,"event":{"mods":["AchievementEnabler","BaseMod","Colored Map","Colored Powertips","Minty Spire (QoL Compilation)","Quick Restart","Relic Stats","SuperFastMode","everything is the same but u backflip on backflip","slay the spire mod where everything is the same but ironclad has a cowboy hat"],"gold_per_floor":[115,80,155,166,341,341,375,375,375,375,389,399,399,27,27,105,105,124,137,147,147,163,163,193,193,242,94,94,94],"floor_reached":28,"language":"ENG","playtime":658,"items_purged":["Doubt"],"score":389,"play_id":"87b64f63-cfaa-428b-abd4-20879fb7e002","local_time":"20210216132623","is_ascension_mode":true,"campfire_choices":[{"data":"Defragment","floor":6,"key":"SMITH"},{"data":"Genetic Algorithm","floor":8,"key":"SMITH"},{"floor":10,"key":"REST"},{"floor":13,"key":"REST"},{"floor":15,"key":"REST"},{"data":"Electrodynamics","floor":23,"key":"SMITH"}],"circlet_count":0,"master_deck":["AscendersBane","Strike_B","Strike_B","Strike_B","Strike_B","Defend_B","Defend_B","Defend_B","Defend_B","Zap","Dualcast","Genetic Algorithm+1","Defragment+1","Glacier+1","White Noise+1","Ball Lightning","Defragment+1","Reboot+1","Electrodynamics+1","Storm+1","Coolheaded+1","Auto Shields+1","Capacitor"],"relics":["Cracked Core","Orichalcum","Toxic Egg 2","Bag of Marbles","DollysMirror","MealTicket","SacredBark","Anchor","Pen Nib"],"acts_visited":["Exordium","TheCity"],"potions_floor_usage":[7,12,20,22,24],"damage_taken":[{"damage":9,"enemies":"2 Louse","floor":1,"turns":3},{"damage":2,"enemies":"Jaw Worm","floor":4,"turns":3},{"damage":39,"enemies":"Lagavulin","floor":7,"turns":6},{"damage":0,"enemies":"Small Slimes","floor":11,"turns":4},{"damage":37,"enemies":"Gremlin Gang","floor":12,"turns":6},{"damage":6,"enemies":"Hexaghost","floor":16,"turns":9},{"damage":0,"enemies":"Chosen","floor":18,"turns":4},{"damage":16,"enemies":"Shell Parasite","floor":19,"turns":5},{"damage":21,"enemies":"Centurion and Healer","floor":20,"turns":3},{"damage":0,"enemies":"Chosen and Byrds","floor":22,"turns":4},{"damage":25,"enemies":"Gremlin Leader","floor":24,"turns":4},{"damage":59,"enemies":"Slavers","floor":28,"turns":5}],"seed_played":"530134207423392279","potions_obtained":[{"floor":1,"key":"FearPotion"},{"floor":11,"key":"Block Potion"},{"floor":12,"key":"Energy Potion"},{"floor":18,"key":"FearPotion"},{"floor":20,"key":"Fire Potion"}],"is_trial":false,"path_per_floor":["M","?","?","M","?","R","E","R","T","R","M","M","R","$","R","B",null,"M","M","M","?","M","R","E","?","T","$","E"],"character_chosen":"DEFECT","items_purchased":["DollysMirror","MealTicket","Reboot+1","Capacitor"],"campfire_rested":3,"item_purchase_floors":[14,14,14,27],"current_hp_per_floor":[59,75,64,62,62,62,23,23,23,45,45,8,30,30,52,46,68,68,52,31,31,31,31,6,31,31,46,0,0],"gold":94,"neow_bonus":"RANDOM_COMMON_RELIC","is_daily":false,"chose_seed":false,"campfire_upgraded":3,"win_rate":0.0,"timestamp":1613499983,"path_taken":["M","?","?","?","?","R","E","R","T","R","M","M","R","?","R","BOSS","M","M","M","?","?","R","E","?","T","?","E"],"items_purchased_type":["Relic","Relic","Card","Card"],"build_version":"2020-12-22","purchased_purges":1,"victory":false,"max_hp_per_floor":[75,75,75,75,75,75,75,75,75,75,75,75,75,75,75,75,75,75,75,75,75,75,75,75,75,75,75,75,75],"relic_stats":{"counters":[12,56],"MealTicket":15,"Pen Nib":[0],"Orichalcum":[84],"obtain_stats":[{"Anchor":24,"DollysMirror":14,"SacredBark":17,"MealTicket":14,"Pen Nib":26,"Bag of Marbles":9,"Orichalcum":0,"Toxic Egg 2":7,"Cracked Core":0},{"Anchor":11,"DollysMirror":5,"SacredBark":6,"MealTicket":5,"Pen Nib":11,"Bag of Marbles":3,"Orichalcum":0,"Toxic Egg 2":3,"Cracked Core":0},{"Anchor":51,"DollysMirror":22,"SacredBark":31,"MealTicket":22,"Pen Nib":51,"Bag of Marbles":12,"Orichalcum":0,"Toxic Egg 2":12,"Cracked Core":0}]},"card_choices":[{"not_picked":["Steam","Go for the Eyes"],"picked":"Genetic Algorithm","floor":1},{"not_picked":["Auto Shields","Leap"],"picked":"Defragment","floor":4},{"not_picked":["Compile Driver","Aggregate+1"],"picked":"Glacier+1","floor":7},{"not_picked":["Conserve Battery+1","Lockon"],"picked":"White Noise+1","floor":11},{"not_picked":["Barrage","Heatsinks"],"picked":"Ball Lightning","floor":12},{"not_picked":["Reboot+1","Multi-Cast+1"],"picked":"Electrodynamics","floor":16},{"not_picked":["Rip and Tear","Compile Driver","Leap+1"],"picked":"SKIP","floor":18},{"not_picked":["Scrape","Loop","Sweeping Beam"],"picked":"SKIP","floor":19},{"not_picked":["Gash","Compile Driver"],"picked":"Storm","floor":20},{"not_picked":["Ball Lightning","Barrage"],"picked":"Coolheaded+1","floor":22},{"not_picked":["Steam+1","Force Field+1"],"picked":"Auto Shields+1","floor":24}],"player_experience":740233,"relics_obtained":[{"floor":7,"key":"Toxic Egg 2"},{"floor":9,"key":"Bag of Marbles"},{"floor":24,"key":"Anchor"},{"floor":26,"key":"Pen Nib"}],"event_choices":[{"damage_healed":18,"gold_gain":0,"player_choice":"Healed","damage_taken":0,"max_hp_gain":0,"max_hp_loss":0,"event_name":"The Cleric","floor":2,"gold_loss":35},{"damage_healed":0,"gold_gain":75,"player_choice":"Gather Gold","damage_taken":11,"max_hp_gain":0,"max_hp_loss":0,"event_name":"World of Goop","floor":3,"gold_loss":0},{"damage_healed":0,"gold_gain":175,"player_choice":"AGREE","damage_taken":0,"max_hp_gain":0,"max_hp_loss":0,"event_name":"Liars Game","floor":5,"gold_loss":0,"cards_obtained":["Doubt"]},{"damage_healed":0,"gold_gain":0,"player_choice":"Forge","damage_taken":0,"max_hp_gain":0,"max_hp_loss":0,"event_name":"Accursed Blacksmith","floor":21,"gold_loss":0,"cards_upgraded":["Storm"]},{"damage_healed":25,"gold_gain":0,"player_choice":"Heal","damage_taken":0,"max_hp_gain":0,"max_hp_loss":0,"event_name":"The Library","floor":25,"gold_loss":0}],"is_beta":false,"boss_relics":[{"not_picked":["Runic Dome","Tiny House"],"picked":"SacredBark"}],"items_purged_floors":[27],"is_endless":false,"potions_floor_spawned":[1,11,12,18,20],"killed_by":"Slavers","ascension_level":13}}