{"host":"utqe55yv0jihe4d6","time":1613447578,"event":{"mods":["2.2 Compatiblity","AchievementEnabler","BaseMod","Block Reminder","Colored Map","Colored Powertips","Minty Spire (QoL Compilation)","Quick Restart","Rare Cards Sparkle","Relic Stats","SuperFastMode"],"gold_per_floor":[110,110,35,46,46,46,79,79,132,160,170,13,13,32,32,109,109,128,128,143,143,143],"floor_reached":21,"language":"ENG","playtime":465,"items_purged":["Strike_R","Strike_R"],"score":424,"play_id":"8786f4a1-4d85-417d-b644-4e8b3b86190f","local_time":"20210215225258","is_ascension_mode":true,"campfire_choices":[{"data":"Clothesline","floor":6.0,"key":"SMITH"},{"data":"Bash","floor":8.0,"key":"SMITH"},{"data":"Flame Barrier","floor":13.0,"key":"SMITH"},{"data":"Burning Pact","floor":15.0,"key":"SMITH"}],"circlet_count":0,"master_deck":["AscendersBane","Strike_R","Strike_R","Strike_R","Defend_R","Defend_R","Defend_R","Defend_R","Bash+1","Whirlwind+1","Clothesline+1","Burning Pact+1","Flame Barrier+1","Evolve","Fiend Fire","True Grit"],"relics":["Burning Blood","NeowsBlessing","Regal Pillow","Pear","Potion Belt","Shuriken","Runic Pyramid"],"acts_visited":["Exordium","TheCity"],"potions_floor_usage":[18],"damage_taken":[{"damage":0.0,"enemies":"Small Slimes","floor":1.0,"turns":1.0},{"damage":0.0,"enemies":"2 Louse","floor":4.0,"turns":1.0},{"damage":0.0,"enemies":"3 Sentries","floor":7.0,"turns":2.0},{"damage":43.0,"enemies":"Gremlin Nob","floor":10.0,"turns":5.0},{"damage":9.0,"enemies":"Jaw Worm","floor":11.0,"turns":3.0},{"damage":28.0,"enemies":"Exordium Thugs","floor":14.0,"turns":5.0},{"damage":23.0,"enemies":"The Guardian","floor":16.0,"turns":18.0},{"damage":0,"enemies":"3 Byrds","floor":18,"turns":2},{"damage":65,"enemies":"Spheric Guardian","floor":20,"turns":8},{"damage":27,"enemies":"Centurion and Healer","floor":21,"turns":4}],"seed_played":"-4177478175439991548","potions_obtained":[{"floor":1.0,"key":"Regen Potion"},{"floor":11.0,"key":"LiquidMemories"}],"is_trial":false,"path_per_floor":["M","?","$","M","?","R","E","R","T","E","M","$","R","M","R","B",null,"M","?","M","M"],"character_chosen":"IRONCLAD","items_purchased":["Strength Potion"],"campfire_rested":0,"item_purchase_floors":[12],"current_hp_per_floor":[74,69,69,75,75,75,85,85,85,48,45,45,45,37,37,20,69,75,85,26,0,0],"gold":143,"neow_bonus":"THREE_ENEMY_KILL","is_daily":false,"chose_seed":false,"campfire_upgraded":4,"win_rate":0.0,"timestamp":1613447578,"path_taken":["M","?","$","M","?","R","E","R","T","E","M","?","R","M","R","BOSS","M","?","M","?"],"items_purchased_type":["Potion"],"build_version":"2020-12-22","purchased_purges":2,"victory":false,"max_hp_per_floor":[75,75,75,75,75,75,85,85,85,85,85,85,85,85,85,85,85,85,85,85,85,85],"relic_stats":{"Regal Pillow":0,"counters":[10,49],"Shuriken":[0],"obtain_stats":[{"Potion Belt":9,"Regal Pillow":2,"Pear":7,"NeowsBlessing":0,"Shuriken":10,"Burning Blood":0,"Runic Pyramid":17},{"Potion Belt":3,"Regal Pillow":1,"Pear":3,"NeowsBlessing":0,"Shuriken":4,"Burning Blood":0,"Runic Pyramid":7},{"Potion Belt":4,"Regal Pillow":1,"Pear":4,"NeowsBlessing":0,"Shuriken":9,"Burning Blood":0,"Runic Pyramid":35}],"Burning Blood":48},"card_choices":[{"not_picked":["Rage","Burning Pact"],"picked":"Whirlwind","floor":1.0},{"not_picked":["Body Slam","Sword Boomerang"],"picked":"Clothesline","floor":4.0},{"not_picked":["Pommel Strike","Iron Wave","Power Through"],"picked":"SKIP","floor":7.0},{"not_picked":["Sword Boomerang","Second Wind"],"picked":"Burning Pact","floor":10.0},{"not_picked":["Flex","Pummel"],"picked":"Flame Barrier","floor":11.0},{"not_picked":["Hemokinesis","Body Slam"],"picked":"Evolve","floor":14.0},{"not_picked":["Brutality","Juggernaut"],"picked":"Fiend Fire","floor":16.0},{"not_picked":["Body Slam","Clothesline"],"picked":"True Grit","floor":18},{"not_picked":["Bludgeon","Headbutt","Sever Soul"],"picked":"SKIP","floor":20}],"player_experience":3073818,"relics_obtained":[{"floor":7.0,"key":"Pear"},{"floor":9.0,"key":"Potion Belt"},{"floor":10.0,"key":"Shuriken"}],"event_choices":[{"damage_healed":0.0,"max_hp_gain":0.0,"max_hp_loss":0.0,"gold_gain":0.0,"event_name":"Scrap Ooze","player_choice":"Success","floor":2.0,"gold_loss":0.0,"damage_taken":5.0,"relics_obtained":["Regal Pillow"]},{"damage_healed":0.0,"max_hp_gain":0.0,"max_hp_loss":0.0,"gold_gain":0.0,"event_name":"Living Wall","player_choice":"Grow","floor":5.0,"gold_loss":0.0,"damage_taken":0.0,"cards_upgraded":["Whirlwind"]},{"damage_healed":10,"gold_gain":0,"player_choice":"Full Heal","damage_taken":0,"max_hp_gain":0,"max_hp_loss":0,"event_name":"Wheel of Change","floor":19,"gold_loss":0}],"is_beta":false,"boss_relics":[{"not_picked":["Pandora\u0027s Box","Calling Bell"],"picked":"Runic Pyramid"}],"items_purged_floors":[3,12],"is_endless":false,"potions_floor_spawned":[1,11],"killed_by":"Centurion and Healer","ascension_level":20}}