{"host":"rylkjufw9dlhr07b","time":1613436259,"event":{"mods":["AchievementEnabler","BaseMod","Better Note","BetterRewards","Hubris","Minty Spire (QoL Compilation)","Quick Restart","StSLib","The Servant 0.9.4"],"gold_per_floor":[115,390,408,370,382,412,160,170,170,170,189,206,206,218,218,320,320,330,109,98,98,98,98,98],"floor_reached":23,"language":"FRA","playtime":1436,"items_purged":["Pain"],"score":193,"play_id":"55ffd578-bd95-437f-ada5-97094c23c36e","local_time":"20210216014419","is_ascension_mode":false,"campfire_choices":[{"floor":15,"key":"REST"}],"circlet_count":0,"master_deck":["Strike_S","Strike_S","Strike_S","Strike_S","Defend_S","Defend_S","Defend_S","Defend_S","KidneyShot","Exchange","Defy","Regret","Ricochet","Dilation","MoonPhase","SurpressingFire","SpecialFormula","Defy","BestPractice","GearUp","Shuttle","SoulSculpture","MoonPhase","Luminosity"],"relics":["Uniform","hubris:ToyBattleship","hubris:Zylophone","WarpedTongs","SlaversCollar","hubris:TenFootPole","Nloth\u0027s Gift"],"acts_visited":["Exordium","TheCity"],"potions_floor_usage":[11,11,16,16,20,20],"damage_taken":[{"damage":0.0,"enemies":"Small Slimes","floor":1.0,"turns":4.0},{"damage":6.0,"enemies":"Cultist","floor":3.0,"turns":5.0},{"damage":5.0,"enemies":"Jaw Worm","floor":5.0,"turns":4.0},{"damage":48.0,"enemies":"Gremlin Nob","floor":6.0,"turns":6.0},{"damage":6.0,"enemies":"Blue Slaver","floor":8.0,"turns":5.0},{"damage":8,"enemies":"Exordium Thugs","floor":11,"turns":7},{"damage":1,"enemies":"Exordium Wildlife","floor":12,"turns":4},{"damage":11,"enemies":"Blue Slaver","floor":14,"turns":6},{"damage":10,"enemies":"Slime Boss","floor":16,"turns":13},{"damage":15,"enemies":"Shell Parasite","floor":18,"turns":15},{"damage":6,"enemies":"2 Thieves","floor":20,"turns":4},{"damage":83,"enemies":"Slavers","floor":23,"turns":4}],"seed_played":"4440457631445727391","potions_obtained":[{"floor":1.0,"key":"Energy Potion"},{"floor":3.0,"key":"Fire Potion"},{"floor":8.0,"key":"EntropicBrew"},{"floor":14,"key":"Energy Potion"},{"floor":18,"key":"Swift Potion"},{"floor":20,"key":"SpeedPotion"}],"is_trial":false,"path_per_floor":["M","?","M","?","M","E","$","M","T","?","M","M","T","M","R","B",null,"M","$","M","?","$","E"],"character_chosen":"THE_SERVANT","items_purchased":["hubris:ToyBattleship","SurpressingFire","SpecialFormula","hubris:TenFootPole"],"campfire_rested":1,"item_purchase_floors":[7,7,7,19],"current_hp_per_floor":[71,71,65,65,60,12,12,11,11,11,18,33,33,37,58,63,71,71,71,65,65,65,0,0],"gold":98,"neow_bonus":"TEN_PERCENT_HP_BONUS","is_daily":false,"chose_seed":false,"campfire_upgraded":0,"win_rate":0.0,"timestamp":1613436259,"path_taken":["M","?","?","?","M","E","$","M","T","?","M","?","?","M","R","BOSS","M","$","M","?","?","E"],"items_purchased_type":["Relic","Card","Card","Relic"],"build_version":"2020-12-22","purchased_purges":1,"victory":false,"max_hp_per_floor":[71,71,71,71,71,71,71,71,71,71,71,71,71,71,71,71,71,71,71,71,71,71,71,71],"card_choices":[{"not_picked":["Collapse","Rewind"],"picked":"Defy","floor":1.0},{"not_picked":["FastForward","Sabotage"],"picked":"Ricochet","floor":3.0},{"not_picked":["Spin","Unruled"],"picked":"Dilation","floor":5.0},{"not_picked":["Foresight","Replace"],"picked":"MoonPhase","floor":6.0},{"not_picked":["Moonlight","Sabotage","Revamp"],"picked":"Defy","floor":8.0},{"not_picked":["BottledTime","FastForward","Ricochet"],"picked":"BestPractice","floor":11},{"not_picked":["InstantArmor","Starlight","Desolation"],"picked":"GearUp","floor":12},{"not_picked":["Misdirection","FastForward","StarChef"],"picked":"Shuttle","floor":14},{"not_picked":["Solidify","TheWorld","LightFlow"],"picked":"SoulSculpture","floor":16},{"not_picked":["Defy+1","ShatteredReality+1","Potential+1"],"picked":"MoonPhase","floor":18},{"not_picked":["Rewind+1","Starlight+1","Reset"],"picked":"Luminosity","floor":20}],"player_experience":602594,"relics_obtained":[{"floor":6.0,"key":"Question Card"},{"floor":9.0,"key":"hubris:Zylophone"}],"event_choices":[{"damage_healed":0.0,"max_hp_gain":0.0,"max_hp_loss":0.0,"gold_gain":275.0,"event_name":"Golden Shrine","player_choice":"Desecrate","floor":2.0,"gold_loss":0.0,"damage_taken":0.0,"cards_obtained":["Regret"]},{"damage_healed":0.0,"max_hp_gain":0.0,"max_hp_loss":0.0,"gold_gain":0.0,"event_name":"World of Goop","player_choice":"Left Gold","floor":4.0,"gold_loss":38.0,"damage_taken":0.0},{"damage_healed":0.0,"max_hp_gain":0.0,"max_hp_loss":0.0,"gold_gain":0.0,"event_name":"Accursed Blacksmith","player_choice":"Rummage","floor":10.0,"gold_loss":0.0,"damage_taken":0.0,"relics_obtained":["WarpedTongs"],"cards_obtained":["Pain"]},{"damage_healed":0,"gold_gain":0,"player_choice":"Traded Relic","damage_taken":0,"relics_obtained":["Nloth\u0027s Gift"],"max_hp_gain":0,"max_hp_loss":0,"event_name":"N\u0027loth","floor":21,"relics_lost":["Question Card"],"gold_loss":0}],"is_beta":false,"boss_relics":[{"not_picked":["Busted Crown","Velvet Choker"],"picked":"SlaversCollar"}],"items_purged_floors":[19],"is_endless":false,"potions_floor_spawned":[1,3,8,14,18,20],"killed_by":"Slavers","ascension_level":0}}