{"host":"vk2xyavtylxbvrfq","time":1613513211,"event":{"mods":["Bard","BaseMod","Bestiary","Better Altar","Better Match","Better Note","Better Sensory Stone","Better Skull","Better Vampires","Block Reminder","Bossed Relics","Colored Map","Curses Come First","Displayed Cursed Tome","Downfall","Fox Events","Hermit","Ironclad Rager","Marked Mod","Minty Spire (QoL Compilation)","Quick Restart","Rare Cards Sparkle","Relic Sorter","Reliquary","Robot Space Explorer","StSLib","The Hayseed","The Runesmith","TheSurvivalist","Unceasing Turn Reminder"],"gold_per_floor":[115,134,213,213,178,178,191,191,191,205,215,250,250,276,276,372,372,385,235,249,263,263,263,263,263],"floor_reached":24,"language":"ENG","playtime":1068,"items_purged":[],"score":270,"play_id":"e3ab8bf1-0f3e-421f-b5d3-ec48830c230c","local_time":"20210216170651","is_ascension_mode":true,"campfire_choices":[{"floor":6.0,"key":"REST"},{"data":"hermit:HighCaliber","floor":8.0,"key":"SMITH"},{"floor":15.0,"key":"REST"},{"floor":23,"key":"REST"}],"circlet_count":0,"master_deck":["hermit:Strike_Hermit","hermit:Strike_Hermit","hermit:Strike_Hermit+1","hermit:Strike_Hermit","hermit:Defend_Hermit","hermit:Defend_Hermit","hermit:Defend_Hermit","hermit:Defend_Hermit","hermit:Snapshot","hermit:Covet","hermit:HighNoon+1","hermit:Quickdraw","hermit:BigShot","hermit:HighCaliber+1","hermit:FlashPowder","hermit:LoneWolf+1","hermit:HighCaliber","hermit:CursedWeapon","hermit:Gambit","hermit:Virtue+1","hermit:Quickdraw","hermit:Gestalt+1","hermit:CalledShot+1","hermit:Quickdraw","hermit:Roulette+1","hermit:Showdown","hermit:CalledShot"],"relics":["hermit:Momento","Meat on the Bone","Orichalcum","Black Star","Orrery"],"acts_visited":["Exordium","TheCity"],"potions_floor_usage":[16,22],"damage_taken":[{"damage":4.0,"enemies":"2 Louse","floor":1.0,"turns":3.0},{"damage":7.0,"enemies":"Small Slimes","floor":2.0,"turns":3.0},{"damage":1.0,"enemies":"Cultist","floor":7.0,"turns":4.0},{"damage":9.0,"enemies":"Red Slaver","floor":10.0,"turns":4.0},{"damage":0.0,"enemies":"Blue Slaver","floor":11.0,"turns":1.0},{"damage":16.0,"enemies":"Lagavulin","floor":12.0,"turns":5.0},{"damage":9.0,"enemies":"3 Sentries","floor":14.0,"turns":8.0},{"damage":45,"enemies":"Hexaghost","floor":16,"turns":11},{"damage":22,"enemies":"Spheric Guardian","floor":18,"turns":4},{"damage":14,"enemies":"2 Thieves","floor":20,"turns":4},{"damage":28,"enemies":"Chosen and Byrds","floor":21,"turns":7},{"damage":0,"enemies":"Snake Plant","floor":22,"turns":1},{"damage":58,"enemies":"Book of Stabbing","floor":24,"turns":5}],"seed_played":"-721938174553092717","potions_obtained":[{"floor":1.0,"key":"PowerPotion"},{"floor":2.0,"key":"bronze:BurnAndBuffPotion"},{"floor":10.0,"key":"Explosive Potion"},{"floor":18,"key":"SmokeBomb"}],"is_trial":false,"path_per_floor":["M","M","?","?","?","R","M","R","T","M","M","E","?","E","R","B",null,"M","$","M","M","M","R","E"],"character_chosen":"HERMIT","items_purchased":["Orrery"],"campfire_rested":3,"item_purchase_floors":[19],"current_hp_per_floor":[46,39,39,24,42,64,63,63,63,54,54,38,38,41,63,30,64,42,42,40,24,36,58,0,0],"gold":263,"neow_bonus":"THREE_RARE_CARDS","is_daily":false,"chose_seed":false,"campfire_upgraded":1,"win_rate":0.0,"timestamp":1613513211,"path_taken":["M","M","?","?","?","R","M","R","T","M","M","E","?","E","R","BOSS","M","?","?","M","M","R","E"],"items_purchased_type":["Relic"],"build_version":"2020-12-22","purchased_purges":0,"victory":false,"max_hp_per_floor":[75,75,75,75,75,75,75,75,75,75,75,75,75,75,75,75,75,75,75,75,75,75,75,75,75],"card_choices":[{"not_picked":["hermit:HeroicBravado","hermit:Magnum"],"picked":"hermit:HighNoon","floor":0.0},{"not_picked":["hermit:EyeOfTheStorm","hermit:ItchyTrigger"],"picked":"hermit:Quickdraw","floor":1.0},{"not_picked":["hermit:Midnight","hermit:Manifest"],"picked":"hermit:BigShot","floor":2.0},{"not_picked":["hermit:LoneWolf","hermit:Roulette"],"picked":"hermit:HighCaliber","floor":7.0},{"not_picked":["hermit:Headshot","hermit:HoleUp"],"picked":"hermit:FlashPowder","floor":10.0},{"not_picked":["hermit:Horror","hermit:HoleUp"],"picked":"hermit:LoneWolf","floor":11.0},{"not_picked":["hermit:LuckOfTheDraw","hermit:Quickdraw"],"picked":"hermit:HighCaliber","floor":12.0},{"not_picked":["hermit:Ricochet","hermit:ItchyTrigger"],"picked":"hermit:CursedWeapon","floor":14.0},{"not_picked":["hermit:Reprieve","hermit:Roughhouse"],"picked":"hermit:Gambit","floor":16},{"not_picked":["hermit:Roulette","hermit:Misfire"],"picked":"hermit:Virtue+1","floor":18},{"not_picked":["hermit:Roughhouse","hermit:SprayPray"],"picked":"hermit:Quickdraw","floor":19},{"not_picked":["hermit:Feint","hermit:Headshot"],"picked":"hermit:Gestalt+1","floor":19},{"not_picked":["hermit:Vantage","hermit:CursedWeapon"],"picked":"hermit:CalledShot+1","floor":19},{"not_picked":["hermit:TrackingShot","hermit:Ricochet"],"picked":"hermit:Quickdraw","floor":19},{"not_picked":["hermit:Ricochet","hermit:Grudge"],"picked":"hermit:Roulette+1","floor":19},{"not_picked":["hermit:Determination","hermit:FatalDesire"],"picked":"hermit:Showdown","floor":20},{"not_picked":["hermit:Manifest","hermit:SprayPray"],"picked":"hermit:CalledShot","floor":21}],"player_experience":1392477,"relics_obtained":[{"floor":9.0,"key":"Meat on the Bone"},{"floor":12.0,"key":"Orichalcum"}],"event_choices":[{"damage_healed":0.0,"max_hp_gain":0.0,"max_hp_loss":0.0,"gold_gain":79.0,"event_name":"Golden Wing","player_choice":"Gained Gold","floor":3.0,"gold_loss":0.0,"damage_taken":0.0},{"damage_healed":0.0,"max_hp_gain":0.0,"max_hp_loss":0.0,"gold_gain":0.0,"event_name":"Shining Light","player_choice":"Entered Light","floor":4.0,"gold_loss":0.0,"damage_taken":15.0,"cards_upgraded":["hermit:Strike_Hermit","hermit:HighNoon"]},{"damage_healed":18.0,"max_hp_gain":0.0,"max_hp_loss":0.0,"gold_gain":0.0,"event_name":"The Cleric","player_choice":"Healed","floor":5.0,"gold_loss":35.0,"damage_taken":0.0},{"damage_healed":0.0,"max_hp_gain":0.0,"max_hp_loss":0.0,"gold_gain":0.0,"event_name":"Upgrade Shrine","player_choice":"Upgraded","floor":13.0,"gold_loss":0.0,"damage_taken":0.0,"cards_upgraded":["hermit:LoneWolf"]}],"is_beta":false,"boss_relics":[{"not_picked":["Runic Dome","Empty Cage"],"picked":"Black Star"}],"items_purged_floors":[],"is_endless":false,"potions_floor_spawned":[1,2,10,18],"killed_by":"Book of Stabbing","ascension_level":6}}