{"host":"m8y8nvvez5gwh4s7","time":1613447861,"event":{"mods":["AchievementEnabler","BaseMod","Bestiary","Colored Map","Colored Powertips","DeckTracker","Downfall","Minty Spire (QoL Compilation)","Rare Cards Sparkle","Relic Stats","StSLib"],"gold_per_floor":[116,135,150,39,39,39,57,57,111,126,126,126,149,187,187,306,306,319,319,319,11,30,66,66,66],"floor_reached":24,"language":"ENG","playtime":2314,"items_purged":["Strike_R"],"score":241,"play_id":"f778309f-88d5-4aef-9b0c-f9e61f4e5955","local_time":"20210215215741","is_ascension_mode":false,"campfire_choices":[{"floor":6.0,"key":"REST"},{"data":"Infernal Blade","floor":11,"key":"SMITH"},{"floor":15,"key":"REST"}],"circlet_count":0,"master_deck":["Strike_R+1","Strike_R+1","Strike_R+1","Strike_R+1","Defend_R+1","Defend_R+1","Defend_R+1","Defend_R+1","Bash","Clothesline","Disarm","Flex","Battle Trance","Rampage","Infernal Blade+1","Spot Weakness","Infernal Blade","Reaper","CurseOfTheBell","Sword Boomerang","Slimebound:CheckThePlaybook","Cleave","Metallicize+1"],"relics":["Burning Blood","Golden Idol","MealTicket","PreservedInsect","Ancient Tea Set","Calling Bell","Orichalcum","Pear","Unceasing Top","Blood Vial","Oddly Smooth Stone","Eternal Feather"],"acts_visited":["Exordium","TheCity"],"potions_floor_usage":[13,14,16,24],"damage_taken":[{"damage":6.0,"enemies":"Jaw Worm","floor":1.0,"turns":4.0},{"damage":11.0,"enemies":"2 Louse","floor":2.0,"turns":3.0},{"damage":2.0,"enemies":"Cultist","floor":3.0,"turns":4.0},{"damage":9,"enemies":"2 Fungi Beasts","floor":7,"turns":4},{"damage":10,"enemies":"Blue Slaver","floor":10,"turns":5},{"damage":6,"enemies":"Gremlin Gang","floor":13,"turns":3},{"damage":31,"enemies":"Lagavulin","floor":14,"turns":5},{"damage":52,"enemies":"Hexaghost","floor":16,"turns":10},{"damage":13,"enemies":"Spheric Guardian","floor":18,"turns":4},{"damage":18,"enemies":"Shell Parasite","floor":22,"turns":5},{"damage":61,"enemies":"Gremlin Leader","floor":23,"turns":7},{"damage":47,"enemies":"3 Cultists","floor":24,"turns":5}],"seed_played":"-6922005455206093862","potions_obtained":[{"floor":1.0,"key":"Swift Potion"},{"floor":3.0,"key":"SteroidPotion"},{"floor":7,"key":"Explosive Potion"},{"floor":10,"key":"SkillPotion"},{"floor":18,"key":"Guardian:BlockOnCardUsePotion"}],"is_trial":false,"path_per_floor":["M","M","M","$","?","R","M","?","T","M","R","$","M","E","R","B",null,"M","?","?","$","M","E","M"],"character_chosen":"IRONCLAD","items_purchased":["Battle Trance","Blood Vial","Oddly Smooth Stone"],"campfire_rested":2,"item_purchase_floors":[4,21,21],"current_hp_per_floor":[88,83,87,87,65,88,85,73,73,69,69,84,84,59,85,39,98,91,57,57,72,62,21,0,0],"gold":66,"neow_bonus":"TEN_PERCENT_HP_BONUS","is_daily":false,"chose_seed":false,"campfire_upgraded":1,"win_rate":0.0,"timestamp":1613447861,"path_taken":["M","M","M","$","?","R","M","?","T","M","R","$","M","E","R","BOSS","M","?","?","$","M","E","M"],"items_purchased_type":["Card","Relic","Relic"],"build_version":"2020-12-22","purchased_purges":1,"victory":false,"max_hp_per_floor":[88,88,88,88,88,88,88,88,88,88,88,88,88,88,88,88,98,98,98,98,98,98,98,98,98],"relic_stats":{"Blood Vial":6,"counters":[12,59],"Golden Idol":58,"MealTicket":30,"Eternal Feather":0,"PreservedInsect":73,"Orichalcum":[60],"obtain_stats":[{"Calling Bell":17,"Blood Vial":21,"Pear":17,"Golden Idol":5,"Oddly Smooth Stone":21,"MealTicket":8,"Eternal Feather":23,"PreservedInsect":9,"Orichalcum":17,"Ancient Tea Set":14,"Burning Blood":0,"Unceasing Top":17},{"Calling Bell":8,"Blood Vial":9,"Pear":8,"Golden Idol":3,"Oddly Smooth Stone":9,"MealTicket":4,"Eternal Feather":11,"PreservedInsect":4,"Orichalcum":8,"Ancient Tea Set":7,"Burning Blood":0,"Unceasing Top":8},{"Calling Bell":38,"Blood Vial":42,"Pear":38,"Golden Idol":11,"Oddly Smooth Stone":42,"MealTicket":15,"Eternal Feather":54,"PreservedInsect":15,"Orichalcum":38,"Ancient Tea Set":28,"Burning Blood":0,"Unceasing Top":38}],"Burning Blood":66,"Unceasing Top":[0]},"card_choices":[{"not_picked":["Headbutt","Shrug It Off"],"picked":"Clothesline","floor":1.0},{"not_picked":["Warcry","Brutality"],"picked":"Disarm","floor":2.0},{"not_picked":["Perfected Strike","Clothesline"],"picked":"Flex","floor":3.0},{"not_picked":["Fire Breathing","Feel No Pain"],"picked":"Rampage","floor":7},{"not_picked":["Wild Strike","Disarm"],"picked":"Infernal Blade","floor":10},{"not_picked":["Shrug It Off","Wild Strike"],"picked":"Spot Weakness","floor":13},{"not_picked":["Berserk","Wild Strike"],"picked":"Infernal Blade","floor":14},{"not_picked":["Brutality","Fiend Fire"],"picked":"Reaper","floor":16},{"not_picked":["Twin Strike","Armaments"],"picked":"Sword Boomerang","floor":18},{"not_picked":["Hemokinesis","Body Slam"],"picked":"Cleave","floor":22},{"not_picked":["Iron Wave","Wild Strike"],"picked":"Metallicize+1","floor":23}],"player_experience":17981,"relics_obtained":[{"floor":9,"key":"PreservedInsect"},{"floor":14,"key":"Ancient Tea Set"},{"floor":17,"key":"Orichalcum"},{"floor":17,"key":"Pear"},{"floor":17,"key":"Unceasing Top"},{"floor":23,"key":"Eternal Feather"}],"event_choices":[{"damage_healed":0.0,"max_hp_gain":0.0,"max_hp_loss":0.0,"gold_gain":0.0,"event_name":"Golden Idol","player_choice":"Take Damage","floor":5.0,"gold_loss":0.0,"damage_taken":22.0,"relics_obtained":["Golden Idol"]},{"damage_healed":0,"gold_gain":0,"player_choice":"Success","damage_taken":12,"relics_obtained":["MealTicket"],"max_hp_gain":0,"max_hp_loss":0,"event_name":"Scrap Ooze","floor":8,"gold_loss":0},{"damage_healed":0,"gold_gain":0,"player_choice":"Simplicity","damage_taken":0,"max_hp_gain":0,"max_hp_loss":0,"event_name":"Back to Basics","floor":20,"gold_loss":0,"cards_upgraded":["Strike_R","Strike_R","Strike_R","Strike_R","Defend_R","Defend_R","Defend_R","Defend_R"]}],"is_beta":false,"boss_relics":[{"not_picked":["Astrolabe","Runic Pyramid"],"picked":"Calling Bell"}],"items_purged_floors":[4],"is_endless":false,"potions_floor_spawned":[1,3,7,10,18],"killed_by":"3 Cultists","ascension_level":0}}