{"host":"l85rtarfuh0ld3b1","time":1613482183,"event":{"mods":["Act Like it!","BaseMod","BetterRewards","CapriCore","Decade(王小明)","Gensokyo","KinomotoSakuraMod(木之本樱)","Koishi","Marisa（F雨　魔理沙）","Minty Spire (QoL Compilation)","Permanent Neow","Reimu（博丽灵梦）","Remilia（蕾米莉亚）","Shop Mod","StSLib","TestMod","The Administrix","The Immortal","The Servant 0.9.4","WarShipGirlsR/战舰少女R mod","Yakumo Yukari mod"],"gold_per_floor":[112,112,112,124,523,523,413,413,413,453,509,548,548,408,408,512,512,525,538,1594,1610,1811,1811,1839,2162,2162,2162,2234,2234,2265,2310,2310,2422,2422,2440,2440,5522,5530,8723,10185,10196,10204,10229,9997,10023,10023,9993,9993,9993,9993,9993,9993,10082,10107,10107],"floor_reached":56,"language":"ZHS","playtime":4990,"items_purged":["rmod:strick","rmod:strick","rmod:strick","rmod:defend","rmod:defend","rmod:strick","rmod:lonelyqueen","rmod:defend","rmod:defend","rmod:tearstotiara","rmod:ridicule","rmod:expedition","rmod:ring","rmod:expedition+1","rmod:ring+1","rmod:maingunfire+1","rmod:maingunfire","rmod:tearstotiara+1","rmod:generalist+1","rmod:windflower+1","MysteriousBeam+1","rmod:aviationdawn+1","rmod:aviationdawn+1","rmod:advancebysurprise+1","KillingBlow+1","Cloak And Dagger+1","Koishi:ReflexRadar+1","rmod:timeschanged+1"],"score":2224,"play_id":"6d1b1e91-fb59-454e-a743-a0934d329af8","local_time":"20210216212943","is_ascension_mode":true,"campfire_choices":[{"data":"rmod:basicallowance","floor":6,"key":"SMITH"},{"floor":15,"key":"RECALL"},{"data":"rmod:expedition+1","floor":23,"key":"SMITH"},{"data":"rmod:expedition+2","floor":29,"key":"SMITH"},{"data":"1","floor":32,"key":"LIFT"},{"data":"2","floor":49,"key":"LIFT"},{"data":"3","floor":52,"key":"LIFT"}],"circlet_count":0,"master_deck":["rmod:basicallowance+1","rmod:lonelyqueen+1","rmod:diaomin+1","rmod:wife+1","rmod:ridicule+1","rmod:maintain+1","rmod:sl+1","rmod:expedition+3","Contraction+1","ManaConvection+1","Solidify+1","Solidify+1","rmod:aviationdawn+1","rmod:acesubmarine+1","Parasite","Parasite","ReincarnationDial+1","rmod:advancebysurprise+1","HeartBreak+1","Steam Power+1","ClowCardTheBubbles+1","Adrenaline+1","Gensokyo:RisingWorld+1","ClowCardTheBubbles+1","Steam Power+1","Burn+1","rmod:aviationdawn+1","rmod:highspeedmaneuver+1"],"relics":["rmod:firstchargereward","testmod-GoldenSoul","MerchantsRug","testmod-Alchemist","Chemical X","Darkstone Periapt","testmod-Charity","Singing Bowl","Medical Kit","White Beast Statue","Tiny Chest","Membership Card","Question Card","Mastiff:ReiMu","ClockworkSouvenir","rmod:extraamm","CeramicFish","Prayer Wheel","testmod-HeartOfDaVinci","Blue Candle","HandmadeGrimoire","Memoryfragments_purpleEX","rmod:equipmentrecovery","Juzu Bracelet","Koishi:LettersToReimu","Ice Cream","testmod-ConstraintPeriapt","testmod-Acrobat","testmod-CrystalShield","Girya","BigShroomBag","Gensokyo:NagashiBinaDoll","Gensokyo:OccultBall","ScarletDevilRocket","Orichalcum","rmod:quickrepair","MutagenicStrength","AdministrixMod:GoldenChickadee","Shuriken","RuthlessExorcism:ReiMu","Blood Vial","HornCleat","Incense Burner","Gensokyo:EmptyGrave","Anchor","Koishi:AHoleWhereASisterShouldBe","Gremlin Horn","BreadOfAWashokuLover","KSMOD_TouyasBicycle"],"acts_visited":["Gensokyo:Gensokyo","TheCity","Gensokyo:Gensokyoest","TheEnding"],"potions_floor_usage":[0,0,0,0,0,0,0,0,0,0,0,0,0,0,0,0,11,11,11,22,55],"damage_taken":[{"damage":0,"enemies":"Gensokyo:2_Kodama","floor":1,"turns":1},{"damage":0,"enemies":"Gensokyo:3_Fairies","floor":4,"turns":3},{"damage":0,"enemies":"Gensokyo:Aya","floor":10,"turns":1},{"damage":0,"enemies":"Gensokyo:Cirno","floor":11,"turns":9},{"damage":0,"enemies":"Gensokyo:Cirno","floor":12,"turns":4},{"damage":0,"enemies":"Gensokyo:Yukari","floor":16,"turns":2},{"damage":0,"enemies":"Spheric Guardian","floor":18,"turns":1},{"damage":0,"enemies":"Shell Parasite","floor":19,"turns":1},{"damage":0,"enemies":"Snake Plant","floor":21,"turns":1},{"damage":122,"enemies":"Gremlin Leader","floor":24,"turns":1},{"damage":0,"enemies":"Slavers","floor":25,"turns":1},{"damage":0,"enemies":"Book of Stabbing","floor":28,"turns":1},{"damage":0,"enemies":"Gremlin Leader","floor":30,"turns":1},{"damage":0,"enemies":"Champ","floor":33,"turns":1},{"damage":0,"enemies":"Gensokyo:3_Bats","floor":35,"turns":1},{"damage":234,"enemies":"Gensokyo:3_Boulders","floor":37,"turns":1},{"damage":245,"enemies":"Gensokyo:Dusk_and_Dawn","floor":39,"turns":1},{"damage":143,"enemies":"Gensokyo:Marisa","floor":40,"turns":1},{"damage":0,"enemies":"Gensokyo:SeedOfUnknown","floor":41,"turns":1},{"damage":0,"enemies":"Gensokyo:Kasen","floor":45,"turns":1},{"damage":0,"enemies":"Gensokyo:Scarlet_Devils","floor":50,"turns":3},{"damage":0,"enemies":"Shield and Spear","floor":54,"turns":1},{"damage":0,"enemies":"The Heart","floor":55,"turns":2}],"seed_played":"2389512333544344829","potions_obtained":[{"floor":0,"key":"DistilledChaos"},{"floor":0,"key":"testmod-EscapePotion"},{"floor":0,"key":"testmod-TimePotion"},{"floor":0,"key":"SneckoOil"},{"floor":0,"key":"Strength Potion"},{"floor":0,"key":"DistilledChaos"},{"floor":0,"key":"testmod-EscapePotion"},{"floor":0,"key":"testmod-TimePotion"},{"floor":0,"key":"SneckoOil"},{"floor":0,"key":"Strength Potion"},{"floor":1,"key":"BlessingOfTheForge"},{"floor":4,"key":"Explosive Potion"},{"floor":10,"key":"Block Potion"},{"floor":11,"key":"GrandPatriotsElixir:ReiMu"},{"floor":12,"key":"AttackPotion"},{"floor":16,"key":"SpeedPotion"},{"floor":18,"key":"LiquidBronze"},{"floor":19,"key":"Energy Potion"},{"floor":21,"key":"EntropicBrew"},{"floor":24,"key":"LiquidBronze"},{"floor":25,"key":"Block Potion"},{"floor":28,"key":"LiquidBronze"},{"floor":30,"key":"Weak Potion"},{"floor":33,"key":"Dexterity Potion"},{"floor":35,"key":"MagicPotion:ReiMu"},{"floor":37,"key":"DuplicationPotion"},{"floor":39,"key":"GrandPatriotsElixir:ReiMu"},{"floor":40,"key":"ColorlessPotion"},{"floor":41,"key":"Dexterity Potion"},{"floor":45,"key":"BlessingOfTheForge"},{"floor":54,"key":"Fruit Juice"}],"is_trial":false,"path_per_floor":["M","?","?","M","?","R","COS","T","T","E","?","E","$","?","R","B",null,"M","M","$","M","$","R","E","E","T","?","E","R","E","T","R","B",null,"M","?","M","?","M","E","M","?","T","$","E","T","?","?","R","B",null,"R","$","E","B",null],"character_chosen":"PRAEFECT","items_purchased":["MerchantsRug","testmod-Alchemist","rmod:ridicule","PrismaticShard","rmod:ring","rmod:expedition","Chemical X","testmod-Faith","rmod:lonelyqueen","Darkstone Periapt","rmod:tearstotiara","Molten Egg 2","Toxic Egg 2","rmod:generalist+1","testmod-Charity","rmod:lonelyqueen+1","Singing Bowl","rmod:diaomin+1","Frozen Egg 2","rmod:wife+1","Medical Kit","rmod:tearstotiara+1","White Beast Statue","rmod:ridicule+1","Lee\u0027s Waffle","testmod-SpacePotion","rmod:expedition+1","Tiny Chest","Cauldron","Membership Card","Fruit Juice","rmod:circuitoustactics+1","rmod:maintain+1","Question Card","DollysMirror","Mastiff:ReiMu","Matryoshka","rmod:sl+1","rmod:ring+1","ClockworkSouvenir","rmod:expedition+1","rmod:extraamm","Mango","Strawberry","CeramicFish","Prayer Wheel","EntropicBrew","Bottled Lightning","testmod-HeartOfDaVinci","Orrery","Fruit Juice","Blue Candle","HandmadeGrimoire","TheEssenceOfRealm","EntropicBrew","Gungnir","testmod-SpacePotion","Antimatter_spacedebris","Memoryfragments_purpleEX","testmod-SpacePotion","rmod:u235+1","rmod:windflower+1","testmod-SpacePotion","EntropicBrew","testmod-SpacePotion","Bottled Tornado","testmod-SpacePotion","Pan","PaperSwan","Fruit Juice","testmod-SpacePotion","rmod:equipmentrecovery","rmod:aviationdawn+1","rmod:acesubmarine+1","ShroomBag","TypeBBloodRedTea","Juzu Bracelet","EntropicBrew","WingedGreaves","Koishi:LettersToReimu","Omamori","rmod:guardianhero+1","RedBat","rmod:advancebysurprise+1","Pear","FossilizedHelix","rmod:desperatesituation+1","ThegodofHakurei_purpleEX","Ice Cream","Potion Belt","testmod-ConstraintPeriapt","testmod-Acrobat","rmod:aviationdawn+1","EntropicBrew","rmod:advancebysurprise+1","rmod:highspeedmaneuver+1","testmod-CrystalShield","Girya","ScarletHat","BigShroomBag","Fruit Juice","rmod:highspeedmaneuver","BreadOfAWashokuLover"],"campfire_rested":0,"item_purchase_floors":[0,0,0,0,0,0,0,0,0,0,0,0,0,0,0,0,0,0,0,0,0,0,0,0,0,0,0,0,0,0,0,0,0,0,0,0,0,0,0,0,0,0,0,0,0,0,0,0,0,0,0,0,0,0,0,0,0,0,0,0,0,0,0,0,0,0,0,0,0,0,0,0,0,0,0,0,0,0,0,0,0,0,0,0,0,0,0,0,0,0,0,0,0,0,0,0,0,0,0,0,0,44,53],"current_hp_per_floor":[174,174,174,193,194,194,196,196,196,209,255,282,282,282,282,305,305,315,324,367,387,398,398,289,320,320,320,341,341,363,364,364,411,491,508,468,269,270,284,168,215,216,217,228,267,267,275,275,275,324,653,653,660,680,702],"gold":10107,"neow_bonus":"","is_daily":false,"chose_seed":false,"campfire_upgraded":3,"win_rate":0.0,"timestamp":1613482183,"path_taken":["M","?","?","M","?","R","COS","?","T","E","?","E","$","?","R","BOSS","M","M","$","M","$","R","E","E","T","?","E","R","E","?","R","BOSS","M","?","M","?","M","E","M","?","T","$","E","?","?","?","R","BOSS","R","$","E","BOSS"],"items_purchased_type":["Relic","Relic","Card","Relic","Card","Card","Relic","Relic","Card","Relic","Card","Relic","Relic","Card","Relic","Card","Relic","Card","Relic","Card","Relic","Card","Relic","Card","Relic","Potion","Card","Relic","Relic","Relic","Potion","Card","Card","Relic","Relic","Relic","Relic","Card","Card","Relic","Card","Relic","Relic","Relic","Relic","Relic","Potion","Relic","Relic","Relic","Potion","Relic","Relic","Relic","Potion","Relic","Potion","Relic","Relic","Potion","Card","Card","Potion","Potion","Potion","Relic","Potion","Relic","Relic","Potion","Potion","Relic","Card","Card","Relic","Relic","Relic","Potion","Relic","Relic","Relic","Card","Relic","Card","Relic","Relic","Card","Relic","Relic","Relic","Relic","Relic","Card","Potion","Card","Card","Relic","Relic","Relic","Relic","Potion","Card","Relic"],"build_version":"2020-12-22","purchased_purges":28,"victory":true,"max_hp_per_floor":[174,174,174,193,194,194,196,196,196,209,255,282,282,282,282,305,305,315,324,367,387,398,398,411,436,436,436,454,454,470,471,471,491,491,508,468,497,498,519,539,572,573,574,585,604,604,612,612,612,653,653,653,660,680,702],"card_choices":[{"not_picked":["testmod-RepeatForm+1","Swift Strike+1","HandOfGreed+1"],"picked":"Contraction+1","floor":0},{"not_picked":["Study+1","Ricochet+1","ShootingEcho+1","Blade Dance+1"],"picked":"Singing Bowl","floor":0},{"not_picked":["UnarmedAttack5+1","AdministrixMod:RebukeDesires+1","ClowCardTheMaze+1","rmod:launchingtorpedo+1"],"picked":"Singing Bowl","floor":0},{"not_picked":["rmod:goodsister+1","Transmutation+1","rmod:mineteam+1","LearningPray:ReiMu+1"],"picked":"Singing Bowl","floor":0},{"not_picked":["Koishi:GhostParty+1","UnarmedAttack3+1","rmod:fuelsupply+1"],"picked":"ManaConvection+1","floor":0},{"not_picked":["YinYangSange:ReiMu+1","SpreadBorder2:ReiMu+1","Decade_Dash2+1","rmod:luckystar+1"],"picked":"Singing Bowl","floor":1},{"not_picked":["ClowCardTheSilent+1","Halt+1","Occultation+1","Aggregate+1"],"picked":"Singing Bowl","floor":1},{"not_picked":["testmod-Collector+1","MiserableFate+1","AdministrixMod:ShadowPlay+1","Leap+1"],"picked":"Singing Bowl","floor":4},{"not_picked":["DarkMatter+1","DependentForm:ReiMu+1","Scrape+1","Maim+1"],"picked":"Singing Bowl","floor":4},{"not_picked":["SharpContractionReality_purple+1","Koishi:JumpScare+1","Sunlight+1"],"picked":"Steam Power+1","floor":10},{"not_picked":["AdministrixMod:HarmonicReverence+1","Meditation:ReiMu+1","testmod-BloodBlade+1"],"picked":"Steam Power+1","floor":11},{"not_picked":["Dagger Spray+1","rmod:aviationdawn+1","ClowCardTheWave+1","Combust+1"],"picked":"Singing Bowl","floor":12},{"not_picked":["BatForm+1","ClowCardTheLight+1","ConjureBlade+1","Double Tap+1"],"picked":"Singing Bowl","floor":16},{"not_picked":["ClowCardTheSand+1","testmod-TemporaryDeletion+1","AdministrixMod:SipOfSparks+1","ClowCardTheMirror+1"],"picked":"Singing Bowl","floor":18},{"not_picked":["BombardNight+1","Hologram+1","InherentArray:ReiMu+1","Rewind+1"],"picked":"Singing Bowl","floor":18},{"not_picked":["Turbo+1","Unload+1","FormRideDragon+1","Line_surface_state_purple+1"],"picked":"Singing Bowl","floor":19},{"not_picked":["rmod:wolves+1","IllusionStar+1","MokouMod:ScorchedEarth+1","Koishi:SpiritedAway+1"],"picked":"Singing Bowl","floor":19},{"not_picked":["CharismaGuard+1","MokouMod:ResonanceReactor","PhosphorusFlame:ReiMu","ClowCardTheLoop"],"picked":"Singing Bowl","floor":21},{"not_picked":["ScarletImprint","Koishi:UnconsciousUrges","Shallow_ocean_purpleEX+1","MokouMod:Singe"],"picked":"Singing Bowl","floor":21},{"not_picked":["Koishi:UnconsciousUrges","LessonLearned","rmod:sl","Koishi:PhantomStrike"],"picked":"Singing Bowl","floor":24},{"not_picked":["ClowCardTheWave","MokouMod:IgnitionBarrier","Decade_Illusion","Desolation"],"picked":"Singing Bowl","floor":25},{"not_picked":["True Grit","testmod-TreasureHunter","UnstableBomb"],"picked":"Adrenaline","floor":28},{"not_picked":["Heavy Blade","Barrage","Dark Shackles","ClowCardTheErase+1"],"picked":"Singing Bowl","floor":30},{"not_picked":["testmod-Superconductor","Koishi:FadingMemory","rmod:windflower"],"picked":"Gensokyo:RisingWorld","floor":33},{"not_picked":["EmergencyTakeOff:ReiMu","ClowCardTheWatery+1","Beam Cell+1","AdministrixMod:FaithfulFlames"],"picked":"Singing Bowl","floor":35},{"not_picked":["AdministrixMod:TrickOfTheLight","EndlessAdversity+1","Erosivefilter_purple+1","AdministrixMod:TouchOfCinnabar+1"],"picked":"Singing Bowl","floor":35},{"not_picked":["StateDuplicate_purple","rmod:capitalist+1","ClowCardTheShot","MillenniumVampire"],"picked":"Singing Bowl","floor":37},{"not_picked":["ForbiddenFruit","KamenRideFaiz","Blind+1","rmod:aluminumsupply"],"picked":"Singing Bowl","floor":37},{"not_picked":["AdministrixMod:CrackingPangu","ClowCardTheFly","FearNoEvil","Protect+1"],"picked":"Singing Bowl","floor":39},{"not_picked":["WitchOfGreed","ClowCardTheShadow","Amulet:ReiMu","InnerPeace"],"picked":"Singing Bowl","floor":39},{"not_picked":["ExistenceContinue_purple","AdministrixMod:CastOffRegrets+1","MokouMod:HeatTransfer","rmod:combined"],"picked":"Singing Bowl","floor":40},{"not_picked":["Sword Boomerang","rmod:fuelsupply+1","rmod:steelsupply","Flex"],"picked":"Singing Bowl","floor":41},{"not_picked":["MokouMod:Fireball+1","Capacitor+1","ReachHeaven+1","Defy"],"picked":"Singing Bowl","floor":41},{"not_picked":["ForeignInfluence","AirStrike:ReiMu+1","Acceleration","Sword Boomerang"],"picked":"Singing Bowl","floor":45},{"not_picked":["rmod:intelligenceanalysis"],"picked":"Singing Bowl","floor":47},{"not_picked":["rmod:salvage"],"picked":"Singing Bowl","floor":47},{"not_picked":["rmod:fletcherpendant"],"picked":"Singing Bowl","floor":47},{"not_picked":["rmod:supriseattacks"],"picked":"Singing Bowl","floor":47},{"not_picked":["rmod:expedition","rmod:aggressivemary+1","rmod:wife","rmod:supriseattacks"],"picked":"Singing Bowl","floor":54}],"player_experience":625228,"relics_obtained":[{"floor":8,"key":"PreservedInsect"},{"floor":10,"key":"BodyOfKamiR:ReiMu"},{"floor":11,"key":"KSMOD_RollerSkates"},{"floor":12,"key":"Gensokyo:OccultBall"},{"floor":12,"key":"Tingsha"},{"floor":16,"key":"Gensokyo:OccultBall"},{"floor":24,"key":"ScarletDevilRocket"},{"floor":25,"key":"Gensokyo:OccultBall"},{"floor":25,"key":"Orichalcum"},{"floor":26,"key":"rmod:quickrepair"},{"floor":28,"key":"AdministrixMod:GoldenChickadee"},{"floor":30,"key":"Shuriken"},{"floor":31,"key":"RuthlessExorcism:ReiMu"},{"floor":33,"key":"Gensokyo:OccultBall"},{"floor":34,"key":"Blood Vial"},{"floor":34,"key":"HornCleat"},{"floor":34,"key":"Incense Burner"},{"floor":40,"key":"War Paint"},{"floor":43,"key":"Anchor"},{"floor":45,"key":"Koishi:AHoleWhereASisterShouldBe"},{"floor":46,"key":"Gremlin Horn"},{"floor":54,"key":"KSMOD_TouyasBicycle"}],"event_choices":[{"damage_healed":0,"gold_gain":400,"player_choice":"Sell","damage_taken":0,"max_hp_gain":0,"max_hp_loss":0,"event_name":"恩洛斯的盘子","floor":5,"relics_lost":["testmod-TestBox"],"gold_loss":0},{"damage_healed":0,"gold_gain":0,"player_choice":"Inject Mutagens","damage_taken":0,"relics_obtained":["MutagenicStrength"],"max_hp_gain":0,"max_hp_loss":0,"event_name":"Drug Dealer","floor":27,"gold_loss":0}],"is_beta":false,"boss_relics":[{"not_picked":["testmod-BatchProcessingSystem","testmod-Recursion"],"picked":"testmod-KeyOfTheVoid"},{"not_picked":["Runic Pyramid","KSMOD_DarknessWand"],"picked":"Calling Bell"}],"items_purged_floors":[0,0,0,0,0,0,0,0,0,0,0,0,0,0,0,0,0,0,0,0,0,0,0,0,0,13,20,44],"is_endless":false,"potions_floor_spawned":[1,4,10,11,12,16,18,19,21,24,25,28,30,33,35,37,39,40,41,45,54],"ascension_level":1}}