{"host":"k0d0avqto4hu4k85","time":1613454724,"event":{"mods":["AchievementEnabler","BaseMod","BetterRewards","Colored Map","Colored Powertips","Minty Spire (QoL Compilation)"],"gold_per_floor":[211,211,291,309,221,221,253,271,296,296,315,345,345,360,360,464,464,449,449,449],"floor_reached":19,"language":"ENG","playtime":745,"items_purged":[],"score":184,"play_id":"a41866af-f151-4464-95db-97db13fb843e","local_time":"20210216005204","is_ascension_mode":true,"campfire_choices":[{"data":"Spot Weakness","floor":6,"key":"SMITH"},{"floor":10,"key":"REST"},{"floor":13,"key":"REST"},{"data":"Uppercut","floor":15,"key":"SMITH"}],"circlet_count":0,"master_deck":["Strike_R","Strike_R","Strike_R","Strike_R","Strike_R","Defend_R","Defend_R","Defend_R","Defend_R","Bash","Searing Blow","Spot Weakness+1","Heavy Blade","Pommel Strike","Cleave","Demon Form","Uppercut+1","Rampage"],"relics":["Burning Blood","MealTicket","Ancient Tea Set","Nunchaku"],"acts_visited":["Exordium","TheCity"],"potions_floor_usage":[],"damage_taken":[{"damage":4,"enemies":"2 Louse","floor":1,"turns":4},{"damage":6,"enemies":"Small Slimes","floor":4,"turns":3},{"damage":27,"enemies":"3 Sentries","floor":7,"turns":5},{"damage":2,"enemies":"Jaw Worm","floor":8,"turns":3},{"damage":22,"enemies":"Exordium Wildlife","floor":11,"turns":3},{"damage":9,"enemies":"3 Louse","floor":14,"turns":3},{"damage":59,"enemies":"Hexaghost","floor":16,"turns":9},{"damage":29,"enemies":"2 Thieves","floor":18,"turns":4},{"damage":62,"enemies":"3 Byrds","floor":19,"turns":5}],"seed_played":"-6821177998909026235","potions_obtained":[{"floor":7,"key":"SpeedPotion"},{"floor":11,"key":"BloodPotion"},{"floor":14,"key":"Dexterity Potion"},{"floor":18,"key":"ElixirPotion"}],"is_trial":false,"path_per_floor":["M","?","?","M","$","R","E","M","T","R","M","?","R","M","R","B",null,"M","M"],"character_chosen":"IRONCLAD","items_purchased":["Spot Weakness","Heavy Blade"],"campfire_rested":2,"item_purchase_floors":[5,5],"current_hp_per_floor":[80,85,85,85,85,85,64,68,68,85,69,69,85,82,82,29,85,62,0,0],"gold":449,"neow_bonus":"HUNDRED_GOLD","is_daily":false,"chose_seed":false,"campfire_upgraded":2,"win_rate":0.0,"timestamp":1613454724,"path_taken":["M","?","?","M","$","R","E","M","T","R","M","?","R","M","R","BOSS","M","M"],"items_purchased_type":["Card","Card"],"build_version":"2020-12-22","purchased_purges":0,"victory":false,"max_hp_per_floor":[80,85,85,85,85,85,85,85,85,85,85,85,85,85,85,85,85,85,85,85],"card_choices":[{"not_picked":["Thunderclap","Sword Boomerang"],"picked":"Searing Blow","floor":1},{"not_picked":["Power Through","True Grit","Carnage"],"picked":"SKIP","floor":4},{"not_picked":["Entrench","Warcry"],"picked":"Pommel Strike","floor":7},{"not_picked":["Combust","Body Slam"],"picked":"Cleave","floor":8},{"not_picked":["Cleave","Second Wind"],"picked":"Demon Form","floor":11},{"not_picked":["Sword Boomerang","Hemokinesis"],"picked":"Uppercut","floor":14},{"not_picked":["Pommel Strike","Ghostly Armor"],"picked":"Rampage","floor":18}],"player_experience":1172721,"relics_obtained":[{"floor":7,"key":"MealTicket"},{"floor":9,"key":"Ancient Tea Set"}],"event_choices":[{"damage_healed":0,"gold_gain":0,"player_choice":"Donut","damage_taken":0,"max_hp_gain":5,"max_hp_loss":0,"event_name":"Big Fish","floor":2,"gold_loss":0},{"damage_healed":0,"gold_gain":80,"player_choice":"Gained Gold","damage_taken":0,"max_hp_gain":0,"max_hp_loss":0,"event_name":"Golden Wing","floor":3,"gold_loss":0},{"damage_healed":0,"gold_gain":30,"player_choice":"Searched \u00272\u0027 times","damage_taken":0,"relics_obtained":["Nunchaku"],"max_hp_gain":0,"max_hp_loss":0,"event_name":"Dead Adventurer","floor":12,"gold_loss":0}],"is_beta":false,"boss_relics":[{"not_picked":["Runic Cube","Runic Pyramid","Ectoplasm"]}],"items_purged_floors":[],"is_endless":false,"potions_floor_spawned":[7,11,14,18],"killed_by":"3 Byrds","ascension_level":2}}