{"host":"kfzb6d1vwx0oeud7","time":1613439178,"event":{"mods":["BaseMod","Colored Map","Colored Powertips","Infinite Spire","Marisa????????","Minty Spire (QoL Compilation)","Remilia??????","StSLib","The Cursed","The Disciple","The Servant 0.9.4"],"gold_per_floor":[114,114,129,129,144,144,174,189,189,204,8,23,23,38,38,138,138,153,153,168,43,58,58,88,88,113,143,143,0,15,15,15,15,15],"floor_reached":33,"language":"ENG","playtime":2027,"items_purged":[],"score":362,"play_id":"ae95429b-2b02-496c-a33e-45bb36e57bdf","local_time":"20210215203258","daily_mods":["Specialized","ControlledChaos","Lethality"],"is_ascension_mode":false,"campfire_choices":[{"data":"Streamline","floor":6,"key":"SMITH"},{"floor":13,"key":"REST"},{"data":"Barrage","floor":15,"key":"SMITH"},{"data":"Apotheosis","floor":23,"key":"SMITH"},{"floor":25,"key":"REST"},{"floor":28,"key":"REST"},{"floor":32,"key":"REST"}],"circlet_count":0,"master_deck":["Strike_B","Strike_B","Strike_B","Strike_B","Defend_B","Defend_B","Defend_B","Defend_B","Zap","Dualcast","Lockon","Lockon","Lockon","Lockon","Lockon","Streamline+1","Leap","Glacier","Recycle","Beam Cell","Melter","Steam","Sweeping Beam","Barrage+1","Electrodynamics","Melter+1","BootSequence","Apotheosis+1","Doom and Gloom","Turbo","Go for the Eyes+1","Rebound+1"],"relics":["Cracked Core","Frozen Eye","Nunchaku","Potion Belt","Blue Candle","Tiny Chest","Pen Nib","Nuclear Battery","SsserpentHead","Emotion Chip","Centennial Puzzle","infinitespire:BottledMercury"],"acts_visited":["Exordium","TheCity"],"potions_floor_usage":[7,18,22,24,24],"damage_taken":[{"damage":3,"enemies":"Small Slimes","floor":1,"turns":3},{"damage":0,"enemies":"Cultist","floor":3,"turns":2},{"damage":0,"enemies":"2 Louse","floor":5,"turns":2},{"damage":17,"enemies":"3 Sentries","floor":7,"turns":5},{"damage":0,"enemies":"2 Fungi Beasts","floor":8,"turns":2},{"damage":7,"enemies":"Exordium Wildlife","floor":10,"turns":2},{"damage":33,"enemies":"Gremlin Gang","floor":12,"turns":3},{"damage":0,"enemies":"2 Fungi Beasts","floor":14,"turns":2},{"damage":0,"enemies":"Slime Boss","floor":16,"turns":4},{"damage":4,"enemies":"Shell Parasite","floor":18,"turns":3},{"damage":0,"enemies":"Spheric Guardian","floor":20,"turns":1},{"damage":0,"enemies":"Snake Plant","floor":22,"turns":2},{"damage":63,"enemies":"Gremlin Leader","floor":24,"turns":6},{"damage":24,"enemies":"Book of Stabbing","floor":27,"turns":4},{"damage":26,"enemies":"Shelled Parasite and Fungi","floor":30,"turns":3},{"damage":27,"enemies":"Champ","floor":33,"turns":3}],"seed_played":"2711566965655028651","potions_obtained":[{"floor":1,"key":"SpeedPotion"},{"floor":3,"key":"FocusPotion"},{"floor":10,"key":"Weak Potion"},{"floor":14,"key":"Weak Potion"},{"floor":18,"key":"FearPotion"},{"floor":30,"key":"Weak Potion"}],"is_trial":false,"path_per_floor":["M","?","M","T","M","R","E","M","T","M","$","M","R","M","R","B",null,"M","?","M","$","M","R","E","R","T","E","R","?","M","$","R","B"],"character_chosen":"DEFECT","items_purchased":["Pen Nib","Steam","Apotheosis"],"campfire_rested":4,"item_purchase_floors":[11,11,21],"current_hp_per_floor":[72,72,72,72,72,72,55,55,55,48,48,15,37,37,37,37,75,71,71,71,71,71,71,8,30,30,6,28,28,2,2,24,0,0],"gold":15,"neow_bonus":"","is_daily":true,"chose_seed":false,"campfire_upgraded":3,"win_rate":0.0,"timestamp":1613439178,"path_taken":["M","?","M","?","M","R","E","M","T","M","$","M","R","M","R","BOSS","M","?","M","?","M","R","E","R","T","E","R","?","M","$","R","BOSS"],"items_purchased_type":["Relic","Card","Card"],"build_version":"2020-12-22","purchased_purges":0,"victory":false,"max_hp_per_floor":[75,75,75,75,75,75,75,75,75,75,75,75,75,75,75,75,75,75,75,75,75,75,75,75,75,75,75,75,75,75,75,75,75,75],"card_choices":[{"not_picked":["Blizzard","Barrage"],"picked":"Streamline","floor":1},{"not_picked":["Doom and Gloom","Coolheaded"],"picked":"Leap","floor":3},{"not_picked":["Cold Snap","Biased Cognition"],"picked":"Glacier","floor":5},{"not_picked":["Darkness","Rebound"],"picked":"Recycle","floor":7},{"not_picked":["Glacier","Darkness"],"picked":"Beam Cell","floor":8},{"not_picked":["Sweeping Beam","Conserve Battery"],"picked":"Melter","floor":10},{"not_picked":["Go for the Eyes","Compile Driver"],"picked":"Sweeping Beam","floor":12},{"not_picked":["Cold Snap","Steam"],"picked":"Barrage","floor":14},{"not_picked":["Amplify","All For One"],"picked":"Electrodynamics","floor":16},{"not_picked":["Hologram","Rebound"],"picked":"Melter+1","floor":18},{"not_picked":["Conserve Battery","Stack"],"picked":"BootSequence","floor":20},{"not_picked":["Recycle","Melter"],"picked":"Doom and Gloom","floor":22},{"not_picked":["Consume","Recycle+1"],"picked":"Turbo","floor":24},{"not_picked":["Hello World","Gash+1"],"picked":"Go for the Eyes+1","floor":27},{"not_picked":["Heatsinks","Cold Snap"],"picked":"Rebound+1","floor":30}],"player_experience":427646,"relics_obtained":[{"floor":2,"key":"Nunchaku"},{"floor":4,"key":"Potion Belt"},{"floor":7,"key":"Blue Candle"},{"floor":9,"key":"Tiny Chest"},{"floor":24,"key":"Emotion Chip"},{"floor":26,"key":"Centennial Puzzle"},{"floor":27,"key":"infinitespire:BottledMercury"}],"event_choices":[{"damage_healed":0,"gold_gain":0,"player_choice":"Trade","damage_taken":0,"relics_obtained":["SsserpentHead"],"max_hp_gain":0,"max_hp_loss":0,"event_name":"FaceTrader","floor":19,"gold_loss":0},{"damage_healed":0,"gold_gain":0,"player_choice":"Paid Fearfully","damage_taken":0,"max_hp_gain":0,"max_hp_loss":0,"event_name":"Masked Bandits","floor":29,"gold_loss":193}],"is_beta":false,"boss_relics":[{"not_picked":["Runic Dome","Fusion Hammer"],"picked":"Nuclear Battery"}],"items_purged_floors":[],"is_endless":false,"potions_floor_spawned":[1,3,10,14,18,30],"killed_by":"Champ","ascension_level":0}}