{"host":"ifvrsrzj00f2ebkn","time":1613466379,"event":{"mods":["BaseMod","Colored Map","Colored Powertips","Minty Spire (QoL Compilation)","Random Character Button","Shop Mod","StSLib"],"gold_per_floor":[118,118,137,137,137,176,220,253,253,295,338,386,311,211,211,349,349,372,401,163,13,13,65,96,129,129,177,221,257,257,305,305,430,430,464,464,289,89,89,127,127,175,220,260,260,308,322,353,353,353],"floor_reached":51,"language":"ENG","playtime":9760,"items_purged":["Injury","Fiend Fire","Swift Strike","Fiend Fire","Burst+1","Phantasmal Killer+1"],"score":1755,"play_id":"97f1d190-da40-4acd-8abc-9bd0b8e237f8","local_time":"20210216170619","daily_mods":["SealedDeck","Red Cards","Green Cards","Blue Cards","Colorless Cards","Heirloom","Time Dilation","Flight","DeadlyEvents","Elite Swarm"],"is_ascension_mode":true,"campfire_choices":[{"floor":15,"key":"DIG"},{"data":"Iron Wave","floor":30,"key":"PURGE"},{"floor":32,"key":"DIG"},{"data":"Barricade","floor":41,"key":"SMITH"},{"data":"Shockwave","floor":45,"key":"SMITH"},{"data":"Body Slam","floor":49,"key":"SMITH"}],"circlet_count":0,"master_deck":["Thunderclap","Conserve Battery","Ghostly Armor","Leap","Backflip+1","Flying Knee","Auto Shields","Shockwave+1","Spot Weakness+1","Sadistic Nature","Panache","Barricade+1","Body Slam+1","PanicButton+1","Turbo+1","Limit Break+1","Go for the Eyes+1","Reaper","Offering+1"],"relics":["Ring of the Snake","Shovel","Golden Idol","Bronze Scales","HornCleat","CeramicFish","Toxic Egg 2","Bag of Preparation","Blood Vial","Black Star","MerchantsRug","White Beast Statue","Du-Vu Doll","Peace Pipe","Ninja Scroll","Boot","Pear","Darkstone Periapt","StrikeDummy","Regal Pillow","Letter Opener","Dream Catcher","Happy Flower","Bag of Marbles","Oddly Smooth Stone","Bottled Tornado","Pantograph","Mercury Hourglass","Orichalcum","Toy Ornithopter","Turnip","Nunchaku","Eternal Feather","The Courier","Incense Burner","Thread and Needle","Calipers","MealTicket"],"acts_visited":["Exordium","TheCity","TheBeyond"],"potions_floor_usage":[12,16,16,24,28,29,33,33,35,40,50,50],"damage_taken":[{"damage":0,"enemies":"2 Louse","floor":1,"turns":3},{"damage":0,"enemies":"Cultist","floor":3,"turns":3},{"damage":4,"enemies":"Gremlin Nob","floor":6,"turns":5},{"damage":0,"enemies":"3 Sentries","floor":7,"turns":7},{"damage":0,"enemies":"Lagavulin","floor":8,"turns":5},{"damage":0,"enemies":"Gremlin Nob","floor":10,"turns":3},{"damage":0,"enemies":"Lagavulin","floor":11,"turns":5},{"damage":0,"enemies":"3 Sentries","floor":12,"turns":4},{"damage":0,"enemies":"Hexaghost","floor":16,"turns":4},{"damage":0,"enemies":"Spheric Guardian","floor":18,"turns":3},{"damage":3,"enemies":"2 Thieves","floor":19,"turns":4},{"damage":0,"enemies":"Gremlin Leader","floor":23,"turns":4},{"damage":0,"enemies":"Book of Stabbing","floor":24,"turns":4},{"damage":7,"enemies":"Slavers","floor":25,"turns":4},{"damage":0,"enemies":"Gremlin Leader","floor":27,"turns":2},{"damage":0,"enemies":"Slavers","floor":28,"turns":5},{"damage":14,"enemies":"Book of Stabbing","floor":29,"turns":5},{"damage":2,"enemies":"Gremlin Leader","floor":31,"turns":5},{"damage":41,"enemies":"Champ","floor":33,"turns":10},{"damage":0,"enemies":"3 Darklings","floor":35,"turns":3},{"damage":9,"enemies":"Reptomancer","floor":40,"turns":6},{"damage":0,"enemies":"Giant Head","floor":42,"turns":7},{"damage":0,"enemies":"Reptomancer","floor":44,"turns":2},{"damage":0,"enemies":"Giant Head","floor":46,"turns":6},{"damage":0,"enemies":"3 Shapes","floor":47,"turns":3},{"damage":0,"enemies":"Nemesis","floor":48,"turns":6},{"damage":9,"enemies":"Donu and Deca","floor":50,"turns":6}],"seed_played":"-3342800049960619679","potions_obtained":[{"floor":1,"key":"Explosive Potion"},{"floor":3,"key":"CunningPotion"},{"floor":6,"key":"Poison Potion"},{"floor":12,"key":"Explosive Potion"},{"floor":18,"key":"EntropicBrew"},{"floor":23,"key":"GamblersBrew"},{"floor":24,"key":"Fruit Juice"},{"floor":25,"key":"Ancient Potion"},{"floor":27,"key":"Block Potion"},{"floor":28,"key":"Strength Potion"},{"floor":29,"key":"SpeedPotion"},{"floor":33,"key":"Block Potion"},{"floor":35,"key":"Dexterity Potion"},{"floor":40,"key":"FearPotion"},{"floor":42,"key":"Fire Potion"},{"floor":46,"key":"GhostInAJar"},{"floor":47,"key":"Poison Potion"}],"is_trial":true,"path_per_floor":["M","?","M","?","?","E","E","E","T","E","E","E","$","$","R","B",null,"M","M","$","$","?","E","E","E","T","E","E","E","R","E","R","B",null,"M","?","$","$","?","E","R","E","T","E","R","E","M","E","R","B",null],"character_chosen":"THE_SILENT","items_purchased":["Turbo+1","MerchantsRug"],"campfire_rested":0,"item_purchase_floors":[20,20],"current_hp_per_floor":[70,70,70,70,70,66,66,66,66,66,66,66,66,66,66,68,70,70,67,67,67,67,69,75,78,78,80,82,70,70,70,70,44,85,85,85,85,85,81,72,72,74,74,76,81,81,81,81,81,80],"gold":353,"neow_bonus":"","is_daily":false,"chose_seed":false,"campfire_upgraded":3,"win_rate":0.0,"timestamp":1613466379,"path_taken":["M","?","?","?","?","E","E","E","T","E","E","E","$","$","R","BOSS","M","M","?","$","?","E","E","E","T","E","E","E","R","E","R","BOSS","M","?","$","$","?","E","R","E","T","E","R","E","M","E","R","BOSS"],"items_purchased_type":["Card","Relic"],"build_version":"2020-12-22","purchased_purges":6,"victory":true,"max_hp_per_floor":[70,70,70,70,70,70,70,70,70,70,70,70,70,70,70,70,70,70,70,70,70,70,70,75,85,85,85,85,85,85,85,85,85,85,85,85,85,85,81,81,81,81,81,81,81,81,81,81,81,81],"card_choices":[{"not_picked":["Chaos","Entrench"],"picked":"Shockwave","floor":1},{"not_picked":["Warcry","Static Discharge"],"picked":"Spot Weakness","floor":3},{"not_picked":["Double Tap","Brutality"],"picked":"Fiend Fire","floor":6},{"not_picked":["Buffer","Bludgeon","A Thousand Cuts"],"picked":"SKIP","floor":7},{"not_picked":["Venomology","All For One","Reboot"],"picked":"SKIP","floor":8},{"not_picked":["All For One","Fission+1"],"picked":"Fiend Fire","floor":10},{"not_picked":["Doppelganger+1","Metamorphosis+1"],"picked":"Sadistic Nature","floor":11},{"not_picked":["A Thousand Cuts","Multi-Cast+1"],"picked":"Panache","floor":12},{"not_picked":["Double Tap+1","Burst+1"],"picked":"Barricade","floor":16},{"not_picked":["White Noise+1","Prepared+1"],"picked":"Body Slam","floor":18},{"not_picked":["Compile Driver","Caltrops"],"picked":"PanicButton+1","floor":19},{"not_picked":["Echo Form","A Thousand Cuts"],"picked":"Limit Break+1","floor":23},{"not_picked":["Rainbow+1","Barricade","Tools of the Trade"],"picked":"SKIP","floor":24},{"not_picked":["Venomology+1","Limit Break+1","Brutality"],"picked":"SKIP","floor":25},{"not_picked":["Limit Break+1","Night Terror+1"],"picked":"Burst+1","floor":27},{"not_picked":["Multi-Cast+1","HandOfGreed","Amplify+1"],"picked":"SKIP","floor":28},{"not_picked":["Mayhem","Fission+1","Machine Learning"],"picked":"SKIP","floor":29},{"not_picked":["Mayhem","Fission+1","Machine Learning"],"picked":"SKIP","floor":29},{"not_picked":["HandOfGreed","Transmutation+1"],"picked":"Phantasmal Killer+1","floor":31},{"not_picked":["Flying Knee+1","Streamline+1"],"picked":"Go for the Eyes+1","floor":35},{"not_picked":["Glass Knife","Unload","Chrysalis+1"],"picked":"SKIP","floor":40},{"not_picked":["Glass Knife","Unload","Chrysalis+1"],"picked":"SKIP","floor":40},{"not_picked":["Die Die Die","Echo Form"],"picked":"Reaper","floor":42},{"not_picked":["Thunder Strike","Transmutation+1","Offering+1"],"picked":"SKIP","floor":44},{"not_picked":["Creative AI","Core Surge"],"picked":"Offering+1","floor":46},{"not_picked":["Outmaneuver+1","Cold Snap+1","Dramatic Entrance"],"picked":"SKIP","floor":47},{"not_picked":["Reaper","The Bomb+1","Violence+1"],"picked":"SKIP","floor":48}],"player_experience":85257,"relics_obtained":[{"floor":6,"key":"Bronze Scales"},{"floor":7,"key":"HornCleat"},{"floor":8,"key":"CeramicFish"},{"floor":9,"key":"War Paint"},{"floor":10,"key":"Toxic Egg 2"},{"floor":11,"key":"Bag of Preparation"},{"floor":12,"key":"Sundial"},{"floor":15,"key":"Blood Vial"},{"floor":23,"key":"White Beast Statue"},{"floor":23,"key":"Du-Vu Doll"},{"floor":24,"key":"Peace Pipe"},{"floor":24,"key":"Ninja Scroll"},{"floor":25,"key":"Boot"},{"floor":25,"key":"Pear"},{"floor":26,"key":"Darkstone Periapt"},{"floor":27,"key":"StrikeDummy"},{"floor":27,"key":"Regal Pillow"},{"floor":28,"key":"Letter Opener"},{"floor":28,"key":"Dream Catcher"},{"floor":29,"key":"Happy Flower"},{"floor":29,"key":"Bag of Marbles"},{"floor":31,"key":"Oddly Smooth Stone"},{"floor":31,"key":"Bottled Tornado"},{"floor":32,"key":"Pantograph"},{"floor":40,"key":"Mercury Hourglass"},{"floor":40,"key":"Orichalcum"},{"floor":42,"key":"Toy Ornithopter"},{"floor":42,"key":"Turnip"},{"floor":43,"key":"Nunchaku"},{"floor":44,"key":"Eternal Feather"},{"floor":44,"key":"The Courier"},{"floor":46,"key":"Incense Burner"},{"floor":46,"key":"Thread and Needle"},{"floor":48,"key":"Calipers"},{"floor":48,"key":"MealTicket"}],"event_choices":[{"cards_removed":["Good Instincts"],"damage_healed":0,"gold_gain":0,"player_choice":"Purged","damage_taken":0,"max_hp_gain":0,"max_hp_loss":0,"event_name":"Purifier","floor":2,"gold_loss":0},{"damage_healed":0,"gold_gain":0,"player_choice":"Take Wound","damage_taken":0,"relics_obtained":["Golden Idol"],"max_hp_gain":0,"max_hp_loss":0,"event_name":"Golden Idol","floor":4,"gold_loss":0,"cards_obtained":["Injury"]},{"damage_healed":0,"gold_gain":0,"player_choice":"Ignored","damage_taken":0,"max_hp_gain":0,"max_hp_loss":0,"event_name":"Transmorgrifier","floor":5,"gold_loss":0},{"damage_healed":0,"gold_gain":0,"player_choice":"Simplicity","damage_taken":0,"max_hp_gain":0,"max_hp_loss":0,"event_name":"Back to Basics","floor":22,"gold_loss":0,"cards_upgraded":[]},{"damage_healed":0,"gold_gain":0,"player_choice":"Ignored","damage_taken":0,"max_hp_gain":0,"max_hp_loss":0,"event_name":"Tomb of Lord Red Mask","floor":36,"gold_loss":0},{"damage_healed":0,"gold_gain":0,"player_choice":"Max HP","damage_taken":0,"max_hp_gain":0,"max_hp_loss":4,"event_name":"Winding Halls","floor":39,"gold_loss":0}],"is_beta":false,"boss_relics":[{"not_picked":["Busted Crown","Tiny House"],"picked":"Black Star"},{"not_picked":["Astrolabe","Snecko Eye","Runic Dome"]}],"items_purged_floors":[13,14,20,21,37,38],"is_endless":false,"potions_floor_spawned":[1,3,6,12,18,23,24,25,27,28,29,31,33,35,40,42,44,46,47,48],"ascension_level":4}}