{"host":"8vqkh0x3c7vpgzzm","time":1613488195,"event":{"mods":["AchievementEnabler","BaseMod","Colored Map","Colored Powertips","Curses Come First","DeckTracker","Highlight Path","Minty Spire (QoL Compilation)","Permanent Neow","Quick Restart","Random Character Mod","Rare Cards Sparkle","Relic Sorter","Relic Stats","StSLib","SuperFastMode","Unceasing Turn Reminder","egg","everything is the same but u backflip on backflip"],"gold_per_floor":[110,110,121,121,121,121,131,145,171,171,8,21,21,38,38,139,139,153,53,53,53,65,65,65,80,156,156,181,200,200,213,213,313,313,328,133,152,62,78,3,22,22,22,38,54,54,54,66,66,66],"floor_reached":51,"language":"ENG","playtime":2159,"items_purged":["Defend_R","Strike_R","Strike_R"],"score":643,"play_id":"175cf9f0-3d2a-4a8d-8fca-5504fd50b4e3","local_time":"20210216160955","is_ascension_mode":false,"campfire_choices":[{"data":"Bash","floor":6,"key":"SMITH"},{"data":"Armaments","floor":10,"key":"SMITH"},{"data":"Disarm","floor":13,"key":"SMITH"},{"data":"Double Tap","floor":15,"key":"SMITH"},{"data":"Pommel Strike","floor":23,"key":"SMITH"},{"data":"Pommel Strike","floor":27,"key":"SMITH"},{"data":"Immolate","floor":30,"key":"SMITH"},{"data":"Shrug It Off","floor":32,"key":"SMITH"},{"floor":42,"key":"REST"},{"floor":49,"key":"REST"}],"circlet_count":0,"master_deck":["Strike_R+1","Strike_R+1","Defend_R","Defend_R","Bash+1","Metallicize","Disarm+1","Clash","Armaments+1","Battle Trance+1","Pommel Strike+1","Pommel Strike+1","Double Tap+1","Reaper","Fire Breathing+1","Shrug It Off+1","Body Slam+1","Immolate+1","Metallicize","Juggernaut","Impervious","Seeing Red+1","Disarm","Spot Weakness","Power Through","Juggernaut","Disarm+1","Flame Barrier+1"],"relics":["Philosopher\u0027s Stone"],"acts_visited":["Exordium","TheCity","TheBeyond"],"potions_floor_usage":[12,16,18,31,41,44,47,48],"damage_taken":[{"damage":3,"enemies":"Small Slimes","floor":1,"turns":3},{"damage":9,"enemies":"2 Louse","floor":3,"turns":3},{"damage":0,"enemies":"Cultist","floor":7,"turns":3},{"damage":10,"enemies":"3 Louse","floor":8,"turns":3},{"damage":3,"enemies":"Looter","floor":12,"turns":3},{"damage":6,"enemies":"Red Slaver","floor":14,"turns":4},{"damage":35,"enemies":"The Guardian","floor":16,"turns":6},{"damage":8,"enemies":"3 Byrds","floor":18,"turns":6},{"damage":0,"enemies":"Chosen","floor":22,"turns":4},{"damage":15,"enemies":"3 Cultists","floor":25,"turns":6},{"damage":12,"enemies":"Snake Plant","floor":29,"turns":3},{"damage":22,"enemies":"Centurion and Healer","floor":31,"turns":4},{"damage":55,"enemies":"Champ","floor":33,"turns":9},{"damage":13,"enemies":"Orb Walker","floor":35,"turns":4},{"damage":0,"enemies":"3 Shapes","floor":37,"turns":5},{"damage":15,"enemies":"Jaw Worm Horde","floor":39,"turns":4},{"damage":44,"enemies":"Maw","floor":41,"turns":8},{"damage":13,"enemies":"Transient","floor":44,"turns":5},{"damage":16,"enemies":"Writhing Mass","floor":45,"turns":6},{"damage":0,"enemies":"Sphere and 2 Shapes","floor":47,"turns":3},{"damage":28,"enemies":"Transient","floor":48,"turns":5},{"damage":32,"enemies":"Time Eater","floor":50,"turns":14}],"seed_played":"36857721235011254","potions_obtained":[{"floor":1,"key":"BloodPotion"},{"floor":7,"key":"Fire Potion"},{"floor":8,"key":"Energy Potion"},{"floor":12,"key":"Fruit Juice"},{"floor":25,"key":"Explosive Potion"},{"floor":29,"key":"BloodPotion"},{"floor":31,"key":"FearPotion"},{"floor":39,"key":"Regen Potion"},{"floor":45,"key":"SmokeBomb"},{"floor":48,"key":"Fire Potion"}],"is_trial":false,"path_per_floor":["M","?","M","?","?","R","M","M","T","R","$","M","R","M","R","B",null,"M","$","?","?","M","R","?","M","T","R","T","M","R","M","R","B",null,"M","$","M","?","M","$","M","R","T","M","M","?","M","M","R","B",null],"character_chosen":"IRONCLAD","items_purchased":["Battle Trance","Pommel Strike","Impervious","Spot Weakness"],"campfire_rested":2,"item_purchase_floors":[11,11,36,40],"current_hp_per_floor":[77,77,68,52,52,52,52,42,42,42,42,44,44,38,38,20,85,85,85,69,69,69,69,69,65,65,65,65,53,53,69,69,14,90,77,77,77,77,62,62,40,67,67,54,38,38,38,10,37,5],"gold":66,"neow_bonus":"BOSS_RELIC","is_daily":false,"chose_seed":false,"campfire_upgraded":8,"win_rate":0.0,"timestamp":1613488195,"path_taken":["M","?","M","?","?","R","M","?","T","R","$","M","R","M","R","BOSS","M","$","?","?","M","R","?","M","T","R","?","M","R","M","R","BOSS","M","$","M","?","M","?","M","R","T","M","?","?","M","M","R","BOSS"],"items_purchased_type":["Card","Card","Card","Card"],"build_version":"2020-12-22","purchased_purges":3,"victory":true,"max_hp_per_floor":[80,80,80,80,80,80,80,80,80,80,80,85,85,85,85,85,85,85,85,90,90,90,90,90,90,90,90,90,90,90,90,90,90,90,90,90,90,90,90,90,90,90,90,90,90,90,90,90,90,90],"relic_stats":{"counters":[22,111],"obtain_stats":[{"Philosopher\u0027s Stone":0,"Burning Blood":0},{"Philosopher\u0027s Stone":0,"Burning Blood":0},{"Philosopher\u0027s Stone":0,"Burning Blood":0}]},"card_choices":[{"not_picked":["Fire Breathing","Sword Boomerang"],"picked":"Metallicize","floor":1},{"not_picked":["Burning Pact","Flame Barrier"],"picked":"Disarm","floor":3},{"not_picked":["Perfected Strike","Wild Strike"],"picked":"Clash","floor":7},{"not_picked":["Sword Boomerang","Sentinel"],"picked":"Armaments","floor":8},{"not_picked":["Headbutt","Power Through"],"picked":"Pommel Strike","floor":12},{"not_picked":["Thunderclap","Shrug It Off"],"picked":"Double Tap","floor":14},{"not_picked":["Corruption","Impervious"],"picked":"Reaper","floor":16},{"not_picked":["Armaments","Body Slam","Thunderclap"],"picked":"SKIP","floor":18},{"not_picked":["True Grit","Perfected Strike"],"picked":"Fire Breathing+1","floor":22},{"not_picked":["True Grit","Warcry"],"picked":"Body Slam+1","floor":25},{"not_picked":["Sever Soul","Iron Wave"],"picked":"Immolate","floor":29},{"not_picked":["Sever Soul+1","Shrug It Off"],"picked":"Metallicize","floor":31},{"not_picked":["Brutality","Limit Break"],"picked":"Juggernaut","floor":33},{"not_picked":["Iron Wave","True Grit","Pummel"],"picked":"SKIP","floor":35},{"not_picked":["Rupture","Blood for Blood+1"],"picked":"Seeing Red+1","floor":37},{"not_picked":["Pommel Strike","Armaments"],"picked":"Disarm","floor":39},{"not_picked":["Anger+1","Second Wind"],"picked":"Power Through","floor":41},{"not_picked":["Anger","Rupture+1"],"picked":"Juggernaut","floor":44},{"not_picked":["Armaments+1","Wild Strike+1","Clash"],"picked":"SKIP","floor":45},{"not_picked":["Clash","Entrench"],"picked":"Flame Barrier+1","floor":48}],"player_experience":567205,"relics_obtained":[],"event_choices":[{"cards_removed":["Defend_R"],"damage_healed":0,"gold_gain":0,"player_choice":"Forget","damage_taken":0,"max_hp_gain":0,"max_hp_loss":0,"event_name":"Living Wall","floor":2,"gold_loss":0},{"damage_healed":0,"gold_gain":0,"player_choice":"Entered Light","damage_taken":16,"max_hp_gain":0,"max_hp_loss":0,"event_name":"Shining Light","floor":4,"gold_loss":0,"cards_upgraded":["Strike_R","Strike_R"]},{"damage_healed":0,"gold_gain":0,"player_choice":"Ignored","damage_taken":0,"max_hp_gain":0,"max_hp_loss":0,"event_name":"NoteForYourself","floor":5,"gold_loss":0},{"damage_healed":0,"gold_gain":0,"player_choice":"Shed Blood","damage_taken":21,"max_hp_gain":5,"max_hp_loss":0,"event_name":"Forgotten Altar","floor":20,"gold_loss":0},{"damage_healed":0,"gold_gain":0,"player_choice":"Ignored","damage_taken":0,"max_hp_gain":0,"max_hp_loss":0,"event_name":"The Mausoleum","floor":21,"gold_loss":0},{"damage_healed":0,"gold_gain":0,"player_choice":"Read","damage_taken":0,"max_hp_gain":0,"max_hp_loss":0,"event_name":"The Library","floor":24,"gold_loss":0,"cards_obtained":["Shrug It Off"]},{"cards_removed":["Strike_R"],"damage_healed":0,"gold_gain":0,"player_choice":"Upgrade and Remove","damage_taken":0,"max_hp_gain":0,"max_hp_loss":0,"event_name":"Designer","floor":38,"gold_loss":90,"cards_upgraded":["Battle Trance"]},{"damage_healed":0,"gold_gain":0,"player_choice":"Copied","damage_taken":0,"max_hp_gain":0,"max_hp_loss":0,"event_name":"Duplicator","floor":46,"gold_loss":0,"cards_obtained":["Disarm"]}],"is_beta":false,"boss_relics":[{"not_picked":["Cursed Key","Runic Pyramid","Fusion Hammer"]},{"not_picked":["Coffee Dripper","SacredBark","Calling Bell"]}],"items_purged_floors":[11,19,36],"is_endless":false,"potions_floor_spawned":[1,7,8,12,25,29,31,39,45,48],"ascension_level":0}}