{"host":"5ltnt8ke80ae4k0i","time":1613461648,"event":{"mods":["100% Spire Juice","Act Like it!","BaseMod","Challenge The Spire","Downfall","Energized Spire","Gensokyo","Luminous","Minty Spire (QoL Compilation)","Quick Restart","READ ME - Guardian Mod","Relic Stats","Remilia（蕾米莉亚）","Replay The Spire","RumiaBox-露米娅的神秘盒子","Spicy Shops","StSLib","Waifu the Spire","Yakumo Yukari mod","【功能Mod】混沌之环修复补丁","【功能Mod】聪明的最终Boss","【遗物卡牌】REMEMod"],"gold_per_floor":[140,160,160,171,147,172,172,172,172],"floor_reached":8,"language":"ZHS","playtime":546,"items_purged":[],"score":56,"play_id":"7f4536d4-a20d-495b-b1c1-1b03989919fb","local_time":"20210216154728","is_ascension_mode":false,"campfire_choices":[],"circlet_count":0,"master_deck":["AT_purpleEX","AT_purpleEX","AT_purpleEX","AT_purpleEX","Defend_purpleEX","Defend_purpleEX","Defend_purpleEX","Defend_purpleEX","Observe_purple_1","Observe_purple_2","hexamod:GhostOfSpirePresent","SharpContractionReality_purple","Boundary_DreamRealityDamnation_purple","CommonSense_AntiCommonSense_purple","Shallow_ocean_purpleEX","AdvanceAttack_purple"],"relics":["Boundary_crack","Memoryfragments_purpleEX","REME_ComplimentaryCards","NeowsBlessing","AddBug","SecretRecord","SecretRecord","SecretRecord"],"acts_visited":["Gensokyo:Gensokyo"],"potions_floor_usage":[],"damage_taken":[{"damage":1,"enemies":"Gensokyo:2_Kodama","floor":1,"turns":2},{"damage":0,"enemies":"Gensokyo:Gryphon","floor":2,"turns":1},{"damage":0,"enemies":"Gensokyo:3_Fairies","floor":4,"turns":2},{"damage":57,"enemies":"Gensokyo:Mamizou","floor":6,"turns":12},{"damage":0,"enemies":"Gensokyo:Cirno","floor":8,"turns":1}],"seed_played":"7245226006971538149","potions_obtained":[{"floor":2,"key":"AttackPotion"},{"floor":6,"key":"Dexterity Potion"}],"is_trial":false,"path_per_floor":["M","M","?","M","$","E","?","E"],"character_chosen":"Youkari","items_purchased":["Shallow_ocean_purpleEX"],"campfire_rested":0,"item_purchase_floors":[5],"current_hp_per_floor":[70,70,63,63,63,11,11,11,11],"gold":172,"neow_bonus":"THREE_ENEMY_KILL","is_daily":false,"chose_seed":false,"campfire_upgraded":0,"win_rate":0.0,"timestamp":1613461648,"path_taken":["M","M","?","M","$","E","?","E"],"items_purchased_type":["Card"],"build_version":"2020-12-22","purchased_purges":0,"victory":false,"max_hp_per_floor":[70,70,63,63,63,63,63,63,63],"relic_stats":{"counters":[5,18],"obtain_stats":[{"NeowsBlessing":0,"AddBug":1,"SecretRecord":1,"Boundary_crack":0,"Memoryfragments_purpleEX":0,"REME_ComplimentaryCards":0},{"NeowsBlessing":0,"AddBug":1,"SecretRecord":1,"Boundary_crack":0,"Memoryfragments_purpleEX":0,"REME_ComplimentaryCards":0},{"NeowsBlessing":0,"AddBug":2,"SecretRecord":2,"Boundary_crack":0,"Memoryfragments_purpleEX":0,"REME_ComplimentaryCards":0}]},"card_choices":[{"not_picked":["Fantasy_PerpetualMotionMachine_purple","AdvanceAttack_purple"],"picked":"SharpContractionReality_purple","floor":1},{"not_picked":["Mirror_WaveAndshot_purple","Boundary_ObjectiveBoundary_purple"],"picked":"Boundary_DreamRealityDamnation_purple","floor":2},{"not_picked":["Worldmountain_purple","SfantasyHide_purple"],"picked":"CommonSense_AntiCommonSense_purple","floor":4},{"not_picked":["SfantasyHide_purple","Anti_communist_purple"],"picked":"AdvanceAttack_purple","floor":6}],"player_experience":223822,"relics_obtained":[{"floor":1,"key":"AddBug"},{"floor":4,"key":"SecretRecord"},{"floor":6,"key":"Gremlin Food"},{"floor":6,"key":"SecretRecord"}],"event_choices":[],"is_beta":false,"boss_relics":[],"items_purged_floors":[],"is_endless":false,"potions_floor_spawned":[2,6],"killed_by":"Gensokyo:Cirno","ascension_level":0}}