{"host":"4epvxsx6d4oxmc67","time":1613488262,"event":{"mods":["AchievementEnabler","BaseMod","Colored Map","Highlight Path","Minty Spire (QoL Compilation)"],"gold_per_floor":[219,219,144,157,175,175,201,211,237,237,272,272,288,319,319,424,424,441,457,457,55,70,95,95,112,112,123,123,141,141,166,166,166,166],"floor_reached":33,"language":"ENG","playtime":1573,"items_purged":["Strike_R","Strike_R"],"score":414,"play_id":"fdd70706-9ec9-454b-9fa3-8162912b9b48","local_time":"20210216151102","is_ascension_mode":true,"campfire_choices":[{"data":"Double Tap","floor":6.0,"key":"SMITH"},{"data":"Clothesline","floor":10.0,"key":"SMITH"},{"floor":12.0,"key":"REST"},{"data":"Bash","floor":15.0,"key":"SMITH"},{"floor":24.0,"key":"REST"},{"floor":28.0,"key":"REST"},{"floor":32.0,"key":"REST"}],"circlet_count":0,"master_deck":["Strike_R","Strike_R","Strike_R","Defend_R","Defend_R","Defend_R","Defend_R","Bash+1","Clothesline+1","Double Tap+1","Cleave","Wild Strike","Metallicize","Dual Wield","Offering","Headbutt","Pommel Strike","Inflame+1","Reaper","Flame Barrier","Fire Breathing+1"],"relics":["Burning Blood","Potion Belt","Strawberry","Oddly Smooth Stone","Bag of Preparation","Sozu","Frozen Egg 2","Singing Bowl","Molten Egg 2","Ancient Tea Set"],"acts_visited":["Exordium","TheCity"],"potions_floor_usage":[],"damage_taken":[{"damage":5.0,"enemies":"Small Slimes","floor":1.0,"turns":3.0},{"damage":2.0,"enemies":"Cultist","floor":4.0,"turns":4.0},{"damage":5.0,"enemies":"2 Louse","floor":5.0,"turns":3.0},{"damage":35.0,"enemies":"3 Sentries","floor":7.0,"turns":8.0},{"damage":21.0,"enemies":"Large Slime","floor":8.0,"turns":4.0},{"damage":20.0,"enemies":"Lagavulin","floor":11.0,"turns":5.0},{"damage":0.0,"enemies":"Exordium Wildlife","floor":13.0,"turns":2.0},{"damage":30.0,"enemies":"3 Sentries","floor":14.0,"turns":9.0},{"damage":35.0,"enemies":"Hexaghost","floor":16.0,"turns":11.0},{"damage":24.0,"enemies":"Spheric Guardian","floor":18.0,"turns":4.0},{"damage":12.0,"enemies":"3 Byrds","floor":19.0,"turns":6.0},{"damage":11.0,"enemies":"Centurion and Healer","floor":22.0,"turns":5.0},{"damage":30.0,"enemies":"Slavers","floor":23.0,"turns":7.0},{"damage":13.0,"enemies":"Shelled Parasite and Fungi","floor":25.0,"turns":5.0},{"damage":12.0,"enemies":"Chosen and Byrds","floor":27.0,"turns":6.0},{"damage":32.0,"enemies":"Centurion and Healer","floor":29.0,"turns":6.0},{"damage":51.0,"enemies":"Book of Stabbing","floor":31.0,"turns":6.0},{"damage":67,"enemies":"Champ","floor":33,"turns":8}],"seed_played":"7367449989993753652","potions_obtained":[{"floor":7.0,"key":"Regen Potion"},{"floor":8.0,"key":"SpeedPotion"},{"floor":11.0,"key":"Weak Potion"},{"floor":13.0,"key":"Ancient Potion"},{"floor":14.0,"key":"SneckoOil"}],"is_trial":false,"path_per_floor":["M","?","$","M","M","R","E","M","T","R","E","R","M","E","R","B",null,"M","M","?","$","M","E","R","M","T","M","R","M","?","E","R","B"],"character_chosen":"IRONCLAD","items_purchased":["Frozen Egg 2","Inflame+1"],"campfire_rested":4,"item_purchase_floors":[21,21],"current_hp_per_floor":[73,73,73,77,78,78,49,46,53,53,39,65,71,47,47,18,70,52,46,38,38,33,9,35,28,28,36,62,58,58,25,52,0,0],"gold":166,"neow_bonus":"HUNDRED_GOLD","is_daily":false,"chose_seed":false,"campfire_upgraded":3,"win_rate":0.0,"timestamp":1613488262,"path_taken":["M","?","$","M","M","R","E","M","T","R","E","R","M","E","R","BOSS","M","M","?","?","M","E","R","M","T","M","R","M","?","E","R","BOSS"],"items_purchased_type":["Relic","Card"],"build_version":"2020-12-22","purchased_purges":2,"victory":false,"max_hp_per_floor":[80,80,80,80,80,80,80,80,87,87,87,87,87,87,87,87,87,87,87,87,87,87,87,87,87,87,87,87,89,89,91,91,91,91],"card_choices":[{"not_picked":["Thunderclap","Anger"],"picked":"Clothesline","floor":1.0},{"not_picked":["Fire Breathing","Evolve"],"picked":"Cleave","floor":4.0},{"not_picked":["Clothesline","Havoc","Clash"],"picked":"SKIP","floor":5.0},{"not_picked":["Entrench","Perfected Strike"],"picked":"Wild Strike","floor":7.0},{"not_picked":["Reckless Charge","Cleave","Searing Blow"],"picked":"SKIP","floor":8.0},{"not_picked":["Blood for Blood","Infernal Blade"],"picked":"Metallicize","floor":11.0},{"not_picked":["Wild Strike","Headbutt"],"picked":"Dual Wield","floor":13.0},{"not_picked":["Carnage","Clash","Brutality"],"picked":"SKIP","floor":14.0},{"not_picked":["Feed","Brutality"],"picked":"Offering","floor":16.0},{"not_picked":["Clash","Thunderclap"],"picked":"Headbutt","floor":18.0},{"not_picked":["Dual Wield","Heavy Blade"],"picked":"Pommel Strike","floor":19.0},{"not_picked":["Uppercut","Body Slam","Havoc"],"picked":"SKIP","floor":22.0},{"not_picked":["Pummel+1","Intimidate"],"picked":"Reaper","floor":23.0},{"not_picked":["Intimidate+1","Headbutt"],"picked":"Flame Barrier","floor":25.0},{"not_picked":["Body Slam+1","Shrug It Off"],"picked":"Fire Breathing+1","floor":27.0},{"not_picked":["Juggernaut+1","Clothesline+1","Havoc"],"picked":"Singing Bowl","floor":29.0},{"not_picked":["Twin Strike+1","Brutality+1","Dark Embrace+1"],"picked":"Singing Bowl","floor":31.0}],"player_experience":133191,"relics_obtained":[{"floor":7.0,"key":"Potion Belt"},{"floor":9.0,"key":"Strawberry"},{"floor":11.0,"key":"Oddly Smooth Stone"},{"floor":14.0,"key":"Bag of Preparation"},{"floor":23.0,"key":"Singing Bowl"},{"floor":26.0,"key":"Molten Egg 2"},{"floor":31.0,"key":"Ancient Tea Set"}],"event_choices":[{"damage_healed":0.0,"max_hp_gain":0.0,"max_hp_loss":0.0,"gold_gain":0.0,"event_name":"Match and Keep!","player_choice":"1 cards matched","floor":2.0,"gold_loss":0.0,"damage_taken":0.0,"cards_obtained":["Double Tap"]},{"damage_healed":0.0,"max_hp_gain":0.0,"max_hp_loss":0.0,"gold_gain":0.0,"event_name":"Wheel of Change","player_choice":"Damaged","floor":20.0,"gold_loss":0.0,"damage_taken":8.0},{"damage_healed":0.0,"max_hp_gain":0.0,"max_hp_loss":0.0,"gold_gain":0.0,"event_name":"Ghosts","player_choice":"Ignored","floor":30.0,"gold_loss":0.0,"damage_taken":0.0}],"is_beta":false,"boss_relics":[{"not_picked":["Black Star","Philosopher\u0027s Stone"],"picked":"Sozu"}],"items_purged_floors":[3,21],"is_endless":false,"potions_floor_spawned":[7,8,11,13,14,19,23,27],"killed_by":"Champ","ascension_level":7}}