{"host":"2d926qfvvz477zl6","time":1613451345,"event":{"mods":["Aspiration","BaseMod","Challenge The Spire","Conspire","Downfall","GifTheSpireLib","GungeonMod","Halation","Hermit","Hubris","Infinite Spire","Minty Spire (QoL Compilation)","Morshu Shopkeeper","Permanent Neow","Quick Restart","Rare Cards Sparkle","Reliquary","Replay The Spire","Shedinja","Somnambulant","Spicy Shops","StSLib","Stuff the Spire","Td1madao Mod","The Blue Laboratory","The Bug Knight","The Construct","The Cursed","The Disciple","The Forsaken","The Hierophant","The Senshi","TheFirefly","Wandering Minibosses","Wide Potions","everything is the same but u backflip on backflip","slay the spire mod where everything is the same but ironclad has a cowboy hat"],"gold_per_floor":[115,115,38,48,108,108,133,133,133,158,171,95,95,114,114,114,114],"floor_reached":16,"language":"ENG","playtime":642,"items_purged":[],"score":133,"play_id":"ffbe29f6-542e-4702-84da-6b18749e533a","local_time":"20210215235545","is_ascension_mode":false,"campfire_choices":[{"data":"theForsaken:StoreUp","floor":6,"key":"SMITH"},{"data":"theForsaken:StoreUp","floor":8,"key":"SMITH"},{"data":"Perfected Strike","floor":15,"key":"SMITH"}],"circlet_count":0,"master_deck":["theForsaken:TheForsaken_Strike","theForsaken:TheForsaken_Strike","theForsaken:TheForsaken_Strike","theForsaken:TheForsaken_Defend","theForsaken:TheForsaken_Defend","theForsaken:TheForsaken_Defend","theForsaken:TheForsaken_Defend","theForsaken:Smite","theForsaken:Penitence","theForsaken:WardingHymn","StuffTheSpire:Innocence","theForsaken:Confusion","theForsaken:StoreUp+1","ReplayTheSpireMod:Splinters","Perfected Strike","theForsaken:StoreUp+1","theForsaken:BlightOfFamine","theForsaken:Mantra","theForsaken:CreepingInfection","Pride","Perfected Strike+1"],"relics":["theForsaken:JudgementScales","aspiration:Nostalgia","m_SnakeBloodCore","reliquary:Knoch","DemoMod:Metronome","reliquary:QuartzCube","halation:KoshaPiece","ReplayTheSpireMod:Lightbulb"],"acts_visited":["Exordium"],"potions_floor_usage":[7,10],"damage_taken":[{"damage":0,"enemies":"Small Slimes","floor":1,"turns":3},{"damage":0,"enemies":"Jaw Worm","floor":4,"turns":8},{"damage":0,"enemies":"Gremlin Nob","floor":7,"turns":2},{"damage":35,"enemies":"3 Sentries","floor":10,"turns":14},{"damage":0,"enemies":"2 Louse","floor":11,"turns":2},{"damage":13,"enemies":"Exordium Wildlife","floor":14,"turns":4},{"damage":38,"enemies":"Hexaghost","floor":16,"turns":8}],"seed_played":"-3211803765750449223","potions_obtained":[{"floor":1,"key":"blueLaboratory:PhilterOfMotion"},{"floor":5,"key":"AttackPotion"},{"floor":10,"key":"blueLaboratory:PhilterOfMotion"}],"is_trial":false,"path_per_floor":["M","?","$","M","?","R","E","R","T","E","M","$","?","M","R","B"],"character_chosen":"THE_FORSAKEN","items_purchased":["theForsaken:Confusion","ReplayTheSpireMod:Lightbulb"],"campfire_rested":0,"item_purchase_floors":[3,12],"current_hp_per_floor":[65,58,58,65,65,65,65,65,65,37,40,40,40,32,32,0,0],"gold":114,"neow_bonus":"NOSTALGIA","is_daily":false,"chose_seed":false,"campfire_upgraded":3,"win_rate":0.0,"timestamp":1613451345,"path_taken":["M","?","$","M","?","R","E","R","T","E","M","$","?","M","R","BOSS"],"items_purchased_type":["Card","Relic"],"build_version":"2020-12-22","purchased_purges":0,"victory":false,"max_hp_per_floor":[65,65,65,65,65,65,65,65,65,65,65,65,65,65,65,65,65],"card_choices":[{"not_picked":["Recycle","theForsaken:QuickAttack"],"picked":"theForsaken:WardingHymn","floor":1},{"not_picked":["theForsaken:NobleSacrifice","Reflex"],"picked":"theForsaken:StoreUp","floor":4},{"not_picked":["Infernal Blade","theForsaken:ShieldBash"],"picked":"Perfected Strike","floor":5},{"not_picked":["theForsaken:FountainOfLife","ReplayTheSpireMod:GoodbyeWorld"],"picked":"theForsaken:StoreUp","floor":5},{"not_picked":["theForsaken:DarkBargain","theForsaken:ScorchingSunlight"],"picked":"theForsaken:BlightOfFamine","floor":7},{"not_picked":["theForsaken:ShieldBash","theForsaken:StoreUp"],"picked":"theForsaken:Mantra","floor":10},{"not_picked":["Havoc","theForsaken:HorrifyingStrike"],"picked":"theForsaken:CreepingInfection","floor":11},{"not_picked":["theForsaken:WardingHymn","theForsaken:CleansingLight"],"picked":"Perfected Strike","floor":14}],"player_experience":446042,"relics_obtained":[{"floor":5,"key":"reliquary:Knoch"},{"floor":7,"key":"DemoMod:Metronome"},{"floor":9,"key":"reliquary:QuartzCube"},{"floor":10,"key":"halation:KoshaPiece"}],"event_choices":[],"is_beta":false,"boss_relics":[],"items_purged_floors":[],"is_endless":false,"potions_floor_spawned":[1,10],"killed_by":"Hexaghost","ascension_level":0}}