{"host":"wxz7488rqrwl2v46","time":1613466865,"event":{"mods":["BaseMod","Minty Spire (QoL Compilation)","Quick Restart","Replay The Spire","StSLib"],"gold_per_floor":[110,126,139,139,64,84,117,117,142,173,185,210,78,88,88,88,88],"floor_reached":16,"language":"ZHS","playtime":626,"items_purged":["Strike_G"],"score":104,"play_id":"bcbffcd8-d3bb-44e5-87b0-ca1417f15184","local_time":"20210216171425","is_ascension_mode":false,"campfire_choices":[{"data":"Replay:Poison Smokescreen","floor":8,"key":"SMITH"},{"data":"Deadly Poison","floor":11,"key":"SMITH"},{"floor":15,"key":"REST"}],"circlet_count":0,"master_deck":["Strike_G","Strike_G","Strike_G","Strike_G","Defend_G","Defend_G","Defend_G","Defend_G","Defend_G","Survivor","Neutralize","Poisoned Stab","Outmaneuver","Deadly Poison+1","Pain","Replay:Poison Smokescreen+1","Bane","Wraith Form v2","Poisoned Stab"],"relics":["Ring of the Snake","NeowsBlessing","WarpedTongs","Replay:Baseball","MawBank","TwistedFunnel"],"acts_visited":["Exordium"],"potions_floor_usage":[7,7,7],"damage_taken":[{"damage":0,"enemies":"Small Slimes","floor":1,"turns":1},{"damage":0,"enemies":"Cultist","floor":2,"turns":1},{"damage":0,"enemies":"Jaw Worm","floor":3,"turns":1},{"damage":10,"enemies":"2 Fungi Beasts","floor":6,"turns":4},{"damage":11,"enemies":"Lagavulin","floor":7,"turns":8},{"damage":5,"enemies":"Exordium Wildlife","floor":10,"turns":5},{"damage":5,"enemies":"Blue Slaver","floor":12,"turns":3},{"damage":6,"enemies":"Exordium Thugs","floor":14,"turns":4},{"damage":55,"enemies":"Slime Boss","floor":16,"turns":11}],"seed_played":"-3122020879621012909","potions_obtained":[{"floor":1,"key":"BlessingOfTheForge"},{"floor":2,"key":"ColorlessPotion"},{"floor":3,"key":"PowerPotion"}],"is_trial":false,"path_per_floor":["M","M","M","?","$","M","E","R","T","M","R","M","$","M","R","B"],"character_chosen":"THE_SILENT","items_purchased":["TwistedFunnel"],"campfire_rested":1,"item_purchase_floors":[13],"current_hp_per_floor":[70,70,70,70,70,60,49,49,49,44,44,39,39,33,54,0,0],"gold":88,"neow_bonus":"THREE_ENEMY_KILL","is_daily":false,"chose_seed":false,"campfire_upgraded":2,"win_rate":0.0,"timestamp":1613466865,"path_taken":["M","M","M","?","$","M","E","R","T","M","R","?","$","M","R","BOSS"],"items_purchased_type":["Relic"],"build_version":"2020-12-22","purchased_purges":1,"victory":false,"max_hp_per_floor":[70,70,70,70,70,70,70,70,70,70,70,70,70,70,70,70,70],"card_choices":[{"not_picked":["Eviscerate","Deflect"],"picked":"Poisoned Stab","floor":1},{"not_picked":["Hidden Blade","Dagger Spray"],"picked":"Outmaneuver","floor":2},{"not_picked":["Backflip","Leg Sweep"],"picked":"Deadly Poison","floor":3},{"not_picked":["Terror","Dagger Throw"],"picked":"Replay:Poison Smokescreen","floor":6},{"not_picked":["Toxin Wave","ReplayTheSpireMod:Speed Training"],"picked":"Bane","floor":7},{"not_picked":["Sucker Punch","Dagger Throw","Deflect"],"picked":"SKIP","floor":10},{"not_picked":["Bane","Quick Slash"],"picked":"Wraith Form v2","floor":12},{"not_picked":["Bane","Slice"],"picked":"Poisoned Stab","floor":14}],"player_experience":36476,"relics_obtained":[{"floor":7,"key":"Replay:Baseball"},{"floor":9,"key":"MawBank"}],"event_choices":[{"damage_healed":0,"gold_gain":0,"player_choice":"Rummage","damage_taken":0,"relics_obtained":["WarpedTongs"],"max_hp_gain":0,"max_hp_loss":0,"event_name":"Accursed Blacksmith","floor":4,"gold_loss":0,"cards_obtained":["Pain"]}],"is_beta":false,"boss_relics":[],"items_purged_floors":[5],"is_endless":false,"potions_floor_spawned":[1,2,3],"killed_by":"Slime Boss","ascension_level":0}}