{"host":"91blwi3hgehj6ch9","time":1613487483,"event":{"mods":["2.2 Compatiblity","AchievementEnabler","BaseMod","Colored Map","DeckTracker","Keyboard Shortcuts","Minty Spire (QoL Compilation)","Permanent Neow","StSLib","SuperFastMode","everything is the same but u backflip on backflip"],"gold_per_floor":[114,39,52,66,66,66,66,85,85,105,117,117,42,62,62,62,62],"floor_reached":16,"language":"KOR","playtime":332,"items_purged":["Defend_G"],"score":188,"play_id":"7c22f39e-9499-4695-b74b-57f664189c0e","local_time":"20210216235803","is_ascension_mode":true,"campfire_choices":[{"data":"Acrobatics","floor":6,"key":"SMITH"},{"floor":12,"key":"REST"},{"data":"Tactician","floor":15,"key":"SMITH"}],"circlet_count":0,"master_deck":["AscendersBane","Strike_G","Strike_G","Strike_G","Defend_G","Defend_G","Defend_G","Defend_G","Survivor","Neutralize","Glass Knife","Tactician+1","Noxious Fumes","Acrobatics+1","Prepared","Underhanded Strike","Dash"],"relics":["Ring of the Snake","Juzu Bracelet"],"acts_visited":["Exordium"],"potions_floor_usage":[3,16],"damage_taken":[{"damage":0,"enemies":"Cultist","floor":1,"turns":3},{"damage":6,"enemies":"Jaw Worm","floor":3,"turns":5},{"damage":0,"enemies":"Small Slimes","floor":4,"turns":2},{"damage":16,"enemies":"Red Slaver","floor":8,"turns":4},{"damage":15,"enemies":"Large Slime","floor":10,"turns":6},{"damage":5,"enemies":"3 Louse","floor":11,"turns":5},{"damage":9,"enemies":"Exordium Thugs","floor":14,"turns":5},{"damage":24,"enemies":"The Guardian","floor":16,"turns":5}],"seed_played":"-4854948108787608886","potions_obtained":[{"floor":1,"key":"LiquidMemories"},{"floor":4,"key":"FearPotion"},{"floor":11,"key":"SkillPotion"}],"is_trial":false,"path_per_floor":["M","$","M","M","?","R","?","M","T","M","M","R","?","M","R","B"],"character_chosen":"THE_SILENT","items_purchased":[],"campfire_rested":1,"item_purchase_floors":[],"current_hp_per_floor":[44,44,38,38,43,43,43,27,27,12,7,28,28,19,19,0,0],"gold":62,"neow_bonus":"THREE_RARE_CARDS","is_daily":false,"chose_seed":false,"campfire_upgraded":2,"win_rate":0.0,"timestamp":1613487483,"path_taken":["M","$","?","M","?","R","?","M","T","M","M","R","?","M","R","BOSS"],"items_purchased_type":[],"build_version":"2020-12-22","purchased_purges":1,"victory":false,"max_hp_per_floor":[66,66,66,66,71,71,71,71,71,71,71,71,71,71,71,71,71],"card_choices":[{"not_picked":["Burst","Bullet Time"],"picked":"Glass Knife","floor":0},{"not_picked":["Deadly Poison","Well Laid Plans"],"picked":"Tactician","floor":1},{"not_picked":["Underhanded Strike","Outmaneuver"],"picked":"Noxious Fumes","floor":3},{"not_picked":["Deflect","Quick Slash"],"picked":"Acrobatics","floor":4},{"not_picked":["Outmaneuver","Terror"],"picked":"Prepared","floor":8},{"not_picked":["Quick Slash","Caltrops"],"picked":"Underhanded Strike","floor":10},{"not_picked":["Deflect","Leg Sweep","Slice"],"picked":"SKIP","floor":11},{"not_picked":["Bane","Deflect"],"picked":"Dash","floor":14}],"player_experience":275656,"relics_obtained":[{"floor":9,"key":"Juzu Bracelet"}],"event_choices":[{"damage_healed":0,"gold_gain":0,"player_choice":"Donut","damage_taken":0,"max_hp_gain":5,"max_hp_loss":0,"event_name":"Big Fish","floor":5,"gold_loss":0},{"cards_removed":["Strike_G"],"damage_healed":0,"gold_gain":0,"player_choice":"Purged","damage_taken":0,"max_hp_gain":0,"max_hp_loss":0,"event_name":"Purifier","floor":7,"gold_loss":0},{"cards_removed":["Strike_G"],"damage_healed":0,"gold_gain":0,"player_choice":"Card Removal","damage_taken":0,"max_hp_gain":0,"max_hp_loss":0,"event_name":"The Cleric","floor":13,"gold_loss":75}],"is_beta":false,"boss_relics":[],"items_purged_floors":[2],"is_endless":false,"potions_floor_spawned":[1,4,11,14],"killed_by":"The Guardian","ascension_level":20}}