{"host":"65a95dzim48ko8ke","time":1613436235,"event":{"mods":["Act Like it!","BaseMod","Block Reminder","Colored Powertips","Curses Come First","DeckTracker","Hallownest","Minty Spire (QoL Compilation)","Permanent Neow","Quick Restart","Random Character Button","Rare Cards Sparkle","Relic Sorter","Replay The Spire","StSLib","Synergy Search","The Bug Knight","The IronCluck"],"gold_per_floor":[140,152,163,88,88,119,138,138,138,138,151,151,186,204,204,299,299,309,329,349,6,21,54,54,70,93,106,106,106,61,94,94,199,199,215,23,23,23,33,33,59,59,85,98,191,201,201,211,211,211],"floor_reached":51,"language":"ENG","playtime":5842,"items_purged":[],"score":814,"play_id":"da2cd1cc-113f-495d-bd54-ca80fc081d02","local_time":"20210216094355","is_ascension_mode":false,"campfire_choices":[{"data":"HollowMod:AwokenDreamNail","floor":8.0,"key":"SMITH"},{"data":"HollowMod:HuntersJournal","floor":15.0,"key":"SMITH"},{"data":"HollowMod:SlysStrikes","floor":24.0,"key":"SMITH"},{"data":"HollowMod:FocusHealStart","floor":28.0,"key":"SMITH"},{"data":"HollowMod:DoubleDash","floor":32.0,"key":"SMITH"},{"data":"HollowMod:theNailsmith","floor":40,"key":"SMITH"},{"data":"HollowMod:ShapeofUnn","floor":42,"key":"SMITH"},{"data":"HollowMod:HornetsHelp","floor":47,"key":"SMITH"},{"floor":49,"key":"REST"}],"circlet_count":0,"master_deck":["HollowMod:NailStrikeStart","HollowMod:NailStrikeStart","HollowMod:QuickDashStart","HollowMod:QuickDashStart","HollowMod:QuickDashStart","HollowMod:QuickDashStart","HollowMod:FocusHealStart+1","HollowMod:PogoStrike","HollowMod:AwokenDreamNail+1","HollowMod:NewLittleFool","HollowMod:HowlingWraiths","HollowMod:CrystalDash","Hallownest:skillGreenpathMap","HollowMod:LifebloodCore","HollowMod:DoubleDash+1","HollowMod:MantisMark","HollowMod:HuntersJournal+1","HollowMod:VengefulSpirit","HollowMod:SlysStrikes+1","HollowMod:DesolateDive+1","HollowMod:HeavyBlow+1","HollowMod:CrystalDash","HollowMod:Grubsong","HollowMod:Grubsong","Blind","HollowMod:ChannelNail","HollowMod:SoulStrike","HollowMod:QuirrelsAssistance+1","HollowMod:SiblingsSouls+1","HollowMod:MantisMark","HollowMod:MantisMark","HollowMod:theNailsmith+1","AbeCurse","HollowMod:CornifersMapStart+1","Pot Of Greed","Pot Of Greed","Pot Of Greed","HollowMod:ShapeofUnn+1","HollowMod:MantisMark","Pot Of Greed","HollowMod:VengefulSpirit+1","HollowMod:GoodIntentions","HollowMod:CloakDash","HollowMod:HornetsHelp+1","HollowMod:RecoilStrike"],"relics":["HollowMod:VesselMask","HollowMod:MantisClawRelic","Replay:Bottled Flurry","PreservedInsect","Bottled Flame","Pen Nib","Centennial Puzzle","StrikeDummy","Ring of Chaos","Membership Card","Blood Vial","Art of War","Mirror","Abe\u0027s Treasure","HollowMod:MillibellesNoteRelic","Grinning Jar","MealTicket","Boot","Akabeko"],"acts_visited":["Exordium","Hallownest:Greenpath","Hallownest:CityofTears"],"potions_floor_usage":[41,44,50,50],"damage_taken":[{"damage":28.0,"enemies":"Hallownest:eliteCrystalGuardian","floor":0.0,"turns":8.0},{"damage":3.0,"enemies":"Hallownest:2_Tiktiks_and_1_Crawlid","floor":1.0,"turns":5.0},{"damage":1.0,"enemies":"Hallownest:monsterHuskWarrior","floor":2.0,"turns":3.0},{"damage":2.0,"enemies":"Hallownest:monsterHuskGuard","floor":3.0,"turns":3.0},{"damage":5.0,"enemies":"Hallownest:eliteCrystalGuardian","floor":6.0,"turns":5.0},{"damage":0.0,"enemies":"Hallownest:Wandering_and_Horned","floor":7.0,"turns":5.0},{"damage":7.0,"enemies":"Hallownest:monsterMarmu","floor":10.0,"turns":5.0},{"damage":0.0,"enemies":"Hallownest:1_Ooma_and_2_Uuma","floor":11.0,"turns":7.0},{"damage":0.0,"enemies":"Hallownest:eliteVengeflyKing","floor":13.0,"turns":5.0},{"damage":0.0,"enemies":"Hallownest:2_Tiktiks_1_Baldur_1_Crawlid","floor":14.0,"turns":3.0},{"damage":49.0,"enemies":"Hallownest:BossHornet","floor":16.0,"turns":12.0},{"damage":1.0,"enemies":"Hallownest:2_Mistakes","floor":18.0,"turns":6.0},{"damage":0.0,"enemies":"Hallownest:3_Youths","floor":19.0,"turns":8.0},{"damage":3.0,"enemies":"Hallownest:monsterMisterMushroom","floor":20.0,"turns":4.0},{"damage":7.0,"enemies":"Hallownest:2_Husk_Sentries","floor":22.0,"turns":7.0},{"damage":31.0,"enemies":"Hallownest:eliteWatcherKnight","floor":23.0,"turns":12.0},{"damage":6.0,"enemies":"Hallownest:Master_and_Novice","floor":25.0,"turns":5.0},{"damage":8.0,"enemies":"Hallownest:3_Mistakes","floor":27.0,"turns":7.0},{"damage":3.0,"enemies":"Hallownest:Nosk","floor":31.0,"turns":7.0},{"damage":9.0,"enemies":"Hallownest:BossSoulMaster","floor":33.0,"turns":12.0},{"damage":29.0,"enemies":"Hallownest:2_Littles","floor":35.0,"turns":6.0},{"damage":6,"enemies":"Hallownest:Shield_Heavy","floor":39,"turns":6},{"damage":0,"enemies":"Hallownest:StalkingDevout","floor":41,"turns":8},{"damage":23,"enemies":"Hallownest:Slobbering_and_Violent","floor":44,"turns":7},{"damage":14,"enemies":"Hallownest:Xero_Hu_Marmu","floor":46,"turns":6},{"damage":4,"enemies":"Hallownest:2_Wandering_and_1_Horned","floor":48,"turns":9},{"damage":17,"enemies":"Hallownest:Radiance","floor":50,"turns":12}],"seed_played":"3080095278002412139","potions_obtained":[{"floor":0.0,"key":"Energy Potion"},{"floor":2.0,"key":"Fire Potion"},{"floor":3.0,"key":"Fire Potion"},{"floor":7.0,"key":"LiquidMemories"},{"floor":16.0,"key":"Adrenaline Potion"},{"floor":18.0,"key":"Elixir"},{"floor":23.0,"key":"AttackPotion"},{"floor":31.0,"key":"SpeedPotion"},{"floor":39,"key":"Weak Potion"},{"floor":41,"key":"Block Potion"},{"floor":44,"key":"FearPotion"}],"is_trial":false,"path_per_floor":["M","M","M","?","T","E","M","R","T","?","M","T","E","M","R","B",null,"M","M","M","$","M","E","R","M","T","M","R","?","?","E","R","B",null,"M","$","?","$","M","R","E","R","T","M","?","M","R","M","R","B",null],"character_chosen":"THE_BUGKNIGHT","items_purchased":["Membership Card","HollowMod:MantisClawRelic","HollowMod:Grubsong","Blind","HollowMod:MillibellesNoteRelic","Grinning Jar","HollowMod:ShapeofUnn"],"campfire_rested":1,"item_purchase_floors":[21,21,21,21,36,36,36],"current_hp_per_floor":[64,63,67,67,67,62,72,72,72,65,71,71,71,71,71,32,75,74,74,71,71,64,39,39,35,35,35,35,35,35,46,46,45,75,52,52,52,52,54,54,66,66,66,55,38,38,38,46,67,52],"gold":211,"neow_bonus":"RANDOM_EVENT","is_daily":false,"chose_seed":false,"campfire_upgraded":8,"win_rate":0.0,"timestamp":1613436235,"path_taken":["M","M","?","?","?","E","M","R","T","?","M","?","E","?","R","BOSS","M","?","M","$","M","E","R","M","T","M","R","?","?","E","R","BOSS","M","$","?","$","M","R","E","R","T","M","?","M","R","M","R","BOSS"],"items_purchased_type":["Relic","Relic","Card","Card","Relic","Relic","Card"],"build_version":"2020-12-22","purchased_purges":0,"victory":true,"max_hp_per_floor":[75,75,75,75,75,75,75,75,75,75,75,75,75,75,75,75,75,75,75,75,75,75,75,75,75,75,75,75,75,75,75,75,75,75,75,75,70,70,70,70,70,70,70,70,70,70,70,70,70,70],"card_choices":[{"not_picked":["HollowMod:SharpenedNail","HollowMod:RecoilStrike"],"picked":"HollowMod:AwokenDreamNail","floor":0.0},{"not_picked":["HollowMod:Grubsong","HollowMod:ShadowDash"],"picked":"HollowMod:NewLittleFool","floor":1.0},{"not_picked":["HollowMod:LifebloodCocoon","HollowMod:BlackTendrils"],"picked":"HollowMod:HowlingWraiths","floor":2.0},{"not_picked":["HollowMod:CoiledNail","HollowMod:InfectionAssault"],"picked":"HollowMod:CrystalDash","floor":3.0},{"not_picked":["HollowMod:DoubleDash","HollowMod:FallenFury"],"picked":"HollowMod:LifebloodCore","floor":6.0},{"not_picked":["HollowMod:CornifersMapStart","HollowMod:DesolateDive"],"picked":"HollowMod:DoubleDash","floor":7.0},{"not_picked":["HollowMod:SoulSplash","HollowMod:ChannelNail"],"picked":"HollowMod:MantisMark","floor":11.0},{"not_picked":["HollowMod:TaintedHusks","HollowMod:SharpenedShadows"],"picked":"HollowMod:HuntersJournal","floor":13.0},{"not_picked":["HollowMod:SharpenedShadows","HollowMod:FallenFury"],"picked":"HollowMod:VengefulSpirit","floor":14.0},{"not_picked":["HollowMod:AwokenDreamNail","HollowMod:NewInfectedGuardian"],"picked":"HollowMod:SlysStrikes","floor":16.0},{"not_picked":["HollowMod:LifebloodCocoon+1","HollowMod:NewLittleFool"],"picked":"HollowMod:DesolateDive+1","floor":18.0},{"not_picked":["HollowMod:GrimmsGift","HollowMod:InfectedCysts"],"picked":"HollowMod:HeavyBlow+1","floor":19.0},{"not_picked":["HollowMod:DesolateDive","HollowMod:ShadowDash"],"picked":"HollowMod:CrystalDash","floor":20.0},{"not_picked":["HollowMod:SoulEater","HollowMod:HowlingWraiths"],"picked":"HollowMod:ChannelNail","floor":22.0},{"not_picked":["HollowMod:CrystalDash","HollowMod:SoulEater"],"picked":"HollowMod:SoulStrike","floor":23.0},{"not_picked":["HollowMod:HeavyBlow","HollowMod:LifebloodCocoon"],"picked":"HollowMod:QuirrelsAssistance+1","floor":25.0},{"not_picked":["HollowMod:NewJinnsSoul","HollowMod:HowlingWraiths"],"picked":"HollowMod:SiblingsSouls+1","floor":27.0},{"not_picked":["HollowMod:CycloneSlash+1","HollowMod:InfectionAssault+1"],"picked":"HollowMod:MantisMark","floor":29.0},{"not_picked":["HollowMod:DoubleDash","HollowMod:SoulVessel"],"picked":"HollowMod:MantisMark","floor":31.0},{"not_picked":["HollowMod:Hiveblood","HollowMod:LifebloodCore"],"picked":"HollowMod:theNailsmith","floor":33.0},{"not_picked":["HollowMod:InfectedCysts+1","HollowMod:CrystalDash"],"picked":"HollowMod:CornifersMapStart+1","floor":35.0},{"not_picked":["HollowMod:BlackTendrils+1","HollowMod:CornifersMapStart"],"picked":"HollowMod:MantisMark","floor":39},{"not_picked":["HollowMod:SoulSplash","HollowMod:DesolateDive"],"picked":"HollowMod:VengefulSpirit+1","floor":41},{"not_picked":["HollowMod:SiblingsShadow","HollowMod:WraithStrike"],"picked":"HollowMod:GoodIntentions","floor":44},{"not_picked":["HollowMod:TaintedHusks","HollowMod:VengefulVoid"],"picked":"HollowMod:CloakDash","floor":45},{"not_picked":["HollowMod:MantisMark","HollowMod:CornifersMapStart+1"],"picked":"HollowMod:HornetsHelp","floor":46},{"not_picked":["HollowMod:GoodIntentions+1","HollowMod:TaintedHusks"],"picked":"HollowMod:RecoilStrike","floor":48}],"player_experience":405651,"relics_obtained":[{"floor":0.0,"key":"Replay:Bottled Flurry"},{"floor":5.0,"key":"PreservedInsect"},{"floor":6.0,"key":"Bottled Flame"},{"floor":9.0,"key":"Pen Nib"},{"floor":12.0,"key":"Centennial Puzzle"},{"floor":13.0,"key":"StrikeDummy"},{"floor":23.0,"key":"Blood Vial"},{"floor":26.0,"key":"Art of War"},{"floor":31.0,"key":"Mirror"},{"floor":41,"key":"MealTicket"},{"floor":43,"key":"Boot"},{"floor":45,"key":"Akabeko"}],"event_choices":[],"is_beta":false,"boss_relics":[{"not_picked":["Cursed Key","Calling Bell"],"picked":"Ring of Chaos"},{"not_picked":["Fusion Hammer","SlaversCollar"],"picked":"Abe\u0027s Treasure"}],"items_purged_floors":[],"is_endless":false,"potions_floor_spawned":[0,2,3,7,16,18,23,31,39,41,44],"ascension_level":0}}