{"host":"hkj1blq6xqcrzx6o","time":1613487615,"event":{"mods":["Act Like it!","BaseMod","Downfall","Gensokyo","Lobotomy","Marisa£®ÏF”Í°°ƒß¿Ì…≥£©","Minty Spire (QoL Compilation)","Quick Restart","Reimu£®≤©¿ˆ¡È√Œ£©","Remilia£®¿Ÿ√◊¿Ú—«£©","Replay The Spire","StSLib","The Servant 0.9.4","Youmu£®ªÍ∆«—˝√Œ£©"],"gold_per_floor":[99,119,133,133,133,133,133,133,51,71,89,89,36,36,51,147,147,147,164,0,0,10,10,10,10,22,22,34,34,52,63,78,174,174,174,189,200,216,216,230,305,321,321,321,1,20,33,52,52,69,88,88,88,88],"floor_reached":52,"language":"ZHS","playtime":2013,"items_purged":[],"score":554,"play_id":"dd2db4c2-335b-4902-aac7-4e60f3ad0e72","local_time":"20210216230015","is_ascension_mode":false,"campfire_choices":[{"data":"bronze:Goto","floor":1.0,"key":"SMITH"},{"data":"bronze:CleanCode","floor":18.0,"key":"SMITH"},{"data":"bronze:FindAndReplace","floor":25.0,"key":"SMITH"},{"data":"bronze:AlphaBuild","floor":35,"key":"SMITH"},{"floor":49,"key":"REST"}],"circlet_count":0,"master_deck":["bronze:Strike","bronze:Strike","bronze:Strike","bronze:Defend","bronze:Defend","bronze:Defend","bronze:Replicate","bronze:Goto+1","bronze:WildBeam+1","bronze:ItsAFeature","bronze:Optimize","bronze:Invalidate","bronze:Backtrace","bronze:Iterate","Gensokyo:CrescentMoonSlash","bronze:FindAndReplace+1","bronze:CleanCode+1","bronze:Flail+1","bronze:Branch","bronze:BuggyMess+1","bronze:FollowUp+1","bronze:WhirlingStrike+1","bronze:GetLatest","bronze:DelayedSlice","bronze:AlphaBuild+1","bronze:FineTuning+1","bronze:DelayedSlice","bronze:GetLatest+1","bronze:CutThrough","bronze:DigitalCarnage+1","expansioncontent:AwakenDeath","bronze:SpaghettiCode","bronze:DarkDash","bronze:Boost","bronze:BitShift+1","bronze:ChildClass","bronze:DelayedGuard","bronze:GetLatest"],"relics":["bronze:BronzeCore","NeowsBlessing","Gensokyo:OccultBall","Bottled Flame","Bird Faced Urn","Centennial Puzzle","SacredBark","White Beast Statue","Gensokyo:MosesMiracle","Runic Pyramid","Letter Opener"],"acts_visited":["Exordium","Gensokyo:Gensokyo","Gensokyo:Gensokyoer"],"potions_floor_usage":[33,33,33,47,48,52,52,52],"damage_taken":[{"damage":0.0,"enemies":"Gensokyo:3_Fairies","floor":2.0,"turns":2.0},{"damage":0.0,"enemies":"Gensokyo:Gryphon","floor":3.0,"turns":1.0},{"damage":0.0,"enemies":"downfall:FleeingMerchant","floor":9.0,"turns":1.0},{"damage":27.0,"enemies":"Gensokyo:2_Kodama","floor":10.0,"turns":5.0},{"damage":16.0,"enemies":"Gensokyo:2_Rabbits","floor":11.0,"turns":5.0},{"damage":18.0,"enemies":"Gensokyo:Kitsune","floor":15.0,"turns":2.0},{"damage":33.0,"enemies":"IC_STATUS_ARCHETYPE","floor":16.0,"turns":3.0},{"damage":2.0,"enemies":"Gensokyo:2_Gloops","floor":19.0,"turns":3.0},{"damage":18.0,"enemies":"Gensokyo:Chomper","floor":22.0,"turns":3.0},{"damage":7.0,"enemies":"Gensokyo:Monolith_and_Dog","floor":26.0,"turns":2.0},{"damage":30.0,"enemies":"Gensokyo:Swordslinger","floor":28.0,"turns":2.0},{"damage":22.0,"enemies":"Gensokyo:Slime_Group","floor":30.0,"turns":3.0},{"damage":10.0,"enemies":"Gensokyo:Monolith_and_Dog","floor":31.0,"turns":4.0},{"damage":0.0,"enemies":"Gensokyo:Swordslinger","floor":32.0,"turns":2.0},{"damage":1,"enemies":"SI_MIRROR_ARCHETYPE","floor":33,"turns":8},{"damage":5,"enemies":"Gensokyo:AncientGuardian","floor":36,"turns":4},{"damage":15,"enemies":"Gensokyo:3_Bats","floor":37,"turns":2},{"damage":45,"enemies":"Gensokyo:Rafflesia","floor":38,"turns":7},{"damage":6,"enemies":"Gensokyo:4_Bats","floor":40,"turns":2},{"damage":0,"enemies":"Gensokyo:3_Boulders","floor":42,"turns":5},{"damage":33,"enemies":"Gensokyo:SeedOfUnknown","floor":46,"turns":4},{"damage":16,"enemies":"Gensokyo:Dusk_and_Dawn","floor":47,"turns":2},{"damage":37,"enemies":"Gensokyo:Sharpion","floor":48,"turns":5},{"damage":42,"enemies":"Gensokyo:3_Boulders","floor":50,"turns":4},{"damage":4,"enemies":"Gensokyo:Dusk_and_Dawn","floor":51,"turns":4},{"damage":54,"enemies":"DF_ARCHETYPE_ORBS","floor":52,"turns":5}],"seed_played":"2147206007503330139","potions_obtained":[{"floor":2.0,"key":"champ:CounterPotion"},{"floor":15.0,"key":"Swift Potion"},{"floor":16.0,"key":"Explosive Potion"},{"floor":26.0,"key":"Energy Potion"},{"floor":28.0,"key":"Swift Potion"},{"floor":30.0,"key":"LiquidMemories"},{"floor":31.0,"key":"LiquidMemories"},{"floor":32.0,"key":"ZuzhouPotion:ReiMu"},{"floor":33,"key":"SneckoOil"},{"floor":36,"key":"Milkshake"},{"floor":37,"key":"Fire Potion"},{"floor":42,"key":"PowerPotion"},{"floor":46,"key":"GrandPatriotsElixir:ReiMu"},{"floor":47,"key":"bronze:FreeFunctionsPotion"},{"floor":48,"key":"Dexterity Potion"},{"floor":50,"key":"SkillPotion"}],"is_trial":false,"path_per_floor":["R","M","M","?","?","T","T","?","$","M","M","?","$","?","M","B",null,"R","M","?","?","M","$","T","R","M","?","M","?","M","M","M","B",null,"R","M","M","M","?","M","T","M","PTL","PTL","$","M","M","M","R","M","M","B"],"character_chosen":"THE_AUTOMATON","items_purchased":["Centennial Puzzle","bronze:Optimize","bronze:ThunderWave","bronze:Iterate","expansioncontent:AwakenDeath","bronze:SpaghettiCode","bronze:DarkDash"],"campfire_rested":1,"item_purchase_floors":[9,9,9,13,45,45,45],"current_hp_per_floor":[70,70,70,70,70,70,70,70,70,47,35,80,80,68,52,23,80,80,78,78,78,62,62,62,62,57,57,31,31,11,3,5,10,80,80,75,60,23,23,17,17,21,21,21,21,20,6,5,29,20,20,0,0,0],"gold":88,"neow_bonus":"THREE_ENEMY_KILL","is_daily":false,"chose_seed":false,"campfire_upgraded":4,"win_rate":0.0,"timestamp":1613487615,"path_taken":["R","M","M","?","?","?","T","?","$","M","?","?","?","?","M","BOSS","R","M","?","?","M","?","T","R","?","?","M","?","M","M","M","BOSS","R","?","M","M","?","?","T","M","PTL","PTL","?","M","M","M","R","M","M","BOSS"],"items_purchased_type":["Relic","Card","Card","Card","Card","Card","Card"],"build_version":"2020-12-22","purchased_purges":0,"victory":false,"max_hp_per_floor":[70,70,70,70,70,70,70,70,70,70,70,80,80,80,80,80,80,80,80,80,80,80,80,80,80,80,80,80,80,80,80,80,80,80,80,80,80,80,80,80,80,80,80,80,80,80,80,80,80,80,80,80,80,80],"card_choices":[{"not_picked":["bronze:Frontload","bronze:Overheat"],"picked":"bronze:WildBeam","floor":2.0},{"not_picked":["bronze:DelayedSlice","bronze:BugBarrage"],"picked":"bronze:ChildClass","floor":3.0},{"not_picked":["bronze:DarkDash","bronze:MaxOutput"],"picked":"bronze:ItsAFeature","floor":9.0},{"not_picked":["bronze:Overheat","bronze:OilSpill"],"picked":"bronze:Invalidate","floor":10.0},{"not_picked":["bronze:Repair","bronze:OilSpill"],"picked":"bronze:Backtrace","floor":11.0},{"not_picked":["bronze:WildBeam","bronze:NullPointer"],"picked":"bronze:FindAndReplace","floor":15.0},{"not_picked":["bronze:Verify","bronze:BurnOut"],"picked":"bronze:CleanCode","floor":16.0},{"not_picked":["bronze:DelayedSlice","bronze:Branch"],"picked":"bronze:Flail","floor":19.0},{"not_picked":["bronze:ItsAFeature","bronze:BronzeArmor"],"picked":"bronze:Branch","floor":22.0},{"not_picked":["bronze:OilSpill","bronze:WildBeam"],"picked":"bronze:BuggyMess+1","floor":26.0},{"not_picked":["bronze:Invalidate","bronze:NullPointer"],"picked":"bronze:FollowUp+1","floor":28.0},{"not_picked":["bronze:Deprecate","bronze:ForLoop"],"picked":"bronze:WhirlingStrike+1","floor":30.0},{"not_picked":["bronze:Boost","bronze:DarkDash"],"picked":"bronze:GetLatest","floor":31.0},{"not_picked":["bronze:Frontload","bronze:CloningBeam"],"picked":"bronze:DelayedSlice","floor":32.0},{"not_picked":["bronze:CleanCode","bronze:Mutator"],"picked":"bronze:AlphaBuild","floor":33},{"not_picked":["bronze:Shield+1","bronze:WildBeam+1"],"picked":"bronze:FineTuning+1","floor":36},{"not_picked":["bronze:Iterate+1","bronze:WildBeam"],"picked":"bronze:DelayedSlice","floor":37},{"not_picked":["bronze:Iterate+1","bronze:BugBarrage"],"picked":"bronze:GetLatest+1","floor":38},{"not_picked":["bronze:BugBarrage","bronze:Frontload"],"picked":"bronze:CutThrough","floor":40},{"not_picked":["bronze:BugBarrage","bronze:MaxOutput"],"picked":"bronze:DigitalCarnage+1","floor":42},{"not_picked":["bronze:Overload+1","bronze:WhirlingStrike"],"picked":"bronze:Boost","floor":46},{"not_picked":["bronze:Frontload+1","bronze:DigitalCarnage"],"picked":"bronze:BitShift+1","floor":47},{"not_picked":["bronze:Shell+1","bronze:DigitalCarnage"],"picked":"bronze:ChildClass","floor":48},{"not_picked":["bronze:BitShift","bronze:Frontload+1"],"picked":"bronze:DelayedGuard","floor":50},{"not_picked":["bronze:Backtrace+1","bronze:BugBarrage"],"picked":"bronze:GetLatest","floor":51}],"player_experience":47581,"relics_obtained":[{"floor":6.0,"key":"Bottled Flame"},{"floor":7.0,"key":"Bird Faced Urn"},{"floor":10.0,"key":"Gensokyo:OccultBall"},{"floor":16.0,"key":"Gensokyo:OccultBall"},{"floor":19.0,"key":"Gensokyo:OccultBall"},{"floor":24.0,"key":"White Beast Statue"},{"floor":31.0,"key":"Gensokyo:OccultBall"},{"floor":32.0,"key":"Gensokyo:MosesMiracle"},{"floor":33,"key":"Gensokyo:OccultBall"},{"floor":36,"key":"Gensokyo:OccultBall"},{"floor":41,"key":"Letter Opener"}],"event_choices":[],"is_beta":false,"boss_relics":[{"not_picked":["Coffee Dripper","Replay:Wanted Poster"],"picked":"SacredBark"},{"not_picked":["Runic Dome","Replay:Drink Me"],"picked":"Runic Pyramid"}],"items_purged_floors":[],"is_endless":false,"potions_floor_spawned":[2,15,16,26,28,30,31,32,33,36,37,38,40,42,46,47,48,50,51],"killed_by":"DF_ARCHETYPE_ORBS","ascension_level":0}}