{"host":"6h5hvjqjki11ieai","time":1613498767,"event":{"mods":["BaseMod","Bestiary","Minty Spire (QoL Compilation)","Relic Stats","Slay the Relics Exporter"],"gold_per_floor":[117,132,132,149,160,192,192,227,295,324,334,334,334,369,369,446,446,462,226,226,246,246,276,19,19,44,75,75,91,126,146,146,223,223,239,255,255,270,270,270,303,114,141,241,251,251,251],"floor_reached":46,"language":"ENG","playtime":3466,"items_purged":[],"score":936,"play_id":"2826aa13-0bfd-4ab2-909d-6b9a16a6d76d","local_time":"20210216130607","is_ascension_mode":true,"campfire_choices":[{"floor":12.0,"key":"REST"},{"floor":13.0,"key":"REST"},{"floor":15.0,"key":"RECALL"},{"floor":25.0,"key":"REST"},{"floor":28.0,"key":"REST"},{"floor":32.0,"key":"REST"},{"floor":40.0,"key":"REST"}],"circlet_count":0,"master_deck":["AscendersBane","Strike_P","Defend_P","Defend_P","Defend_P","Eruption","Vigilance","Consecrate","BowlingBash","SignatureMove","Halt","Wallop","WindmillStrike","Protect","Wallop","CutThroughFate","Judgement","DevaForm+1","Tantrum","Master of Strategy","ClearTheMind","ReachHeaven","FlurryOfBlows","FlurryOfBlows","BowlingBash","Establishment+1","EmptyFist","Halt","CurseOfTheBell","Vengeance+1","FollowUp","EmptyFist","Halt+1","Purity","Good Instincts","Panacea","WheelKick","FlurryOfBlows+1","Wireheading+1","CutThroughFate","EmptyFist","FollowUp+1","Wallop"],"relics":["Fusion Hammer","Bronze Scales","WingedGreaves","Bottled Lightning","Centennial Puzzle","Frozen Egg 2","Empty Cage","Nilry\u0027s Codex","Calipers","Kunai","Nunchaku","StoneCalendar","Prayer Wheel","Calling Bell","Omamori","The Courier","Incense Burner","Mercury Hourglass","Potion Belt","Anchor"],"acts_visited":["Exordium","TheCity","TheBeyond"],"potions_floor_usage":[],"damage_taken":[{"damage":0.0,"enemies":"Cultist","floor":1.0,"turns":3.0},{"damage":1.0,"enemies":"2 Louse","floor":2.0,"turns":3.0},{"damage":0.0,"enemies":"Small Slimes","floor":4.0,"turns":2.0},{"damage":3.0,"enemies":"Blue Slaver","floor":5.0,"turns":3.0},{"damage":7.0,"enemies":"3 Sentries","floor":6.0,"turns":6.0},{"damage":17.0,"enemies":"Lagavulin","floor":8.0,"turns":7.0},{"damage":19.0,"enemies":"Gremlin Nob","floor":10.0,"turns":6.0},{"damage":11.0,"enemies":"Exordium Wildlife","floor":11.0,"turns":4.0},{"damage":10.0,"enemies":"3 Sentries","floor":14.0,"turns":6.0},{"damage":6.0,"enemies":"Hexaghost","floor":16.0,"turns":7.0},{"damage":0.0,"enemies":"Spheric Guardian","floor":18.0,"turns":2.0},{"damage":1.0,"enemies":"3 Byrds","floor":21.0,"turns":3.0},{"damage":20.0,"enemies":"Book of Stabbing","floor":23.0,"turns":5.0},{"damage":12.0,"enemies":"Slavers","floor":27.0,"turns":3.0},{"damage":0.0,"enemies":"Centurion and Healer","floor":29.0,"turns":5.0},{"damage":28.0,"enemies":"Gremlin Leader","floor":30.0,"turns":4.0},{"damage":5.0,"enemies":"Shelled Parasite and Fungi","floor":31.0,"turns":3.0},{"damage":16.0,"enemies":"Champ","floor":33.0,"turns":8.0},{"damage":12.0,"enemies":"Orb Walker","floor":35.0,"turns":4.0},{"damage":3.0,"enemies":"3 Darklings","floor":36.0,"turns":5.0},{"damage":15.0,"enemies":"Jaw Worm Horde","floor":38.0,"turns":6.0},{"damage":32.0,"enemies":"Giant Head","floor":41.0,"turns":7.0},{"damage":3.0,"enemies":"Writhing Mass","floor":45.0,"turns":4.0},{"damage":2,"enemies":"Maw","floor":46,"turns":2}],"seed_played":"-4756851967871156850","potions_obtained":[{"floor":5.0,"key":"Regen Potion"},{"floor":6.0,"key":"FearPotion"},{"floor":8.0,"key":"EssenceOfSteel"},{"floor":14.0,"key":"SteroidPotion"},{"floor":16.0,"key":"Weak Potion"},{"floor":27.0,"key":"Block Potion"},{"floor":31.0,"key":"LiquidBronze"},{"floor":33.0,"key":"PowerPotion"},{"floor":41.0,"key":"DistilledChaos"}],"is_trial":false,"path_per_floor":["M","M","?","M","M","E","?","E","T","E","M","R","R","E","R","B",null,"M","$","?","M","?","E","$","R","T","E","R","M","E","M","R","B",null,"M","M","?","M","?","R","E","$","T","?","M","M"],"character_chosen":"WATCHER","items_purchased":["Master of Strategy","ClearTheMind","Kunai","Potion Belt","CutThroughFate","EmptyFist"],"campfire_rested":6,"item_purchase_floors":[19,19,24,42,42,42],"current_hp_per_floor":[61,60,60,60,57,50,50,33,33,28,17,37,57,47,47,41,61,61,61,61,60,44,24,24,44,44,32,52,52,24,19,39,23,57,45,42,32,17,17,37,5,5,5,5,2,0,0],"gold":251,"neow_bonus":"BOSS_RELIC","is_daily":false,"chose_seed":false,"campfire_upgraded":0,"win_rate":0.0,"timestamp":1613498767,"path_taken":["M","M","?","M","M","E","?","E","T","E","?","R","R","E","R","BOSS","M","$","?","M","?","E","$","R","T","E","R","M","E","M","R","BOSS","M","M","?","M","?","R","E","$","T","?","M","?"],"items_purchased_type":["Card","Card","Relic","Relic","Card","Card"],"build_version":"2020-12-22","purchased_purges":0,"victory":false,"max_hp_per_floor":[68,68,68,68,68,68,68,68,68,68,68,68,68,68,68,68,68,68,68,68,68,68,68,68,68,68,68,68,68,68,68,68,68,68,68,68,68,68,68,68,68,68,68,68,68,68,68],"relic_stats":{"Centennial Puzzle":[42],"Nunchaku":[18],"counters":[24,108],"Bronze Scales":[253],"StoneCalendar":[52],"Prayer Wheel":5,"Kunai":[40],"obtain_stats":[{"Potion Belt":42,"Calipers":23,"Nilry\u0027s Codex":22,"StoneCalendar":27,"The Courier":34,"Omamori":34,"Incense Burner":34,"Frozen Egg 2":14,"Empty Cage":17,"Mercury Hourglass":41,"Calling Bell":34,"Centennial Puzzle":10,"Nunchaku":26,"Anchor":43,"Bronze Scales":6,"Prayer Wheel":30,"Fusion Hammer":0,"WingedGreaves":8,"Bottled Lightning":9,"Kunai":24,"PureWater":0},{"Potion Belt":22,"Calipers":13,"Nilry\u0027s Codex":12,"StoneCalendar":14,"The Courier":18,"Omamori":18,"Incense Burner":18,"Frozen Egg 2":9,"Empty Cage":10,"Mercury Hourglass":22,"Calling Bell":18,"Centennial Puzzle":7,"Nunchaku":13,"Anchor":22,"Bronze Scales":5,"Prayer Wheel":16,"Fusion Hammer":0,"WingedGreaves":6,"Bottled Lightning":6,"Kunai":13,"PureWater":0},{"Potion Belt":102,"Calipers":57,"Nilry\u0027s Codex":52,"StoneCalendar":60,"The Courier":80,"Omamori":80,"Incense Burner":80,"Frozen Egg 2":40,"Empty Cage":47,"Mercury Hourglass":102,"Calling Bell":80,"Centennial Puzzle":30,"Nunchaku":57,"Anchor":102,"Bronze Scales":17,"Prayer Wheel":69,"Fusion Hammer":0,"WingedGreaves":24,"Bottled Lightning":24,"Kunai":57,"PureWater":0}],"Mercury Hourglass":[12]},"card_choices":[{"not_picked":["Protect","FlurryOfBlows"],"picked":"Consecrate","floor":1.0},{"not_picked":["CrushJoints","ConjureBlade"],"picked":"BowlingBash","floor":2.0},{"not_picked":["WheelKick","Worship"],"picked":"Halt","floor":4.0},{"not_picked":["Indignation","DeceiveReality"],"picked":"Wallop","floor":5.0},{"not_picked":["BowlingBash","InnerPeace"],"picked":"WindmillStrike","floor":6.0},{"not_picked":["Crescendo","CrushJoints"],"picked":"Protect","floor":8.0},{"not_picked":["Collect","Prostrate"],"picked":"Wallop","floor":10.0},{"not_picked":["Wallop","EmptyMind"],"picked":"CutThroughFate","floor":11.0},{"not_picked":["FlyingSleeves","CutThroughFate"],"picked":"Judgement","floor":14.0},{"not_picked":["Omniscience","MasterReality+1"],"picked":"DevaForm+1","floor":16.0},{"not_picked":["FollowUp","CutThroughFate"],"picked":"Tantrum","floor":18.0},{"not_picked":["PathToVictory","Vengeance"],"picked":"ReachHeaven","floor":21.0},{"not_picked":["Protect","Consecrate"],"picked":"FlurryOfBlows","floor":23.0},{"not_picked":["WheelKick","Consecrate"],"picked":"FlurryOfBlows","floor":27.0},{"not_picked":["CrushJoints","Crescendo"],"picked":"BowlingBash","floor":29.0},{"not_picked":["CutThroughFate","Judgement"],"picked":"Establishment+1","floor":30.0},{"not_picked":["Evaluate","Halt"],"picked":"EmptyFist","floor":31.0},{"not_picked":["PathToVictory","Protect"],"picked":"Halt","floor":31.0},{"not_picked":["Judgement","Blasphemy"],"picked":"Devotion+1","floor":33.0},{"not_picked":["SandsOfTime","ClearTheMind"],"picked":"Vengeance+1","floor":35.0},{"not_picked":["Halt","Protect"],"picked":"FollowUp","floor":35.0},{"not_picked":["Meditate","ClearTheMind+1"],"picked":"EmptyFist","floor":36.0},{"not_picked":["Meditate","SandsOfTime+1"],"picked":"Halt+1","floor":36.0},{"not_picked":["Transmutation","Enlightenment"],"picked":"Purity","floor":37.0},{"not_picked":["Swift Strike","The Bomb"],"picked":"Good Instincts","floor":37.0},{"not_picked":["Discovery","Enlightenment"],"picked":"Panacea","floor":37.0},{"not_picked":["FollowUp+1","EmptyFist+1"],"picked":"WheelKick","floor":38.0},{"not_picked":["BattleHymn+1","BowlingBash"],"picked":"FlurryOfBlows+1","floor":38.0},{"not_picked":["FollowUp","FearNoEvil"],"picked":"Wireheading+1","floor":41.0},{"not_picked":["FearNoEvil+1","Halt"],"picked":"FollowUp+1","floor":45.0},{"not_picked":["JustLucky+1","Vengeance+1"],"picked":"Wallop","floor":45.0}],"player_experience":229457,"relics_obtained":[{"floor":6.0,"key":"Bronze Scales"},{"floor":8.0,"key":"WingedGreaves"},{"floor":9.0,"key":"Bottled Lightning"},{"floor":10.0,"key":"Centennial Puzzle"},{"floor":14.0,"key":"Frozen Egg 2"},{"floor":22.0,"key":"Nilry\u0027s Codex"},{"floor":23.0,"key":"Calipers"},{"floor":26.0,"key":"Nunchaku"},{"floor":27.0,"key":"StoneCalendar"},{"floor":30.0,"key":"Prayer Wheel"},{"floor":34.0,"key":"Omamori"},{"floor":34.0,"key":"The Courier"},{"floor":34.0,"key":"Incense Burner"},{"floor":41.0,"key":"Mercury Hourglass"},{"floor":43.0,"key":"Anchor"}],"event_choices":[{"damage_healed":0.0,"max_hp_gain":0.0,"max_hp_loss":0.0,"gold_gain":0.0,"cards_transformed":["Strike_P"],"event_name":"Living Wall","player_choice":"Change","floor":3.0,"gold_loss":0.0,"damage_taken":0.0,"cards_obtained":["SignatureMove"]},{"cards_removed":["Strike_P"],"damage_healed":0.0,"max_hp_gain":0.0,"max_hp_loss":0.0,"gold_gain":0.0,"event_name":"Bonfire Elementals","player_choice":"Offered Basic","floor":7.0,"gold_loss":0.0,"damage_taken":0.0},{"damage_healed":0.0,"max_hp_gain":0.0,"max_hp_loss":0.0,"gold_gain":0.0,"event_name":"Beggar","player_choice":"Ignored","floor":20.0,"gold_loss":0.0,"damage_taken":0.0},{"damage_healed":0.0,"max_hp_gain":0.0,"max_hp_loss":0.0,"gold_gain":0.0,"event_name":"Cursed Tome","player_choice":"Obtained Book","floor":22.0,"gold_loss":0.0,"damage_taken":16.0},{"damage_healed":0.0,"max_hp_gain":0.0,"max_hp_loss":0.0,"gold_gain":0.0,"event_name":"SensoryStone","player_choice":"Memory 3","floor":37.0,"gold_loss":0.0,"damage_taken":10.0},{"cards_removed":["Devotion"],"damage_healed":0.0,"max_hp_gain":0.0,"max_hp_loss":0.0,"gold_gain":0.0,"event_name":"Falling","player_choice":"Removed Power","floor":39.0,"gold_loss":0.0,"damage_taken":0.0},{"damage_healed":0.0,"max_hp_gain":0.0,"max_hp_loss":0.0,"gold_gain":100.0,"event_name":"Golden Shrine","player_choice":"Pray","floor":44.0,"gold_loss":0.0,"damage_taken":0.0}],"is_beta":false,"boss_relics":[{"not_picked":["Coffee Dripper","Sozu"],"picked":"Empty Cage"},{"not_picked":["Runic Dome","Black Star"],"picked":"Calling Bell"}],"items_purged_floors":[],"is_endless":false,"potions_floor_spawned":[5,6,8,14,16,18,21,27,31,33,41],"killed_by":"Maw","ascension_level":14}}