{"host":"cpsutu8lprjuipd6","time":1613449763,"event":{"mods":["BaseMod","Colored Map","Minty Spire (QoL Compilation)","Permanent Neow","StSLib","SuperFastMode","The Bug Knight","Together in Spire"],"gold_per_floor":[112,37,55,68,243,272,272,302,302,302,257,287,287,287,287,287,287],"floor_reached":16,"language":"KOR","playtime":509,"items_purged":["Strike_R"],"score":111,"play_id":"6644c25d-c9f0-4bfd-a035-8804d2d9a083","local_time":"20210216132923","is_ascension_mode":true,"campfire_choices":[{"floor":7,"key":"REST"},{"floor":10,"key":"REST"},{"floor":13,"key":"REST"},{"floor":15,"key":"REST"}],"circlet_count":0,"master_deck":["Strike_R","Strike_R","Strike_R","Defend_R","Defend_R","Defend_R","Defend_R","Bash","Doubt","Dual Wield","Thunderclap"],"relics":["Burning Blood","Shuriken","Orichalcum","Frozen Egg 2"],"acts_visited":["Exordium"],"potions_floor_usage":[6,8],"damage_taken":[{"damage":1,"enemies":"Cultist","floor":1,"turns":4},{"damage":8,"enemies":"Small Slimes","floor":3,"turns":4},{"damage":7,"enemies":"Jaw Worm","floor":4,"turns":7},{"damage":66,"enemies":"3 Sentries","floor":6,"turns":16},{"damage":37,"enemies":"Gremlin Nob","floor":8,"turns":5},{"damage":11,"enemies":"Looter","floor":11,"turns":5},{"damage":78,"enemies":"The Guardian","floor":16,"turns":11}],"seed_played":"-2089013583642229165","potions_obtained":[{"floor":4,"key":"SkillPotion"},{"floor":6,"key":"Energy Potion"}],"is_trial":false,"path_per_floor":["M","$","M","M","?","E","R","E","T","R","M","?","R","?","R","B"],"character_chosen":"IRONCLAD","items_purchased":[],"campfire_rested":4,"item_purchase_floors":[],"current_hp_per_floor":[80,80,78,77,77,17,41,10,10,34,29,29,53,58,83,5,5],"gold":287,"neow_bonus":"REMOVE_CARD","is_daily":false,"chose_seed":false,"campfire_upgraded":0,"win_rate":0.0,"timestamp":1613449763,"path_taken":["M","$","M","?","?","E","R","E","T","R","M","?","R","?","R","BOSS"],"items_purchased_type":[],"build_version":"2020-12-22","purchased_purges":1,"victory":false,"max_hp_per_floor":[80,80,80,80,80,80,80,80,80,80,80,80,80,85,85,85,85],"card_choices":[{"not_picked":["Warcry","Evolve","Entrench"],"picked":"SKIP","floor":1},{"not_picked":["Pommel Strike","Rampage","Searing Blow"],"picked":"SKIP","floor":3},{"not_picked":["Sentinel","Iron Wave","Headbutt"],"picked":"SKIP","floor":4},{"not_picked":["Armaments","Cleave","Heavy Blade"],"picked":"SKIP","floor":6},{"not_picked":["Havoc","Ghostly Armor"],"picked":"Dual Wield","floor":8},{"not_picked":["Feel No Pain+1","Armaments"],"picked":"Thunderclap","floor":11}],"player_experience":96305,"relics_obtained":[{"floor":6,"key":"Shuriken"},{"floor":8,"key":"Orichalcum"},{"floor":9,"key":"Frozen Egg 2"}],"event_choices":[{"damage_healed":0,"gold_gain":175,"player_choice":"AGREE","damage_taken":0,"max_hp_gain":0,"max_hp_loss":0,"event_name":"Liars Game","floor":5,"gold_loss":0,"cards_obtained":["Doubt"]},{"damage_healed":0,"gold_gain":30,"player_choice":"Searched \u00272\u0027 times","damage_taken":0,"max_hp_gain":0,"max_hp_loss":0,"event_name":"Dead Adventurer","floor":12,"gold_loss":0},{"damage_healed":0,"gold_gain":0,"player_choice":"Donut","damage_taken":0,"max_hp_gain":5,"max_hp_loss":0,"event_name":"Big Fish","floor":14,"gold_loss":0}],"is_beta":false,"boss_relics":[],"items_purged_floors":[2],"is_endless":false,"potions_floor_spawned":[4,6],"killed_by":"The Guardian","ascension_level":1}}