{"host":"d0jyg0jyhr2o2pjc","time":1613469449,"event":{"mods":["BaseMod","Downfall","Googly Eyes","Hermit","Marisa£®ÏF”Í°°ƒß¿Ì…≥£©","Minty Spire (QoL Compilation)","Replay The Spire","StSLib","The Cursed","The Marked","The Servant 0.9.4"],"gold_per_floor":[111,30,105,83,100,128,128,128,151,5,15,15,42,60,60,155,155,166,366,382,382,402,402,49,49,72,72,84,96,114,125,125,125,125],"floor_reached":33,"language":"ZHS","playtime":1233,"items_purged":[],"score":247,"play_id":"911d1aac-8597-4ed2-b8db-4dedf61aaa85","local_time":"20210216175729","is_ascension_mode":false,"campfire_choices":[{"floor":7,"key":"REST"},{"data":"Strike_R","floor":12,"key":"SMITH"},{"floor":15,"key":"REST"},{"floor":23,"key":"REST"},{"floor":25,"key":"REST"},{"data":"Strike_R","floor":27,"key":"SMITH"},{"floor":32,"key":"DIG"}],"circlet_count":0,"master_deck":["Strike_R","Strike_R+1","Strike_R+1","Strike_R+1","Defend_R","Defend_R","Defend_R","Defend_R","Bash","bronze:Boost","Dramatic Entrance","bronze:WildBeam","Slimebound:SplitBruiser","ReplayTheSpireMod:Strike From Hell","sneckomod:UnknownClassMARISA_DERIVATIONS+1","Shrug It Off+1","Inflame+1","hexamod:TimeWarp+1","Hemokinesis+1","Pommel Strike+1","Guardian:WalkerClaw+1","champ:PerfectedStrike","Iron Wave","ReplayTheSpireMod:Strike From Hell+1","hexamod:NightmareStrike+1","Thunderclap+1","Trip+1","sneckomod:DiceBlock+1","Guardian:WalkerClaw+1","champ:FlashCut","Clothesline+1","bronze:DarkDash"],"relics":["Burning Blood","Golden Egg","Nunchaku","MealTicket","Astrolabe","Replay:Rubber Ducky","PreservedInsect","Bag of Marbles"],"acts_visited":["Exordium","TheCity"],"potions_floor_usage":[14,30,30,30],"damage_taken":[{"damage":1,"enemies":"Cultist","floor":1,"turns":3},{"damage":3,"enemies":"Jaw Worm","floor":5,"turns":4},{"damage":58,"enemies":"Gremlin Nob","floor":6,"turns":6},{"damage":0,"enemies":"Small Slimes","floor":11,"turns":3},{"damage":7,"enemies":"Blue Slaver","floor":14,"turns":3},{"damage":71,"enemies":"Hexaghost","floor":16,"turns":10},{"damage":26,"enemies":"Shell Parasite","floor":18,"turns":5},{"damage":7,"enemies":"Chosen","floor":20,"turns":4},{"damage":54,"enemies":"Shelled Parasite and Fungi","floor":22,"turns":8},{"damage":41,"enemies":"Sentry and Sphere","floor":28,"turns":6},{"damage":18,"enemies":"Snecko","floor":29,"turns":4},{"damage":2,"enemies":"Snake Plant","floor":30,"turns":1},{"damage":6,"enemies":"Cultist and Chosen","floor":31,"turns":5},{"damage":44,"enemies":"Pondfish","floor":33,"turns":6}],"seed_played":"1790770920833401984","potions_obtained":[{"floor":1,"key":"Explosive Potion"},{"floor":11,"key":"DuplicationPotion"},{"floor":14,"key":"Guardian:BlockOnCardUsePotion"},{"floor":18,"key":"Fire Potion"},{"floor":28,"key":"DuplicationPotion"},{"floor":29,"key":"LiquidMemories"}],"is_trial":false,"path_per_floor":["M","$","?","$","M","E","R","?","T","$","M","R","T","M","R","B",null,"M","?","M","?","M","R","$","R","T","R","M","M","M","M","R","B"],"character_chosen":"IRONCLAD","items_purchased":["Dramatic Entrance","bronze:WildBeam","sneckomod:UnknownClassMARISA_DERIVATIONS","Shrug It Off","Inflame","hexamod:NightmareStrike","Thunderclap","Trip","Replay:Rubber Ducky","sneckomod:DiceBlock"],"campfire_rested":4,"item_purchase_floors":[2,4,10,10,10,24,24,24,24,24],"current_hp_per_floor":[88,88,77,77,80,28,54,54,54,54,60,60,60,59,85,20,88,68,68,67,67,19,45,60,86,86,86,51,39,43,43,43,0,0],"gold":125,"neow_bonus":"TEN_PERCENT_HP_BONUS","is_daily":false,"chose_seed":false,"campfire_upgraded":2,"win_rate":0.0,"timestamp":1613469449,"path_taken":["M","$","?","?","M","E","R","?","T","$","M","R","?","M","R","BOSS","M","?","?","?","?","R","$","R","T","R","M","M","M","M","R","BOSS"],"items_purchased_type":["Card","Card","Card","Card","Card","Card","Card","Card","Relic","Card"],"build_version":"2020-12-22","purchased_purges":0,"victory":false,"max_hp_per_floor":[88,88,88,88,88,88,88,88,88,88,88,88,88,88,88,88,88,88,88,88,88,88,88,88,88,88,88,88,88,88,88,88,88,88],"card_choices":[{"not_picked":["Slimebound:LivingWall","sneckomod:UnknownClassMARISA_COLOR"],"picked":"bronze:Boost","floor":1},{"not_picked":["bronze:BitShift","Guardian:Reroute"],"picked":"Slimebound:SplitBruiser","floor":5},{"not_picked":["hexamod:EmpoweredFlame","champ:ArenaPreparation"],"picked":"ReplayTheSpireMod:Strike From Hell","floor":6},{"not_picked":["Guardian:ChargeCore","sneckomod:QuickBite"],"picked":"hexamod:TimeWarp","floor":11},{"not_picked":["bronze:NullPointer","Guardian:PrimingBeam"],"picked":"Twin Strike","floor":14},{"not_picked":["Slimebound:MinionMaster","Slimebound:DouseInSlime"],"picked":"hexamod:WildfireWeapon","floor":16},{"not_picked":["Guardian:BronzeOrb","bronze:ItsAFeature"],"picked":"Guardian:WalkerClaw+1","floor":18},{"not_picked":["Guardian:TemporalShield","bronze:Shield"],"picked":"champ:PerfectedStrike","floor":20},{"not_picked":["sneckomod:UnknownUncommonAttack","hexamod:RetreatToShadows"],"picked":"ReplayTheSpireMod:Strike From Hell+1","floor":22},{"not_picked":["ReplayTheSpireMod:LeadingStrike","Slimebound:SpikyOuterGoop"],"picked":"Guardian:WalkerClaw+1","floor":28},{"not_picked":["Guardian:CrystalBeam","sneckomod:UnknownWeak"],"picked":"champ:FlashCut","floor":29},{"not_picked":["hexamod:ChargedBarrage","hexamod:SpectralAdrenaline"],"picked":"Clothesline+1","floor":30},{"not_picked":["Guardian:Suspension","bronze:BitShift"],"picked":"bronze:DarkDash","floor":31}],"player_experience":12258,"relics_obtained":[{"floor":6,"key":"Golden Egg"},{"floor":9,"key":"Nunchaku"},{"floor":13,"key":"MealTicket"},{"floor":26,"key":"PreservedInsect"},{"floor":32,"key":"Bag of Marbles"}],"event_choices":[{"damage_healed":0,"gold_gain":75,"player_choice":"Gather Gold","damage_taken":11,"max_hp_gain":0,"max_hp_loss":0,"event_name":"World of Goop","floor":3,"gold_loss":0},{"damage_healed":0,"gold_gain":250,"player_choice":"Bet on Owner","damage_taken":0,"max_hp_gain":0,"max_hp_loss":0,"event_name":"The Joust","floor":19,"gold_loss":50},{"cards_removed":["champ:FalseCounter"],"damage_healed":0,"gold_gain":0,"player_choice":"Took Card","damage_taken":0,"max_hp_gain":0,"max_hp_loss":0,"event_name":"NoteForYourself","floor":21,"gold_loss":0,"cards_obtained":["Iron Wave"]}],"is_beta":false,"boss_relics":[{"not_picked":["Fusion Hammer","ChewingGum"],"picked":"Astrolabe"}],"items_purged_floors":[],"is_endless":false,"potions_floor_spawned":[1,11,14,18,28,29],"killed_by":"Pondfish","ascension_level":0}}