{"host":"tr0r177cvmpvg89h","time":1613490952,"event":{"mods":["BaseMod","Colored Map","DeckTracker","Minty Spire (QoL Compilation)","StSLib","SuperFastMode"],"gold_per_floor":[110,36,36,56,69,69,101,120,194,194,46,46,62,77,77,180,180,199,43,61,76,76,76],"floor_reached":22,"language":"KOR","playtime":1647,"items_purged":["Strike_R"],"score":188,"play_id":"9c9fe069-b205-4397-a641-771c604468b0","local_time":"20210217005552","is_ascension_mode":false,"campfire_choices":[{"data":"Rampage","floor":6,"key":"SMITH"},{"data":"True Grit","floor":10,"key":"SMITH"},{"data":"Berserk","floor":12,"key":"SMITH"},{"data":"Seeing Red","floor":15,"key":"SMITH"}],"circlet_count":0,"master_deck":["Strike_R","Strike_R","Strike_R","Strike_R","Defend_R","Defend_R","Defend_R","Defend_R","Bash","Berserk+1","True Grit+1","Rampage+1","Twin Strike","Flex","Headbutt","Headbutt","Seeing Red+1","Brutality","Hemokinesis","Finesse","Disarm+1"],"relics":["Burning Blood","Mango","Juzu Bracelet","Gremlin Horn","Nunchaku","Runic Pyramid"],"acts_visited":["Exordium","TheCity"],"potions_floor_usage":[7,16],"damage_taken":[{"damage":0,"enemies":"Cultist","floor":1,"turns":3},{"damage":11,"enemies":"Jaw Worm","floor":4,"turns":3},{"damage":1,"enemies":"2 Louse","floor":5,"turns":2},{"damage":38,"enemies":"Lagavulin","floor":7,"turns":7},{"damage":7,"enemies":"Exordium Thugs","floor":8,"turns":4},{"damage":14,"enemies":"Exordium Wildlife","floor":13,"turns":3},{"damage":15,"enemies":"Blue Slaver","floor":14,"turns":4},{"damage":43,"enemies":"Hexaghost","floor":16,"turns":9},{"damage":27,"enemies":"Chosen","floor":18,"turns":6},{"damage":20,"enemies":"Spheric Guardian","floor":20,"turns":4},{"damage":42,"enemies":"Shelled Parasite and Fungi","floor":21,"turns":5},{"damage":23,"enemies":"Centurion and Healer","floor":22,"turns":6}],"seed_played":"8038330908527602047","potions_obtained":[{"floor":1,"key":"Dexterity Potion"},{"floor":13,"key":"BloodPotion"},{"floor":18,"key":"SteroidPotion"},{"floor":21,"key":"Ancient Potion"}],"is_trial":false,"path_per_floor":["M","$","?","M","M","R","E","M","T","R","$","R","M","M","R","B",null,"M","$","M","M","M"],"character_chosen":"IRONCLAD","items_purchased":["Rampage","Nunchaku","Finesse"],"campfire_rested":0,"item_purchase_floors":[2,11,19],"current_hp_per_floor":[80,80,91,86,91,91,59,58,58,58,58,58,50,41,41,22,94,73,73,59,23,0,0],"gold":76,"neow_bonus":"ONE_RANDOM_RARE_CARD","is_daily":false,"chose_seed":false,"campfire_upgraded":4,"win_rate":0.0,"timestamp":1613490952,"path_taken":["M","$","?","M","M","R","E","M","T","R","$","R","M","M","R","BOSS","M","$","M","M","M"],"items_purchased_type":["Card","Relic","Card"],"build_version":"2020-12-22","purchased_purges":1,"victory":false,"max_hp_per_floor":[80,80,94,94,94,94,94,94,94,94,94,94,94,94,94,94,94,94,94,94,94,94,94],"card_choices":[{"not_picked":["Whirlwind","Sword Boomerang"],"picked":"True Grit","floor":1},{"not_picked":["Body Slam","True Grit"],"picked":"Twin Strike","floor":4},{"not_picked":["Havoc","Sword Boomerang"],"picked":"Flex","floor":5},{"not_picked":["Anger","Twin Strike","Combust"],"picked":"SKIP","floor":7},{"not_picked":["Clash","Burning Pact"],"picked":"Headbutt","floor":8},{"not_picked":["Heavy Blade","Sword Boomerang"],"picked":"Headbutt","floor":13},{"not_picked":["Heavy Blade","Anger"],"picked":"Seeing Red","floor":14},{"not_picked":["Berserk","Impervious"],"picked":"Brutality","floor":16},{"not_picked":["Body Slam+1","Cleave"],"picked":"Hemokinesis","floor":18},{"not_picked":["Iron Wave","Flex+1"],"picked":"Disarm+1","floor":20},{"not_picked":["Combust","Reckless Charge","Armaments"],"picked":"SKIP","floor":21}],"player_experience":58905,"relics_obtained":[{"floor":7,"key":"Juzu Bracelet"},{"floor":9,"key":"Gremlin Horn"}],"event_choices":[{"damage_healed":0,"gold_gain":0,"player_choice":"Success","damage_taken":3,"relics_obtained":["Mango"],"max_hp_gain":0,"max_hp_loss":0,"event_name":"Scrap Ooze","floor":3,"gold_loss":0}],"is_beta":false,"boss_relics":[{"not_picked":["Coffee Dripper","Busted Crown"],"picked":"Runic Pyramid"}],"items_purged_floors":[19],"is_endless":false,"potions_floor_spawned":[1,13,18,21],"killed_by":"Centurion and Healer","ascension_level":0}}