{"host":"xg4r5pv6chpuampg","time":1613473865,"event":{"mods":["AchievementEnabler","BaseMod","Googly Eyes","Minty Spire (QoL Compilation)","StSLib","Together in Spire"],"gold_per_floor":[219,230,245,51,68,68,143,143,143,143,176,192,157,157,157,253,253,271,252,252,262,262,262,262],"floor_reached":23,"language":"ENG","playtime":774,"items_purged":[],"score":191,"play_id":"c12dbaec-d1dc-44bf-bb2c-e73d9c5845a0","local_time":"20210216141105","is_ascension_mode":false,"campfire_choices":[{"data":"Weave","floor":6,"key":"SMITH"},{"floor":10,"key":"REST"},{"floor":15,"key":"REST"}],"circlet_count":0,"master_deck":["Strike_P+1","Strike_P+1","Strike_P+1","Strike_P+1","Defend_P+1","Defend_P+1","Defend_P+1","Defend_P+1","Eruption","Vigilance","CrushJoints","FlurryOfBlows","Weave+1","CutThroughFate","Wallop","Alpha+1","BattleHymn","DeceiveReality","Judgement","CarveReality+1","DeusExMachina","FlurryOfBlows+1"],"relics":["PureWater","HandDrill","Darkstone Periapt","Smiling Mask","Kunai","Black Star"],"acts_visited":["Exordium","TheCity"],"potions_floor_usage":[12,16],"damage_taken":[{"damage":7,"enemies":"Cultist","floor":1,"turns":3},{"damage":5,"enemies":"Jaw Worm","floor":2,"turns":3},{"damage":1,"enemies":"2 Louse","floor":3,"turns":2},{"damage":8,"enemies":"Large Slime","floor":5,"turns":5},{"damage":14,"enemies":"Gremlin Nob","floor":11,"turns":3},{"damage":7,"enemies":"Lots of Slimes","floor":12,"turns":4},{"damage":35,"enemies":"The Guardian","floor":16,"turns":8},{"damage":22,"enemies":"Shell Parasite","floor":18,"turns":8},{"damage":25,"enemies":"2 Thieves","floor":19,"turns":4},{"damage":21,"enemies":"Centurion and Healer","floor":21,"turns":5},{"damage":6,"enemies":"Book of Stabbing","floor":23,"turns":2}],"seed_played":"7069126909691708767","potions_obtained":[{"floor":5,"key":"Dexterity Potion"},{"floor":11,"key":"EssenceOfSteel"},{"floor":12,"key":"AttackPotion"},{"floor":16,"key":"Weak Potion"},{"floor":18,"key":"LiquidMemories"}],"is_trial":false,"path_per_floor":["M","M","M","$","M","R","?","?","T","R","E","M","?","?","R","B",null,"M","M","?","M","?","E"],"character_chosen":"WATCHER","items_purchased":["CutThroughFate","HandDrill"],"campfire_rested":2,"item_purchase_floors":[4,4],"current_hp_per_floor":[65,60,59,59,51,51,40,40,40,61,47,40,58,46,67,32,72,50,25,25,4,4,0,0],"gold":262,"neow_bonus":"HUNDRED_GOLD","is_daily":false,"chose_seed":false,"campfire_upgraded":1,"win_rate":0.0,"timestamp":1613473865,"path_taken":["M","M","M","$","M","R","?","?","T","R","E","?","?","?","R","BOSS","M","M","?","?","?","E"],"items_purchased_type":["Card","Relic"],"build_version":"2020-12-22","purchased_purges":0,"victory":false,"max_hp_per_floor":[72,72,72,72,72,72,72,72,72,72,72,72,72,72,72,72,72,72,72,72,72,72,72,72],"card_choices":[{"not_picked":["Protect","Crescendo"],"picked":"CrushJoints","floor":1},{"not_picked":["Protect","SashWhip"],"picked":"FlurryOfBlows","floor":2},{"not_picked":["BowlingBash","EmptyMind"],"picked":"Weave","floor":3},{"not_picked":["MentalFortress","FlyingSleeves"],"picked":"Wallop","floor":5},{"not_picked":["FollowUp","ReachHeaven"],"picked":"BattleHymn","floor":11},{"not_picked":["JustLucky","Worship"],"picked":"DeceiveReality","floor":12},{"not_picked":["Vault","Establishment"],"picked":"Judgement","floor":16},{"not_picked":["Halt+1","CrushJoints"],"picked":"CarveReality+1","floor":18},{"not_picked":["EmptyFist","Vengeance+1"],"picked":"DeusExMachina","floor":19},{"not_picked":["FollowUp","JustLucky"],"picked":"FlurryOfBlows+1","floor":21}],"player_experience":138064,"relics_obtained":[{"floor":9,"key":"Darkstone Periapt"},{"floor":11,"key":"Smiling Mask"}],"event_choices":[{"damage_healed":0,"gold_gain":75,"player_choice":"Gather Gold","damage_taken":11,"max_hp_gain":0,"max_hp_loss":0,"event_name":"World of Goop","floor":7,"gold_loss":0},{"damage_healed":0,"gold_gain":0,"player_choice":"1 cards matched","damage_taken":0,"max_hp_gain":0,"max_hp_loss":0,"event_name":"Match and Keep!","floor":8,"gold_loss":0,"cards_obtained":["Alpha"]},{"damage_healed":18,"gold_gain":0,"player_choice":"Healed","damage_taken":0,"max_hp_gain":0,"max_hp_loss":0,"event_name":"The Cleric","floor":13,"gold_loss":35},{"damage_healed":0,"gold_gain":0,"player_choice":"Success","damage_taken":12,"relics_obtained":["Kunai"],"max_hp_gain":0,"max_hp_loss":0,"event_name":"Scrap Ooze","floor":14,"gold_loss":0},{"damage_healed":0,"gold_gain":0,"player_choice":"Forge","damage_taken":0,"max_hp_gain":0,"max_hp_loss":0,"event_name":"Accursed Blacksmith","floor":20,"gold_loss":0,"cards_upgraded":["Alpha"]},{"damage_healed":0,"gold_gain":0,"player_choice":"Simplicity","damage_taken":0,"max_hp_gain":0,"max_hp_loss":0,"event_name":"Back to Basics","floor":22,"gold_loss":0,"cards_upgraded":["Strike_P","Strike_P","Strike_P","Strike_P","Defend_P","Defend_P","Defend_P","Defend_P"]}],"is_beta":false,"boss_relics":[{"not_picked":["VioletLotus","Sozu"],"picked":"Black Star"}],"items_purged_floors":[],"is_endless":false,"potions_floor_spawned":[5,11,12,16,18,21],"killed_by":"Book of Stabbing","ascension_level":0}}