{"host":"eaiphzh066bwqdh7","time":1613505121,"event":{"mods":["AchievementEnabler","BaseMod","Better Note","Colored Powertips","Halation","Hubris","Infinite Spire","Minty Spire (QoL Compilation)","Quick Restart","Reliquary","Replay The Spire","StSLib"],"gold_per_floor":[113,113,113,113,130,130,156,174,174,174,189,199,199,216,216,317,317,334,334,24,24,24,24,24,24,24,24,24,24,57,70,70,70,70],"floor_reached":33,"language":"ENG","playtime":1139,"items_purged":[],"score":313,"play_id":"fb17841e-dd4b-426c-b89d-c33f5d72e530","local_time":"20210216145201","is_ascension_mode":true,"campfire_choices":[{"data":"Crippling Poison","floor":6,"key":"SMITH"},{"data":"Backflip","floor":10,"key":"SMITH"},{"data":"Cloak And Dagger","floor":13,"key":"SMITH"},{"floor":23,"key":"REST"},{"floor":25,"key":"REST"},{"data":"Corpse Explosion","floor":27,"key":"SMITH"},{"data":"Backstab","floor":29,"key":"SMITH"},{"floor":32,"key":"REST"}],"circlet_count":0,"master_deck":["Strike_G+1","Strike_G+1","Strike_G+1","Strike_G+1","Strike_G+1","Defend_G+1","Defend_G+1","Defend_G+1","Defend_G+1","Survivor","Neutralize","Crippling Poison+1","Backstab+1","Backflip+1","Cloak And Dagger+1","Poisoned Stab+1","Corpse Explosion+1","Dagger Throw+1","infinitespire:Menacing+1","Deadly Poison+1","Slice"],"relics":["Replay:M_StaffOfTheSnake","infinitespire:Cubic Diamond","Gambling Chip","HornCleat","WristBlade","Dead Branch","halation:TwoAmDonut","PreservedInsect"],"acts_visited":["Exordium","TheCity"],"potions_floor_usage":[7,7,7,16,16,33],"damage_taken":[{"damage":0.0,"enemies":"2 Louse","floor":1.0,"turns":3.0},{"damage":0.0,"enemies":"Small Slimes","floor":5.0,"turns":4.0},{"damage":2,"enemies":"3 Sentries","floor":7,"turns":5},{"damage":0,"enemies":"Cultist","floor":8,"turns":3},{"damage":1,"enemies":"Blue Slaver","floor":11,"turns":3},{"damage":0,"enemies":"Large Slime","floor":12,"turns":4},{"damage":0,"enemies":"2 Fungi Beasts","floor":14,"turns":2},{"damage":13,"enemies":"Fading Forest","floor":16,"turns":11},{"damage":22,"enemies":"Chosen","floor":18,"turns":5},{"damage":9,"enemies":"Nightmare","floor":30,"turns":6},{"damage":0,"enemies":"Spheric Guardian","floor":31,"turns":4},{"damage":76,"enemies":"Pondfish","floor":33,"turns":10}],"seed_played":"-1597722291039168735","potions_obtained":[{"floor":4.0,"key":"Regen Potion"},{"floor":4.0,"key":"Explosive Potion"},{"floor":4.0,"key":"EssenceOfSteel"},{"floor":5.0,"key":"infinitespire:BlackPotion"},{"floor":11,"key":"Elixir"},{"floor":12,"key":"Adrenaline Potion"},{"floor":14,"key":"FearPotion"},{"floor":31,"key":"ColorlessPotion"}],"is_trial":false,"path_per_floor":["M","?","?","?","M","R","E","M","T","R","M","M","R","M","R","B",null,"M","?","$","?","?","R","?","R","T","R","$","R","NM","M","R","B"],"character_chosen":"THE_SILENT","items_purchased":["Dead Branch"],"campfire_rested":3,"item_purchase_floors":[20],"current_hp_per_floor":[70,74,74,74,74,74,72,72,72,72,71,71,71,71,74,63,74,52,52,52,52,33,55,55,74,74,74,74,74,65,65,74,0,0],"gold":70,"neow_bonus":"RANDOM_EVENT","is_daily":false,"chose_seed":false,"campfire_upgraded":5,"win_rate":0.0,"timestamp":1613505121,"path_taken":["M","?","?","?","M","R","E","M","T","R","M","M","R","M","R","BOSS","M","?","$","?","?","R","?","R","T","R","?","R","NM","M","R","BOSS"],"items_purchased_type":["Relic"],"build_version":"2020-12-22","purchased_purges":0,"victory":false,"max_hp_per_floor":[70,74,74,74,74,74,74,74,74,74,74,74,74,74,74,74,74,74,74,74,74,74,74,74,74,74,74,74,74,74,74,74,74,74],"card_choices":[{"not_picked":["Distraction","Prepared"],"picked":"Crippling Poison","floor":1.0},{"not_picked":["Flying Knee","Deflect"],"picked":"Backstab","floor":5.0},{"not_picked":["Dash","Sneak Up"],"picked":"Backflip","floor":7},{"not_picked":["Prepared","Reflex","Crescendo"],"picked":"SKIP","floor":8},{"not_picked":["Draining Mist","JustLucky"],"picked":"Cloak And Dagger","floor":11},{"not_picked":["Underhanded Strike","Calculated Gamble","CutThroughFate"],"picked":"SKIP","floor":12},{"not_picked":["Dagger Throw","hubris:SlightOfHand"],"picked":"Poisoned Stab","floor":14},{"not_picked":["Malaise","After Image"],"picked":"Corpse Explosion","floor":16},{"not_picked":["Well Laid Plans","Underhanded Strike"],"picked":"Dagger Throw+1","floor":18},{"not_picked":["infinitespire:DeathsTouch","ReplayTheSpireMod:Black Plague"],"picked":"infinitespire:Menacing","floor":22},{"not_picked":["Poisoned Stab","Infinite Blades"],"picked":"Deadly Poison+1","floor":30},{"not_picked":["hubris:SlightOfHand","Choke"],"picked":"Slice","floor":31}],"player_experience":313956,"relics_obtained":[{"floor":7,"key":"Gambling Chip"},{"floor":9,"key":"HornCleat"},{"floor":26,"key":"halation:TwoAmDonut"},{"floor":30,"key":"PreservedInsect"}],"event_choices":[{"cards_removed":["Defend_G"],"damage_healed":0.0,"max_hp_gain":0.0,"max_hp_loss":0.0,"gold_gain":0.0,"event_name":"Living Wall","player_choice":"Forget","floor":0.0,"gold_loss":0.0,"damage_taken":0.0},{"damage_healed":0.0,"max_hp_gain":0.0,"max_hp_loss":0.0,"gold_gain":0.0,"event_name":"Lab","player_choice":"Got Potions","floor":4.0,"gold_loss":0.0,"damage_taken":0.0},{"damage_healed":0,"gold_gain":0,"player_choice":"Ignored","damage_taken":0,"max_hp_gain":0,"max_hp_loss":0,"event_name":"Ghosts","floor":19,"gold_loss":0},{"damage_healed":0,"gold_gain":0,"player_choice":"Simplicity","damage_taken":0,"max_hp_gain":0,"max_hp_loss":0,"event_name":"Back to Basics","floor":21,"gold_loss":0,"cards_upgraded":["Strike_G","Strike_G","Strike_G","Strike_G","Strike_G","Defend_G","Defend_G","Defend_G","Defend_G"]}],"is_beta":false,"boss_relics":[{"not_picked":["hubris:TerracottaHorce","Pandora\u0027s Box"],"picked":"WristBlade"}],"items_purged_floors":[],"is_endless":true,"potions_floor_spawned":[5,11,12,14,31],"killed_by":"Pondfish","ascension_level":4}}