{"host":"v4tuy5ykrbdcm9o9","time":1613449263,"event":{"mods":["BaseMod","Duelist Mod","Minty Spire (QoL Compilation)","Replay The Spire","StSLib"],"gold_per_floor":[114,114,114,33,33,68,86,120,145,145,145],"floor_reached":10,"language":"ENG","playtime":1630,"items_purged":[],"score":107,"play_id":"22e5ec95-8414-480c-a0eb-fef7dbe3f4b9","local_time":"20210215232103","is_ascension_mode":true,"campfire_choices":[],"circlet_count":0,"master_deck":["Strike_P","Strike_P","Strike_P","Defend_P","Defend_P","Defend_P","Eruption","Vigilance","FollowUp","ForeignInfluence","Steam","Replay:Parry+1","WaveOfTheHand","SignatureMove","Conclude"],"relics":["PureWater","ReplayTheSpireMod:TigerMarble","Thread and Needle"],"acts_visited":["Exordium"],"potions_floor_usage":[6,6,8,10],"damage_taken":[{"damage":0,"enemies":"Small Slimes","floor":1,"turns":2},{"damage":40,"enemies":"Lagavulin","floor":6,"turns":7},{"damage":0,"enemies":"2 Louse","floor":7,"turns":2},{"damage":10,"enemies":"3 Sentries","floor":8,"turns":6},{"damage":16,"enemies":"Gremlin Nob","floor":10,"turns":3}],"seed_played":"4352640921793361108","potions_obtained":[{"floor":0,"key":"Adrenaline Potion"},{"floor":0,"key":"Milkshake"},{"floor":0,"key":"Adrenaline Potion"},{"floor":6,"key":"Fire Potion"}],"is_trial":false,"path_per_floor":["M","?","?","$","?","E","M","E","T","E"],"character_chosen":"WATCHER","items_purchased":["Replay:Parry"],"campfire_rested":0,"item_purchase_floors":[4],"current_hp_per_floor":[65,65,65,65,65,25,25,15,15,0,0],"gold":145,"neow_bonus":"THREE_SMALL_POTIONS","is_daily":false,"chose_seed":false,"campfire_upgraded":0,"win_rate":0.0,"timestamp":1613449263,"path_taken":["M","?","?","$","?","E","M","E","T","E"],"items_purchased_type":["Card"],"build_version":"2020-12-22","purchased_purges":0,"victory":false,"max_hp_per_floor":[72,72,72,72,72,72,72,72,72,72,72],"card_choices":[{"not_picked":["Replay:DivineShield","ThirdEye"],"picked":"FollowUp","floor":1},{"not_picked":["Replay:AtTheReady","ThirdEye"],"picked":"WaveOfTheHand","floor":6},{"not_picked":["MentalFortress","CutThroughFate"],"picked":"SignatureMove","floor":7},{"not_picked":["Replay:Anticipation","MasterReality"],"picked":"Conclude","floor":8}],"player_experience":887710,"relics_obtained":[{"floor":6,"key":"ReplayTheSpireMod:TigerMarble"},{"floor":8,"key":"Thread and Needle"}],"event_choices":[{"damage_healed":0,"gold_gain":0,"player_choice":"Ignored","damage_taken":0,"max_hp_gain":0,"max_hp_loss":0,"event_name":"Golden Wing","floor":3,"gold_loss":0},{"damage_healed":0,"gold_gain":0,"player_choice":"Grow","damage_taken":0,"max_hp_gain":0,"max_hp_loss":0,"event_name":"Living Wall","floor":5,"gold_loss":0,"cards_upgraded":["Replay:Parry"]}],"is_beta":false,"boss_relics":[],"items_purged_floors":[],"is_endless":false,"potions_floor_spawned":[6],"killed_by":"Gremlin Nob","ascension_level":9}}