{"host":"l2lylj0omvglf5x0","time":1613477609,"event":{"mods":["2.2 Compatiblity","BaseMod","Bestiary","Block Reminder","Colored Map","Colored Powertips","Curses Come First","Highlight Path","Keyboard Shortcuts","Minty Spire (QoL Compilation)","Relic Sorter","Relic Stats","Slay the Relics Exporter","StSLib","SuperFastMode"],"gold_per_floor":[116,116,116,128,141,141,166,131,157,157,187,187,14,44,44,44,44],"floor_reached":16,"language":"ENG","playtime":493,"items_purged":[],"score":209,"play_id":"8120e381-c6a8-4f3e-817d-694110aa928e","local_time":"20210216131329","is_ascension_mode":true,"campfire_choices":[{"data":"Deadly Poison","floor":6,"key":"SMITH"},{"data":"Neutralize","floor":10,"key":"SMITH"},{"floor":12,"key":"REST"},{"data":"Bouncing Flask","floor":15,"key":"SMITH"}],"circlet_count":0,"master_deck":["AscendersBane","Strike_G","Strike_G","Strike_G","Strike_G","Defend_G","Defend_G","Defend_G","Defend_G","Defend_G","Survivor","Neutralize+1","Deadly Poison+1","Backflip","Poisoned Stab","Die Die Die","Bouncing Flask+1"],"relics":["Ring of the Snake","Pocketwatch","Letter Opener","Kunai","Oddly Smooth Stone","Anchor","ClockworkSouvenir","Centennial Puzzle"],"acts_visited":["Exordium"],"potions_floor_usage":[7,16],"damage_taken":[{"damage":5,"enemies":"2 Louse","floor":1,"turns":3},{"damage":1,"enemies":"Jaw Worm","floor":4,"turns":4},{"damage":0,"enemies":"Cultist","floor":5,"turns":4},{"damage":20,"enemies":"Gremlin Nob","floor":7,"turns":4},{"damage":13,"enemies":"Lagavulin","floor":11,"turns":5},{"damage":15,"enemies":"3 Sentries","floor":14,"turns":7},{"damage":32,"enemies":"Slime Boss","floor":16,"turns":7}],"seed_played":"3702627562678932250","potions_obtained":[{"floor":4,"key":"DuplicationPotion"},{"floor":11,"key":"SpeedPotion"},{"floor":14,"key":"LiquidMemories"}],"is_trial":false,"path_per_floor":["M","?","T","M","M","R","E","?","T","R","E","R","$","E","R","B"],"character_chosen":"THE_SILENT","items_purchased":["ClockworkSouvenir"],"campfire_rested":1,"item_purchase_floors":[13],"current_hp_per_floor":[54,47,47,46,46,46,26,41,41,41,28,46,46,31,31,0,0],"gold":44,"neow_bonus":"ONE_RARE_RELIC","is_daily":false,"chose_seed":false,"campfire_upgraded":3,"win_rate":0.0,"timestamp":1613477609,"path_taken":["M","?","?","M","M","R","E","?","T","R","E","R","?","E","R","BOSS"],"items_purchased_type":["Relic"],"build_version":"2020-12-22","purchased_purges":0,"victory":false,"max_hp_per_floor":[60,60,60,60,60,60,60,60,60,60,60,60,60,60,60,60,60],"relic_stats":{"Centennial Puzzle":[3],"counters":[7,34],"Letter Opener":[30],"Kunai":[6],"obtain_stats":[{"Anchor":11,"Centennial Puzzle":14,"Oddly Smooth Stone":9,"Letter Opener":3,"Kunai":7,"Ring of the Snake":0,"Pocketwatch":0,"ClockworkSouvenir":13},{"Anchor":5,"Centennial Puzzle":6,"Oddly Smooth Stone":4,"Letter Opener":1,"Kunai":4,"Ring of the Snake":0,"Pocketwatch":0,"ClockworkSouvenir":5},{"Anchor":20,"Centennial Puzzle":27,"Oddly Smooth Stone":15,"Letter Opener":3,"Kunai":15,"Ring of the Snake":0,"Pocketwatch":0,"ClockworkSouvenir":20}],"Ring of the Snake":[14],"Pocketwatch":[54]},"card_choices":[{"not_picked":["PiercingWail","Acrobatics"],"picked":"Deadly Poison","floor":1},{"not_picked":["Flying Knee","Quick Slash"],"picked":"Backflip","floor":4},{"not_picked":["Heel Hook","Tactician"],"picked":"Poisoned Stab","floor":5},{"not_picked":["Choke","Calculated Gamble"],"picked":"Die Die Die","floor":7},{"not_picked":["Slice","Choke"],"picked":"Bouncing Flask","floor":11},{"not_picked":["Choke","Deflect","Prepared"],"picked":"SKIP","floor":14}],"player_experience":953325,"relics_obtained":[{"floor":3,"key":"Letter Opener"},{"floor":7,"key":"Kunai"},{"floor":9,"key":"Oddly Smooth Stone"},{"floor":11,"key":"Anchor"},{"floor":14,"key":"Centennial Puzzle"}],"event_choices":[{"cards_removed":["Strike_G"],"damage_healed":0,"gold_gain":0,"player_choice":"Card Removal","damage_taken":7,"max_hp_gain":0,"max_hp_loss":0,"event_name":"Golden Wing","floor":2,"gold_loss":0},{"damage_healed":15,"gold_gain":0,"player_choice":"Healed","damage_taken":0,"max_hp_gain":0,"max_hp_loss":0,"event_name":"The Cleric","floor":8,"gold_loss":35}],"is_beta":false,"boss_relics":[],"items_purged_floors":[],"is_endless":false,"potions_floor_spawned":[4,11,14],"killed_by":"Slime Boss","ascension_level":16}}