{"host":"hka8b3f4pkvnp4ei","time":1613467101,"event":{"mods":["BaseMod","Minty Spire (QoL Compilation)","Quick Restart","Replay The Spire","StSLib"],"gold_per_floor":[116,116,191,80,99,124,147,172,195,212,229,229,229,229,246,259,259,259,259],"floor_reached":18,"language":"ZHS","playtime":292,"items_purged":["Strike_G"],"score":228,"play_id":"3f09cba0-3beb-49c2-8ffb-90419371bfa7","local_time":"20210216171821","is_ascension_mode":true,"campfire_choices":[{"floor":17.0,"key":"DIG"}],"circlet_count":0,"master_deck":["AscendersBane","Strike_G","Strike_G","Strike_G","Strike_G","Defend_G+1","Defend_G","Defend_G","Defend_G","Defend_G","Survivor","Neutralize+1","Underhanded Strike+1","All Out Attack","Calculated Gamble","Concentrate"],"relics":["Ring of the Snake","NeowsBlessing","Bag of Preparation","Bronze Scales","Darkstone Periapt","Blue Doll","Juzu Bracelet"],"acts_visited":["Exordium"],"potions_floor_usage":[],"damage_taken":[{"damage":0.0,"enemies":"Cultist","floor":1.0,"turns":1.0},{"damage":0.0,"enemies":"Jaw Worm","floor":5.0,"turns":1.0},{"damage":0.0,"enemies":"Gremlin Nob","floor":6.0,"turns":1.0},{"damage":12.0,"enemies":"3 Sentries","floor":8.0,"turns":6.0},{"damage":0.0,"enemies":"2 Louse","floor":10.0,"turns":2.0},{"damage":0.0,"enemies":"2 Fungi Beasts","floor":11.0,"turns":3.0},{"damage":0.0,"enemies":"Red Slaver","floor":15.0,"turns":3.0},{"damage":0.0,"enemies":"Exordium Thugs","floor":16.0,"turns":4.0},{"damage":0,"enemies":"Slime Boss","floor":18,"turns":1}],"seed_played":"-1845225112615200867","potions_obtained":[{"floor":1.0,"key":"SkillPotion"},{"floor":5.0,"key":"Dexterity Potion"},{"floor":8.0,"key":"Block Potion"}],"is_trial":false,"path_per_floor":["M","?","?","$","M","E","T","E","T","M","M","?","PTL","PTL","M","M","R","B"],"character_chosen":"THE_SILENT","items_purchased":["Underhanded Strike+1"],"campfire_rested":0,"item_purchase_floors":[4],"current_hp_per_floor":[63,49,38,38,38,38,38,26,26,26,26,31,31,31,31,31,31,31,31],"gold":259,"neow_bonus":"THREE_ENEMY_KILL","is_daily":false,"chose_seed":false,"campfire_upgraded":0,"win_rate":0.0,"timestamp":1613467101,"path_taken":["M","?","?","$","M","E","?","E","T","M","M","?","PTL","PTL","M","M","R","BOSS"],"items_purchased_type":["Card"],"build_version":"2020-12-22","purchased_purges":1,"victory":false,"max_hp_per_floor":[70,70,70,70,70,70,70,70,70,70,70,75,75,75,75,75,75,75,75],"card_choices":[{"not_picked":["ReplayTheSpireMod:Exploit Weakness","Deadly Poison","Fluid Movement"],"picked":"SKIP","floor":1.0},{"not_picked":["Poisoned Stab","ReplayTheSpireMod:The Works"],"picked":"All Out Attack","floor":5.0},{"not_picked":["Catalyst","Predator","Underhanded Strike"],"picked":"SKIP","floor":6.0},{"not_picked":["ReplayTheSpireMod:The Works","Deadly Poison"],"picked":"Calculated Gamble","floor":8.0},{"not_picked":["Acrobatics","Accuracy"],"picked":"Concentrate","floor":10.0},{"not_picked":["Hidden Blade","Flying Knee","Quick Slash"],"picked":"SKIP","floor":11.0},{"not_picked":["Flying Knee","Hidden Blade","PiercingWail"],"picked":"SKIP","floor":15.0},{"not_picked":["Dagger Throw","Slice","ReplayTheSpireMod:Exploit Weakness"],"picked":"SKIP","floor":16.0}],"player_experience":490112,"relics_obtained":[{"floor":6.0,"key":"Bag of Preparation"},{"floor":7.0,"key":"Bronze Scales"},{"floor":8.0,"key":"Darkstone Periapt"},{"floor":9.0,"key":"Blue Doll"},{"floor":17.0,"key":"Juzu Bracelet"}],"event_choices":[{"damage_healed":0.0,"max_hp_gain":0.0,"max_hp_loss":0.0,"gold_gain":0.0,"event_name":"Shining Light","player_choice":"Entered Light","floor":2.0,"gold_loss":0.0,"damage_taken":14.0,"cards_upgraded":["Neutralize","Defend_G"]},{"damage_healed":0.0,"max_hp_gain":0.0,"max_hp_loss":0.0,"gold_gain":75.0,"event_name":"World of Goop","player_choice":"Gather Gold","floor":3.0,"gold_loss":0.0,"damage_taken":11.0},{"damage_healed":0.0,"max_hp_gain":5.0,"max_hp_loss":0.0,"gold_gain":0.0,"event_name":"Big Fish","player_choice":"Donut","floor":12.0,"gold_loss":0.0,"damage_taken":0.0}],"is_beta":false,"boss_relics":[],"items_purged_floors":[4],"is_endless":false,"potions_floor_spawned":[1,5,8,10,15],"killed_by":"Slime Boss","ascension_level":11}}