{"host":"aapp7ew3jk5k1bvd","time":1613483548,"event":{"mods":["AchievementEnabler","BaseMod","Colored Map","Custom Start","Keyboard Shortcuts","Minty Spire (QoL Compilation)","Permanent Neow","Quick Restart","StSLib","SuperFastMode"],"gold_per_floor":[111,122,133,149,29,29,64,14,14,47,9,9,37,46,46,158,158,174,189,214,223,6,41,41,41,41,79,79,104,104,4,4,116,116,127,145,160,170,170,170,205,205,228,251,3,12,30,50,50,50],"floor_reached":51,"language":"KOR","playtime":1555,"items_purged":["Strike_G","Pain","Strike_G"],"score":818,"play_id":"4df6e4d4-4cf4-4959-82ea-a898c651555c","local_time":"20210216225228","is_ascension_mode":true,"campfire_choices":[{"data":"Cloak And Dagger","floor":6.0,"key":"SMITH"},{"data":"Bullet Time","floor":12.0,"key":"SMITH"},{"data":"Bouncing Flask","floor":15.0,"key":"SMITH"},{"floor":24,"key":"REST"},{"floor":32,"key":"REST"},{"floor":40,"key":"REST"},{"floor":49,"key":"REST"}],"circlet_count":0,"master_deck":["Strike_G","Defend_G","Defend_G","Defend_G","Defend_G","Defend_G","Survivor","Neutralize","Backstab","Well Laid Plans","Blade Dance","Bouncing Flask+1","Cloak And Dagger+1","Bullet Time+1","Masterful Stab","Blade Dance","Venomology","Catalyst","Venomology","Panache","Blade Dance","Backstab","Cloak And Dagger+1","Adrenaline","Madness","Madness","Escape Plan+1","After Image","Accuracy","Deep Breath"],"relics":["Ring of the Snake","MealTicket","Pantograph","The Courier","HornCleat","CeramicFish","WarpedTongs","Fusion Hammer","Boot","Strawberry","Anchor","WristBlade","Pear","Bag of Preparation","Shuriken"],"acts_visited":["Exordium","TheCity","TheBeyond"],"potions_floor_usage":[23,23,27,33,33,35,38,38,38,41,41,44,47,48,50,50],"damage_taken":[{"damage":0.0,"enemies":"Jaw Worm","floor":1.0,"turns":4.0},{"damage":0.0,"enemies":"2 Louse","floor":2.0,"turns":2.0},{"damage":0.0,"enemies":"Cultist","floor":3.0,"turns":4.0},{"damage":0.0,"enemies":"3 Louse","floor":4.0,"turns":3.0},{"damage":12.0,"enemies":"Lagavulin","floor":7.0,"turns":5.0},{"damage":12.0,"enemies":"3 Sentries","floor":10.0,"turns":8.0},{"damage":0.0,"enemies":"Gremlin Nob","floor":13.0,"turns":4.0},{"damage":18.0,"enemies":"Slime Boss","floor":16.0,"turns":9.0},{"damage":7.0,"enemies":"Spheric Guardian","floor":18.0,"turns":3.0},{"damage":3.0,"enemies":"Shell Parasite","floor":19.0,"turns":3.0},{"damage":13.0,"enemies":"Snake Plant","floor":20.0,"turns":5.0},{"damage":21,"enemies":"Book of Stabbing","floor":23,"turns":5},{"damage":13,"enemies":"Slavers","floor":27,"turns":3},{"damage":0,"enemies":"Centurion and Healer","floor":29,"turns":4},{"damage":45,"enemies":"Champ","floor":33,"turns":9},{"damage":0,"enemies":"3 Darklings","floor":35,"turns":4},{"damage":0,"enemies":"Orb Walker","floor":37,"turns":2},{"damage":0,"enemies":"3 Darklings","floor":38,"turns":4},{"damage":10,"enemies":"Reptomancer","floor":41,"turns":5},{"damage":0,"enemies":"4 Shapes","floor":44,"turns":2},{"damage":0,"enemies":"Writhing Mass","floor":47,"turns":3},{"damage":0,"enemies":"Sphere and 2 Shapes","floor":48,"turns":2},{"damage":9,"enemies":"Donu and Deca","floor":50,"turns":6}],"seed_played":"3790142709944101184","potions_obtained":[{"floor":1.0,"key":"EssenceOfSteel"},{"floor":3.0,"key":"LiquidMemories"},{"floor":4.0,"key":"Energy Potion"},{"floor":10.0,"key":"Regen Potion"},{"floor":16.0,"key":"Fire Potion"},{"floor":29,"key":"DistilledChaos"},{"floor":38,"key":"Weak Potion"},{"floor":47,"key":"CultistPotion"}],"is_trial":false,"path_per_floor":["M","M","M","M","$","R","E","?","T","E","$","R","E","?","R","B",null,"M","M","M","?","$","E","R","$","T","E","?","M","?","$","R","B",null,"M","?","M","M","?","R","E","?","T","M","$","?","M","M","R","B",null],"character_chosen":"THE_SILENT","items_purchased":["Cloak And Dagger","Blade Dance","Panache","Accuracy","Shuriken"],"campfire_rested":4,"item_purchase_floors":[5,11,22,45,45],"current_hp_per_floor":[70,70,70,70,70,70,58,58,58,46,61,61,61,61,61,52,70,63,60,47,47,62,41,62,70,77,64,64,64,57,72,77,32,77,77,67,67,67,67,77,77,77,77,77,87,87,87,87,87,78],"gold":50,"neow_bonus":"RANDOM_COMMON_RELIC","is_daily":false,"chose_seed":false,"campfire_upgraded":3,"win_rate":0.0,"timestamp":1613483548,"path_taken":["M","M","M","M","$","R","E","?","T","E","$","R","E","?","R","BOSS","M","?","M","?","$","E","R","$","T","E","?","M","?","$","R","BOSS","M","?","M","M","?","R","E","?","T","M","$","?","M","M","R","BOSS"],"items_purchased_type":["Card","Card","Card","Card","Relic"],"build_version":"2020-12-22","purchased_purges":3,"victory":true,"max_hp_per_floor":[70,70,70,70,70,70,70,70,70,70,70,70,70,70,70,70,70,70,70,70,70,70,70,70,70,77,77,77,77,77,77,77,77,77,77,77,77,77,77,77,87,87,87,87,87,87,87,87,87,87],"card_choices":[{"not_picked":["Underhanded Strike","Eviscerate"],"picked":"Backstab","floor":1.0},{"not_picked":["Sucker Punch","Calculated Gamble"],"picked":"Well Laid Plans","floor":2.0},{"not_picked":["Underhanded Strike","Poisoned Stab"],"picked":"Blade Dance","floor":3.0},{"not_picked":["Grand Finale","Well Laid Plans"],"picked":"Bouncing Flask","floor":4.0},{"not_picked":["Heel Hook","Backflip"],"picked":"Bullet Time","floor":7.0},{"not_picked":["Underhanded Strike","Reflex"],"picked":"Masterful Stab","floor":10.0},{"not_picked":["Underhanded Strike","Bane","Flying Knee"],"picked":"SKIP","floor":13.0},{"not_picked":["Bullet Time","Phantasmal Killer"],"picked":"Venomology","floor":16.0},{"not_picked":["Flying Knee","Acrobatics+1","Bane"],"picked":"SKIP","floor":18.0},{"not_picked":["Eviscerate+1","Slice","Outmaneuver"],"picked":"SKIP","floor":19.0},{"not_picked":["Endless Agony","Sucker Punch"],"picked":"Catalyst","floor":20.0},{"not_picked":["PiercingWail+1","Dagger Spray+1"],"picked":"Blade Dance","floor":23},{"not_picked":["Outmaneuver","Predator"],"picked":"Backstab","floor":27},{"not_picked":["Outmaneuver","Dash"],"picked":"Cloak And Dagger+1","floor":29},{"not_picked":["Malaise","Venomology"],"picked":"Adrenaline","floor":33},{"not_picked":["Predator+1","Prepared","Dagger Spray"],"picked":"SKIP","floor":35},{"not_picked":["Dagger Spray+1","Prepared+1","Outmaneuver+1"],"picked":"SKIP","floor":37},{"not_picked":["Prepared","Dagger Throw","Expertise+1"],"picked":"SKIP","floor":38},{"not_picked":["Finisher","Flying Knee"],"picked":"Escape Plan+1","floor":41},{"not_picked":["Underhanded Strike","Bane+1"],"picked":"After Image","floor":44},{"not_picked":["Metamorphosis","Swift Strike"],"picked":"Deep Breath","floor":46},{"not_picked":["Sucker Punch","Underhanded Strike","Dagger Spray+1"],"picked":"SKIP","floor":47},{"not_picked":["Deflect","Acrobatics","Slice+1"],"picked":"SKIP","floor":48}],"player_experience":1007503,"relics_obtained":[{"floor":7.0,"key":"Pantograph"},{"floor":9.0,"key":"The Courier"},{"floor":10.0,"key":"HornCleat"},{"floor":13.0,"key":"CeramicFish"},{"floor":23,"key":"Boot"},{"floor":26,"key":"Strawberry"},{"floor":27,"key":"Anchor"},{"floor":41,"key":"Pear"},{"floor":43,"key":"Bag of Preparation"}],"event_choices":[{"cards_removed":["Strike_G"],"damage_healed":0.0,"max_hp_gain":0.0,"max_hp_loss":0.0,"gold_gain":0.0,"event_name":"The Cleric","player_choice":"Card Removal","floor":8.0,"gold_loss":50.0,"damage_taken":0.0},{"damage_healed":0.0,"max_hp_gain":0.0,"max_hp_loss":0.0,"gold_gain":0.0,"event_name":"Accursed Blacksmith","player_choice":"Rummage","floor":14.0,"gold_loss":0.0,"damage_taken":0.0,"relics_obtained":["WarpedTongs"],"cards_obtained":["Pain"]},{"damage_healed":0.0,"max_hp_gain":0.0,"max_hp_loss":0.0,"gold_gain":0.0,"event_name":"The Library","player_choice":"Read","floor":21.0,"gold_loss":0.0,"damage_taken":0.0,"cards_obtained":["Venomology"]},{"damage_healed":0,"gold_gain":0,"player_choice":"Damaged","damage_taken":7,"max_hp_gain":0,"max_hp_loss":0,"event_name":"Wheel of Change","floor":30,"gold_loss":0},{"damage_healed":0,"gold_gain":0,"player_choice":"Embrace Madness","damage_taken":10,"max_hp_gain":0,"max_hp_loss":0,"event_name":"Winding Halls","floor":36,"gold_loss":0,"cards_obtained":["Madness","Madness"]},{"damage_healed":0,"gold_gain":0,"player_choice":"Ignored","damage_taken":0,"max_hp_gain":0,"max_hp_loss":0,"event_name":"Mysterious Sphere","floor":39,"gold_loss":0},{"cards_removed":["Strike_G"],"damage_healed":0,"gold_gain":0,"player_choice":"Removed Attack","damage_taken":0,"max_hp_gain":0,"max_hp_loss":0,"event_name":"Falling","floor":42,"gold_loss":0},{"damage_healed":0,"gold_gain":0,"player_choice":"Memory 1","damage_taken":0,"max_hp_gain":0,"max_hp_loss":0,"event_name":"SensoryStone","floor":46,"gold_loss":0}],"is_beta":false,"boss_relics":[{"not_picked":["HoveringKite","Sozu"],"picked":"Fusion Hammer"},{"not_picked":["Astrolabe","SacredBark"],"picked":"WristBlade"}],"items_purged_floors":[5,22,31],"is_endless":false,"potions_floor_spawned":[1,3,4,10,16,18,29,33,35,38,47,48],"ascension_level":1}}