{"host":"24j0rle15g8q9bc9","time":1613447827,"event":{"mods":["2.2 Compatiblity","Act Like it!","Bartender","BaseMod","Better Note","Card Forge","Colored Map","Colored Powertips","DeckTracker","Downfall","Elementarium","Hallownest","Hubris","Jorbs\u0027s Wanderer Trilogy","Minty Spire (QoL Compilation)","Rare Cards Sparkle","Remilia??????","StSLib","The Bug Knight","The Death Knight","The Necromancer","Treasure Hunter"],"gold_per_floor":[200,220,235,250,270,289,340,140,160,191,205,233,125,157,167,267,267,167,182,182,182,155,170,196,196,229,244,244,95,95,111,131,227,227,227,247,267,279,20,20,46,46,99,99,99,99,99,109,128,128,128,154,60,60,70,70],"floor_reached":57,"language":"ENG","playtime":4187,"items_purged":[],"score":1221,"play_id":"c04f9b1c-c763-49b4-8004-a04830303f40","local_time":"20210215235707","is_ascension_mode":false,"campfire_choices":[{"floor":1,"key":"RECALL"},{"floor":8,"key":"REST"},{"floor":18,"key":"REST"},{"floor":25,"key":"REST"},{"floor":28,"key":"REST"},{"floor":35,"key":"REST"},{"floor":40,"key":"REST"},{"floor":44,"key":"REST"},{"floor":54,"key":"REST"}],"circlet_count":0,"master_deck":["Slimebound:Split+1","Slimebound:SplitSpecialist+1","Slimebound:SplitLeeching+1","Slimebound:SplitAcid+1","Slimebound:SplitBruiser+1","Slimebound:SlimeBrawl+1","Slimebound:Repurpose+1","Slimebound:SelfFormingGoo+1","Slimebound:RallyTheTroops+1","Slimebound:SlimeBarrage+1","Slimebound:OneTwoCombo+1","Slimebound:MinionMaster+1","Slimebound:MassRepurpose+1","Slimebound:MassFeed+1","Slimebound:LevelUp+1","Slimebound:FirmFortitude+1","Slimebound:LeadByExample+1","Slimebound:DivideAndConquer+1","Slimebound:Darklings+1","Slimebound:TagTeam+1","Slimebound:LevelUp+1","TH:BikiniMail+1","TH:BikiniMail+1","expansioncontent:AwakenDeath+1","TH:TreasureMap+1","TH:ElvenBoots+1","expansioncontent:InvincibleStrength+1","TH:DeckOfManyThings+1","TH:CopperCoins+1","TH:ArmorSpikes+1","Slimebound:FormOfPuddle+1","hubris:Envy","TH:EnergyPotion+1","stsjorbsmod:Withering","TH:PixieDust+1","TH:CopperCoins+1","expansioncontent:YouAreMine+1"],"relics":["Slimebound:AbsorbEndCombat","Hammer of Thor","Seething Fire","Anvil of the Gods","downfall:HeartBlessingRed","downfall:HeartBlessingBlue","Centennial Puzzle","Calipers","Toy Ornithopter","Cursed Key","downfall:HeartBlessingGreen","Gremlin Horn","Juzu Bracelet","Blood Vial","Nunchaku","hubris:ScarierMask","Meat on the Bone","Cleaning_Rag","hubris:Towel","Dream Catcher","Boot"],"acts_visited":["Exordium","TheCity","TheBeyond","TheEnding"],"potions_floor_usage":[10,16,16,16,19,26,27,33,50,50],"damage_taken":[{"damage":0,"enemies":"Cultist","floor":2,"turns":2},{"damage":11,"enemies":"Jaw Worm","floor":3,"turns":2},{"damage":11,"enemies":"2 Louse","floor":4,"turns":2},{"damage":0,"enemies":"2 Fungi Beasts","floor":5,"turns":2},{"damage":0,"enemies":"Blue Slaver","floor":6,"turns":3},{"damage":10,"enemies":"downfall:LooterAlt","floor":9,"turns":2},{"damage":0,"enemies":"3 Sentries","floor":10,"turns":2},{"damage":13,"enemies":"Exordium Thugs","floor":11,"turns":3},{"damage":5,"enemies":"HollowMod:MossKnight","floor":12,"turns":3},{"damage":0,"enemies":"downfall:FleeingMerchant","floor":13,"turns":4},{"damage":3,"enemies":"Gremlin Nob","floor":14,"turns":3},{"damage":0,"enemies":"Blue Slaver","floor":15,"turns":2},{"damage":36,"enemies":"DF_ARCHETYPE_STREAMLINE","floor":16,"turns":4},{"damage":35,"enemies":"3 Byrds","floor":19,"turns":3},{"damage":15,"enemies":"downfall:FleeingMerchant","floor":22,"turns":3},{"damage":12,"enemies":"Shell Parasite","floor":23,"turns":2},{"damage":32,"enemies":"Slavers","floor":26,"turns":2},{"damage":10,"enemies":"Snake Plant","floor":27,"turns":2},{"damage":18,"enemies":"Shelled Parasite and Fungi","floor":31,"turns":3},{"damage":0,"enemies":"Snecko","floor":32,"turns":2},{"damage":24,"enemies":"SI_MIRROR_ARCHETYPE","floor":33,"turns":4},{"damage":21,"enemies":"3 Darklings","floor":36,"turns":3},{"damage":10,"enemies":"Orb Walker","floor":37,"turns":2},{"damage":36,"enemies":"Spire Growth","floor":38,"turns":4},{"damage":2,"enemies":"Transient","floor":48,"turns":5},{"damage":0,"enemies":"Sphere and 2 Shapes","floor":49,"turns":2},{"damage":29,"enemies":"WA_ARCHETYPE_DIVINITY","floor":50,"turns":7},{"damage":28,"enemies":"downfall:CharBossMerchant","floor":52,"turns":5},{"damage":79,"enemies":"downfall:NeowBoss","floor":55,"turns":13},{"damage":68,"enemies":"downfall:NeowBossFinal","floor":56,"turns":8}],"seed_played":"-2529251353189132896","potions_obtained":[{"floor":2,"key":"Slimebound:SlimedPotion"},{"floor":4,"key":"sneckomod:MuddlingPotion"},{"floor":5,"key":"SteroidPotion"},{"floor":11,"key":"DeathKnight:RimePotion"},{"floor":15,"key":"PowerPotion"},{"floor":16,"key":"AttackPotion"},{"floor":19,"key":"champ:CounterPotion"},{"floor":23,"key":"SteroidPotion"},{"floor":27,"key":"Fruit Juice"},{"floor":36,"key":"DuplicationPotion"},{"floor":38,"key":"Slimebound:SpawnSlimePotion"},{"floor":52,"key":"FairyPotion"}],"is_trial":false,"path_per_floor":["R","M","M","M","M","M","T","R","M","E","M","E","$","E","M","B",null,"R","M","?","?","$","M","T","R","E","M","R","$","?","M","M","B",null,"R","M","M","M","$","R","T","?","T","R","$","?","?","M","M","B",null,"E","$","R","B","B",null],"character_chosen":"SLIMEBOUND","items_purchased":["expansioncontent:AwakenDeath","expansioncontent:InvincibleStrength","Gremlin Horn","Nunchaku","Meat on the Bone","expansioncontent:YouAreMine"],"campfire_rested":8,"item_purchase_floors":[13,22,22,29,39,53],"current_hp_per_floor":[65,65,54,43,43,43,43,75,65,65,52,47,49,52,52,48,75,75,48,48,48,33,21,21,45,18,20,46,46,46,30,32,19,88,88,67,59,25,25,51,51,51,51,77,77,77,77,77,79,59,88,60,60,86,21,39],"gold":70,"neow_bonus":"HUNDRED_GOLD","is_daily":false,"chose_seed":false,"campfire_upgraded":0,"win_rate":0.0,"timestamp":1613447827,"path_taken":["R","M","M","?","M","M","T","R","M","E","?","E","$","E","M","BOSS","R","M","?","?","$","M","T","R","E","M","R","$","?","M","M","BOSS","R","M","M","M","$","R","T","?","?","R","$","?","?","M","M","BOSS","E","$","R","BOSS","BOSS"],"items_purchased_type":["Card","Card","Relic","Relic","Relic","Card"],"build_version":"2020-12-22","purchased_purges":0,"victory":true,"max_hp_per_floor":[65,65,65,65,65,65,65,75,75,75,75,75,75,75,75,75,75,75,83,83,83,83,83,83,83,83,88,88,88,88,88,88,88,88,88,88,88,88,88,88,88,88,88,88,88,88,88,88,88,88,88,88,88,88,88,88],"card_choices":[{"not_picked":["Slimebound:Schlurp","Slimebound:ProtectTheBoss","Slimebound:SplitAcid"],"picked":"SKIP","floor":2},{"not_picked":["Slimebound:SplitSpecialist","Slimebound:RejuvenatingLick"],"picked":"Slimebound:LevelUp","floor":3},{"not_picked":["Slimebound:Prepare","Slimebound:SplitLeeching","Slimebound:RollThrough"],"picked":"SKIP","floor":4},{"not_picked":["Slimebound:GoopSpray","Slimebound:SamplingLick","Slimebound:DisruptingSlam"],"picked":"SKIP","floor":5},{"not_picked":["Slimebound:ForwardTackle","Slimebound:AcidTongue","Slimebound:GoopSpray"],"picked":"SKIP","floor":6},{"not_picked":["TH:PixieDust","TH:ArmorSpikes"],"picked":"SKIP","floor":7},{"not_picked":["Slimebound:RainOfGoop","Slimebound:TongueLash","Slimebound:Replication"],"picked":"SKIP","floor":9},{"not_picked":["TH:EnergyPotion"],"picked":"TH:BikiniMail","floor":10},{"not_picked":["Slimebound:RollThrough","Slimebound:LivingWall","Slimebound:SplitLeeching"],"picked":"SKIP","floor":10},{"not_picked":["Slimebound:SplitMire","Slimebound:LeechLife","Slimebound:AcidTongue"],"picked":"SKIP","floor":11},{"not_picked":["TH:PixieDust"],"picked":"TH:BikiniMail","floor":12},{"not_picked":["Slimebound:LivingWall","Slimebound:SpikyOuterGoop","Slimebound:ComboTackle"],"picked":"SKIP","floor":12},{"not_picked":["Slimebound:SplitSpecialist","Slimebound:RollThrough","Slimebound:ItLooksTasty"],"picked":"SKIP","floor":13},{"not_picked":["TH:CursedSword"],"picked":"TH:TreasureMap","floor":14},{"not_picked":["Slimebound:SamplingLick","Slimebound:DivideAndConquer","Slimebound:GoopSpray"],"picked":"SKIP","floor":14},{"not_picked":["Slimebound:MinionMaster","Slimebound:HauntingLick","Slimebound:SlimeSpikes"],"picked":"SKIP","floor":15},{"not_picked":["TH:ArmorSpikes"],"picked":"TH:ElvenBoots","floor":16},{"not_picked":["Slimebound:Grow+1","Slimebound:GoopTackle+1","Slimebound:MegaLick+1"],"picked":"SKIP","floor":19},{"not_picked":["Slimebound:Schlurp","Slimebound:SamplingLick","Slimebound:SlimeBarrage"],"picked":"SKIP","floor":22},{"not_picked":["Slimebound:SplitBruiser","Slimebound:DisruptingSlam","Slimebound:SplitMire+1"],"picked":"SKIP","floor":23},{"not_picked":["TH:EnergyPotion"],"picked":"TH:DeckOfManyThings","floor":24},{"not_picked":["TH:EnergyPotion"],"picked":"TH:CopperCoins","floor":26},{"not_picked":["Slimebound:Grow","Slimebound:LeechEnergy+1","Slimebound:SplitBruiser"],"picked":"SKIP","floor":26},{"not_picked":["Slimebound:SlimeSpikes","Slimebound:ItLooksTasty","Slimebound:LeadByExample"],"picked":"SKIP","floor":27},{"not_picked":["Slimebound:DivideAndConquer","Slimebound:MassFeed","Slimebound:SlimeSpikes"],"picked":"SKIP","floor":31},{"not_picked":["Slimebound:Gluttony","Slimebound:HauntingLick","Slimebound:RollThrough+1"],"picked":"SKIP","floor":32},{"not_picked":["TH:BikiniMail"],"picked":"TH:ArmorSpikes","floor":33},{"not_picked":["Slimebound:RainOfGoop","Slimebound:FinishingTackle","Slimebound:SplitSpecialist+1"],"picked":"SKIP","floor":36},{"not_picked":["Slimebound:ServeAndProtect+1","Slimebound:ItLooksTasty","Slimebound:LeadByExample+1"],"picked":"SKIP","floor":37},{"not_picked":["Slimebound:HauntingLick+1","Slimebound:Grow"],"picked":"Slimebound:FormOfPuddle+1","floor":38},{"not_picked":["TH:CursedSword"],"picked":"TH:EnergyPotion","floor":41},{"not_picked":["TH:ElvenBoots"],"picked":"TH:PixieDust","floor":43},{"not_picked":["Slimebound:ItLooksTasty","Slimebound:LivingWall+1","Slimebound:SplitAcid"],"picked":"SKIP","floor":48},{"not_picked":["Slimebound:SlimeBarrage","Slimebound:RollThrough","Slimebound:SplitBruiser+1"],"picked":"SKIP","floor":49},{"not_picked":["TH:ArmorSpikes"],"picked":"TH:CopperCoins","floor":52},{"not_picked":["Slimebound:FlameTackle","Slimebound:RainOfGoop","Slimebound:ServeAndProtect"],"picked":"SKIP","floor":52}],"player_experience":73323,"relics_obtained":[{"floor":10,"key":"Centennial Puzzle"},{"floor":12,"key":"Calipers"},{"floor":14,"key":"Toy Ornithopter"},{"floor":24,"key":"Juzu Bracelet"},{"floor":26,"key":"Blood Vial"},{"floor":41,"key":"Cleaning_Rag"},{"floor":43,"key":"Dream Catcher"},{"floor":52,"key":"Boot"}],"event_choices":[{"damage_healed":0,"gold_gain":0,"player_choice":"Ignored","damage_taken":0,"max_hp_gain":0,"max_hp_loss":0,"event_name":"betterNote:BetterNote","floor":30,"gold_loss":0,"cards_obtained":["Strike_R"]}],"is_beta":false,"boss_relics":[{"not_picked":["Sozu","hubris:CrackedHourglass"],"picked":"Cursed Key"},{"not_picked":["Calling Bell","Slimebound:AbsorbEndCombatUpgraded"],"picked":"hubris:ScarierMask"}],"items_purged_floors":[],"is_endless":false,"potions_floor_spawned":[2,4,5,11,15,16,19,23,27,36,38,52],"ascension_level":0}}