{"host":"cpsutu8lprjuipd6","time":1613446247,"event":{"mods":["BaseMod","Colored Map","Minty Spire (QoL Compilation)","Permanent Neow","StSLib","SuperFastMode","The Bug Knight","Together in Spire"],"gold_per_floor":[361,377,59,75,89,118,118,136,136,136,86,96,96,96,96,200,250,261,261,275,186,186,220,234,149,149,149,161,161,161,161],"floor_reached":30,"language":"KOR","playtime":940,"items_purged":["Strike_R","Strike_R","Strike_R"],"score":263,"play_id":"79c2d672-f270-4212-b66c-89d37a0f4962","local_time":"20210216123047","is_ascension_mode":true,"campfire_choices":[{"floor":7,"key":"REST"},{"floor":10,"key":"REST"},{"floor":15,"key":"RECALL"},{"floor":27,"key":"REST"},{"floor":29,"key":"REST"}],"circlet_count":0,"master_deck":["Strike_R","Strike_R+1","Defend_R","Defend_R","Defend_R+1","Defend_R","Bash","Cleave","Dropkick+1","Clash","Clash+1"],"relics":["Burning Blood","Membership Card","Mercury Hourglass","Gambling Chip","Whetstone","Tiny House","Tiny Chest","Kunai","Gremlin Horn","Molten Egg 2"],"acts_visited":["Exordium","TheCity"],"potions_floor_usage":[16,16,16,16,28],"damage_taken":[{"damage":11,"enemies":"2 Louse","floor":1,"turns":3},{"damage":10,"enemies":"Jaw Worm","floor":2,"turns":4},{"damage":1,"enemies":"Cultist","floor":4,"turns":3},{"damage":6,"enemies":"Blue Slaver","floor":5,"turns":4},{"damage":36,"enemies":"Lagavulin","floor":6,"turns":5},{"damage":8,"enemies":"3 Louse","floor":8,"turns":2},{"damage":0,"enemies":"Looter","floor":12,"turns":3},{"damage":57,"enemies":"Hexaghost","floor":16,"turns":11},{"damage":16,"enemies":"3 Byrds","floor":18,"turns":4},{"damage":37,"enemies":"Spheric Guardian","floor":20,"turns":6},{"damage":18,"enemies":"HollowMod:Nosk","floor":23,"turns":10},{"damage":14,"enemies":"Snake Plant","floor":24,"turns":4},{"damage":14,"enemies":"Chosen and Byrds","floor":28,"turns":6},{"damage":73,"enemies":"Book of Stabbing","floor":30,"turns":7}],"seed_played":"5574937060944389002","potions_obtained":[{"floor":1,"key":"SpeedPotion"},{"floor":8,"key":"DistilledChaos"},{"floor":12,"key":"Energy Potion"},{"floor":16,"key":"Fruit Juice"},{"floor":17,"key":"Energy Potion"},{"floor":23,"key":"DuplicationPotion"},{"floor":24,"key":"AttackPotion"}],"is_trial":false,"path_per_floor":["M","M","$","M","M","E","R","M","T","R","$","M","?","?","R","B",null,"M","T","M","$","?","E","M","?","T","R","M","R","E"],"character_chosen":"IRONCLAD","items_purchased":["Membership Card","Mercury Hourglass","Clash"],"campfire_rested":4,"item_purchase_floors":[3,3,21],"current_hp_per_floor":[51,47,47,52,52,22,46,44,44,68,68,74,74,74,74,28,90,80,80,49,49,49,37,29,29,29,56,48,75,2,2],"gold":161,"neow_bonus":"TWO_FIFTY_GOLD","is_daily":false,"chose_seed":false,"campfire_upgraded":0,"win_rate":0.0,"timestamp":1613446247,"path_taken":["M","M","$","M","M","E","R","M","T","R","$","M","?","?","R","BOSS","M","?","M","$","?","E","M","?","T","R","M","R","E"],"items_purchased_type":["Relic","Relic","Card"],"build_version":"2020-12-22","purchased_purges":3,"victory":false,"max_hp_per_floor":[80,80,80,80,80,80,80,80,80,80,80,80,80,80,80,85,90,90,90,90,90,90,90,90,90,90,90,90,90,90,90],"card_choices":[{"not_picked":["Searing Blow","True Grit"],"picked":"Cleave","floor":1},{"not_picked":["Blood for Blood","Pommel Strike","Perfected Strike"],"picked":"SKIP","floor":2},{"not_picked":["Rage","Headbutt","Heavy Blade"],"picked":"SKIP","floor":4},{"not_picked":["Combust","Power Through"],"picked":"Dropkick","floor":5},{"not_picked":["Flame Barrier","Body Slam","Headbutt"],"picked":"SKIP","floor":6},{"not_picked":["Power Through","Armaments","Anger"],"picked":"SKIP","floor":8},{"not_picked":["Sever Soul","Armaments","Perfected Strike"],"picked":"SKIP","floor":12},{"not_picked":["Headbutt","Combust","Rampage"],"picked":"SKIP","floor":18},{"not_picked":["Power Through","Battle Trance","Armaments+1"],"picked":"SKIP","floor":20},{"not_picked":["Combust","Flame Barrier+1","Offering"],"picked":"SKIP","floor":23},{"not_picked":["True Grit","Pommel Strike","Shrug It Off+1"],"picked":"SKIP","floor":24},{"not_picked":["Shrug It Off+1","Warcry"],"picked":"Clash+1","floor":28}],"player_experience":92457,"relics_obtained":[{"floor":6,"key":"Gambling Chip"},{"floor":9,"key":"Whetstone"},{"floor":23,"key":"Kunai"},{"floor":26,"key":"Molten Egg 2"}],"event_choices":[{"damage_healed":0,"gold_gain":0,"player_choice":"Ignored","damage_taken":0,"max_hp_gain":0,"max_hp_loss":0,"event_name":"Liars Game","floor":13,"gold_loss":0},{"damage_healed":0,"gold_gain":0,"player_choice":"Bought 0 Potions","damage_taken":0,"max_hp_gain":0,"max_hp_loss":0,"event_name":"The Woman in Blue","floor":14,"gold_loss":0},{"damage_healed":0,"gold_gain":0,"player_choice":"Opened","damage_taken":0,"relics_obtained":["Tiny Chest"],"max_hp_gain":0,"max_hp_loss":0,"event_name":"The Mausoleum","floor":22,"gold_loss":0},{"damage_healed":0,"gold_gain":0,"player_choice":"Obtained Relic","damage_taken":0,"relics_obtained":["Gremlin Horn"],"max_hp_gain":0,"max_hp_loss":0,"event_name":"Addict","floor":25,"gold_loss":85}],"is_beta":false,"boss_relics":[{"not_picked":["Runic Dome","Snecko Eye"],"picked":"Tiny House"}],"items_purged_floors":[3,11,21],"is_endless":false,"potions_floor_spawned":[1,8,12,16,23,24],"killed_by":"Book of Stabbing","ascension_level":1}}