{"host":"yrtk68ixj64vhhh3","time":1613442731,"event":{"mods":["100% Spire Juice","2.2 Compatiblity","AchievementEnabler","Aspiration","BaseMod","Better Altar","Better Match","Better Note","Better Silent Start","Better Skull","Better Third Choice","Colored Map","Colored Powertips","Conspire","Dio Mod","Downfall","Energized Spire","Hubris","Infinite Spire","Marisa????????","Minty Spire (QoL Compilation)","Prisma Mod","RNG Fix","Random Character Button","Random Character Mod","Reliquary","Remilia??????","StSLib","Steal the Spire","Td1madao Mod","The Alterego","The Animator","The Bug Knight","The Hierophant","The Mystic","The Poker Player","The Runesmith","The Servant 0.9.4","The Wild Card","TheHero"],"gold_per_floor":[131,131,147,174,205,205,223,223,223,253,269,312,312,312,312,312,312],"floor_reached":16,"language":"ENG","playtime":2357,"items_purged":[],"score":122,"play_id":"c602292a-0bbe-45f9-a13d-7d4c45daedd8","local_time":"20210216153211","is_ascension_mode":true,"campfire_choices":[{"floor":6,"key":"REST"},{"data":"animator:IchigoKurosaki","floor":8,"key":"SMITH"},{"floor":13,"key":"REST"},{"floor":15,"key":"REST"}],"circlet_count":0,"master_deck":["animator:Strike_Bleach","animator:Defend_Bleach","animator:Strike","animator:Strike","animator:Strike","animator:Defend","animator:Defend","animator:Defend","animator:RenjiArakai+1","animator:UryuuIshida","animator:RukiaKuchiki","animator:IkkakuMadarame","animator:Viivi","animator:IchigoKurosaki+1","animator:IsshinKurosaki","animator:Tetora","animator:Vanir","animator:Fredrika"],"relics":["animator:LivingPicture","animator:TheMissingPiece","animator:PurgingStone","reliquary:IridiumChain","Dream Catcher","reliquary:PartyBalloon"],"acts_visited":["Exordium"],"potions_floor_usage":[16,16],"damage_taken":[{"damage":3,"enemies":"conspire:RoseBush","floor":1,"turns":4},{"damage":7,"enemies":"2 Louse","floor":3,"turns":3},{"damage":8,"enemies":"Small Slimes","floor":4,"turns":4},{"damage":6,"enemies":"Exordium Wildlife","floor":5,"turns":2},{"damage":13,"enemies":"3 Louse","floor":7,"turns":3},{"damage":6,"enemies":"2 Fungi Beasts","floor":11,"turns":3},{"damage":26,"enemies":"3 Sentries","floor":12,"turns":7},{"damage":52,"enemies":"Hexaghost","floor":16,"turns":11}],"seed_played":"6170181554614325927","potions_obtained":[{"floor":3,"key":"SmokeBomb"},{"floor":7,"key":"Weak Potion"},{"floor":12,"key":"hexamod:SoulburnPotion"}],"is_trial":false,"path_per_floor":["M","?","M","M","M","R","M","R","T","?","M","E","R","?","R","B"],"character_chosen":"THE_ANIMATOR","items_purchased":[],"campfire_rested":3,"item_purchase_floors":[],"current_hp_per_floor":[69,69,63,55,49,70,58,58,58,58,52,26,49,24,46,0,0],"gold":312,"neow_bonus":"TEN_PERCENT_HP_BONUS","is_daily":false,"chose_seed":true,"campfire_upgraded":1,"win_rate":0.0,"timestamp":1613442731,"path_taken":["M","?","M","?","M","R","M","R","T","?","M","E","R","?","R","BOSS"],"items_purchased_type":[],"build_version":"2020-12-22","purchased_purges":0,"victory":false,"max_hp_per_floor":[72,72,73,73,73,73,74,74,74,74,74,74,75,75,75,75,75],"card_choices":[{"not_picked":["animator:Naotsugu","animator:IsshinKurosaki"],"picked":"animator:RukiaKuchiki","floor":1},{"not_picked":["animator:Hakurou","animator:Marielle"],"picked":"animator:IkkakuMadarame","floor":3},{"not_picked":["animator:RukiaKuchiki","animator:Hakurou"],"picked":"animator:Viivi","floor":4},{"not_picked":["animator:SajinKomamura","animator:YasutoraSado"],"picked":"animator:IchigoKurosaki","floor":5},{"not_picked":["animator:MayuriKurotsuchi","animator:Shuna"],"picked":"animator:IsshinKurosaki","floor":7},{"not_picked":["animator:Serara","animator:UryuuIshida"],"picked":"animator:Tetora","floor":11},{"not_picked":["animator:Mitsuba","animator:Chris"],"picked":"animator:Vanir","floor":12},{"not_picked":["animator:RenjiArakai","animator:Millim"],"picked":"animator:Fredrika","floor":13}],"player_experience":867055,"relics_obtained":[{"floor":12,"key":"Dream Catcher"}],"event_choices":[{"damage_healed":0,"gold_gain":30,"player_choice":"Searched \u00272\u0027 times","damage_taken":0,"relics_obtained":["reliquary:IridiumChain"],"max_hp_gain":0,"max_hp_loss":0,"event_name":"Dead Adventurer","floor":10,"gold_loss":0},{"damage_healed":0,"gold_gain":0,"player_choice":"Relic ","damage_taken":25,"max_hp_gain":0,"max_hp_loss":0,"event_name":"betterThird:BetterScrap","floor":14,"gold_loss":0,"cards_obtained":["Die Die Die"]}],"is_beta":false,"boss_relics":[],"items_purged_floors":[],"is_endless":false,"potions_floor_spawned":[3,7,12],"killed_by":"Hexaghost","ascension_level":4}}