{"host":"tf5skwcwe0vlu2md","time":1613478010,"event":{"mods":["BaseMod","Downfall","Highlight Path","Minty Spire (QoL Compilation)","Quick Restart","StSLib","The Hierophant"],"gold_per_floor":[110,125,136,136,148,188,188,188,188,188,208,208,237,279,279,386,445,465,485,512,512,532,532,532],"floor_reached":23,"playtime":879,"items_purged":[],"score":236,"play_id":"bb58ae0c-55fd-494e-9cd8-561b60a7c7a7","local_time":"20210216232010","is_ascension_mode":true,"campfire_choices":[{"floor":8,"key":"REST"},{"data":"Self Repair","floor":10,"key":"SMITH"},{"data":"Hyperbeam","floor":12,"key":"SMITH"},{"data":"Reprogram","floor":15,"key":"SMITH"}],"circlet_count":0,"master_deck":["Strike_B","Strike_B+1","Strike_B","Strike_B+1","Defend_B","Defend_B","Defend_B","Defend_B","Zap+1","Dualcast","Streamline","Streamline","Self Repair+1","Hyperbeam+1","Gash","Gash+1","Ball Lightning","Reprogram+1","Hyperbeam","Streamline","Gash","Rebound","Genetic Algorithm+1"],"relics":["Cracked Core","CeramicFish","Happy Flower","Singing Bowl","Tiny House"],"acts_visited":["Exordium","TheCity"],"potions_floor_usage":[6,6,14,16,19,19,20,20,22],"damage_taken":[{"damage":1,"enemies":"Cultist","floor":1,"turns":3},{"damage":12,"enemies":"Small Slimes","floor":2,"turns":3},{"damage":0,"enemies":"2 Louse","floor":3,"turns":3},{"damage":16,"enemies":"Blue Slaver","floor":5,"turns":3},{"damage":38,"enemies":"Gremlin Nob","floor":6,"turns":3},{"damage":16,"enemies":"Lots of Slimes","floor":11,"turns":3},{"damage":4,"enemies":"Red Slaver","floor":13,"turns":2},{"damage":20,"enemies":"Lagavulin","floor":14,"turns":5},{"damage":18,"enemies":"Slime Boss","floor":16,"turns":6},{"damage":12,"enemies":"Chosen","floor":18,"turns":3},{"damage":0,"enemies":"2 Thieves","floor":19,"turns":2},{"damage":36,"enemies":"Snecko","floor":20,"turns":5},{"damage":28,"enemies":"3 Cultists","floor":22,"turns":4},{"damage":42,"enemies":"Slavers","floor":23,"turns":2}],"seed_played":"2921101389561930158","potions_obtained":[{"floor":1,"key":"champ:CounterPotion"},{"floor":3,"key":"Fire Potion"},{"floor":13,"key":"Weak Potion"},{"floor":14,"key":"AttackPotion"},{"floor":16,"key":"Energy Potion"},{"floor":17,"key":"Fire Potion"},{"floor":18,"key":"Block Potion"},{"floor":19,"key":"Swift Potion"},{"floor":20,"key":"ColorlessPotion"}],"is_trial":false,"path_per_floor":["M","M","M","?","M","E","?","R","T","R","M","R","M","E","R","B",null,"M","M","M","?","M","E"],"character_chosen":"DEFECT","items_purchased":[],"campfire_rested":1,"item_purchase_floors":[],"current_hp_per_floor":[74,62,62,67,58,27,11,35,35,35,29,29,35,25,25,17,85,83,85,59,59,41,0,0],"gold":532,"neow_bonus":"UPGRADE_CARD","is_daily":false,"chose_seed":false,"campfire_upgraded":3,"win_rate":0.0,"timestamp":1613478010,"path_taken":["M","M","M","?","M","E","?","R","T","R","M","R","M","E","R","BOSS","M","M","M","?","M","E"],"items_purchased_type":[],"build_version":"2020-12-13","purchased_purges":0,"victory":false,"max_hp_per_floor":[75,75,75,80,80,80,80,80,80,80,80,80,80,80,80,80,85,85,87,87,87,87,87,87],"card_choices":[{"not_picked":["Force Field","Turbo"],"picked":"Streamline","floor":1},{"not_picked":["Coolheaded","Hologram"],"picked":"Streamline","floor":2},{"not_picked":["Streamline","Sweeping Beam"],"picked":"Self Repair","floor":3},{"not_picked":["Storm","Aggregate"],"picked":"Hyperbeam","floor":5},{"not_picked":["Blizzard","Barrage"],"picked":"Gash","floor":6},{"not_picked":["Stack","Conserve Battery"],"picked":"Gash","floor":11},{"not_picked":["Rip and Tear","Compile Driver"],"picked":"Ball Lightning","floor":13},{"not_picked":["Go for the Eyes","Biased Cognition"],"picked":"Reprogram","floor":14},{"not_picked":["Echo Form","All For One"],"picked":"Hyperbeam","floor":16},{"not_picked":["Steam","Stack"],"picked":"Streamline","floor":17},{"not_picked":["Auto Shields","Force Field"],"picked":"Gash","floor":18},{"not_picked":["Barrage","Sweeping Beam","Skim+1"],"picked":"Singing Bowl","floor":19},{"not_picked":["Hello World","Creative AI"],"picked":"Rebound","floor":20},{"not_picked":["Cold Snap","Redo+1"],"picked":"Genetic Algorithm+1","floor":22}],"player_experience":258565,"relics_obtained":[{"floor":6,"key":"CeramicFish"},{"floor":9,"key":"Happy Flower"},{"floor":14,"key":"Singing Bowl"}],"event_choices":[{"damage_healed":0,"gold_gain":0,"player_choice":"Donut","damage_taken":0,"max_hp_gain":5,"max_hp_loss":0,"event_name":"Big Fish","floor":4,"gold_loss":0},{"damage_healed":0,"gold_gain":0,"player_choice":"Entered Light","damage_taken":16,"max_hp_gain":0,"max_hp_loss":0,"event_name":"Shining Light","floor":7,"gold_loss":0,"cards_upgraded":["Strike_B","Strike_B"]}],"is_beta":false,"boss_relics":[{"not_picked":["Cursed Key","Velvet Choker"],"picked":"Tiny House"}],"items_purged_floors":[],"is_endless":false,"potions_floor_spawned":[1,3,13,14,16,18,19,20],"killed_by":"Slavers","ascension_level":3}}