{"host":"t1puqh5lxz8sp6fn","time":1613451393,"event":{"mods":["AchievementEnabler","BaseMod","Colored Powertips","Minty Spire (QoL Compilation)","Rare Cards Sparkle","Relic Stats","StSLib"],"gold_per_floor":[113,113,113,127,146,172,183,183,232,232,267,267,280,53,53,131,131,143,170,170,183,202,231,231,262,262,262,287,298,315,342,342,414,414,426,4,18,18,18,18,18,18,90,90,102,122,122,135,135,135,135],"floor_reached":50,"playtime":2147,"items_purged":["Defend_B"],"score":918,"play_id":"66629c80-0fdd-4def-b410-091b33b7971f","local_time":"20210216015633","is_ascension_mode":true,"campfire_choices":[{"data":"Ball Lightning","floor":8.0,"key":"SMITH"},{"data":"Loop","floor":12.0,"key":"SMITH"},{"data":"Cold Snap","floor":15.0,"key":"SMITH"},{"data":"Loop","floor":24.0,"key":"SMITH"},{"floor":27.0,"key":"REST"},{"floor":32.0,"key":"REST"},{"floor":40.0,"key":"RECALL"},{"data":"Recycle","floor":42.0,"key":"SMITH"},{"data":"Reinforced Body","floor":49,"key":"SMITH"}],"circlet_count":0,"master_deck":["AscendersBane","Strike_B+1","Strike_B+1","Defend_B+1","Defend_B+1","Zap+1","Dualcast+1","Ball Lightning+1","Cold Snap+1","Reinforced Body+1","Loop+1","Steam+1","Compile Driver+1","Hologram+1","Core Surge+1","Chill+1","FTL+1","Loop+1","Turbo+1","Storm+1","Static Discharge+1","Recycle+1","Machine Learning+1","Coolheaded+1","Consume+1","Panache+1","Defragment+1","Reinforced Body+1","Static Discharge+1","White Noise+1"],"relics":["Cracked Core","Tiny Chest","Meat on the Bone","DataDisk","Prayer Wheel","Anchor","Toolbox","Inserter","Red Mask","Vajra","Ginger","Frozen Egg 2","Oddly Smooth Stone","Calipers","Empty Cage","Chemical X","Pear","Mark of the Bloom","Kunai"],"acts_visited":["Exordium","TheCity","TheBeyond"],"potions_floor_usage":[50,50],"damage_taken":[{"damage":3.0,"enemies":"Small Slimes","floor":1.0,"turns":3.0},{"damage":0.0,"enemies":"2 Louse","floor":4.0,"turns":2.0},{"damage":0.0,"enemies":"Cultist","floor":5.0,"turns":2.0},{"damage":13.0,"enemies":"3 Sentries","floor":6.0,"turns":7.0},{"damage":6.0,"enemies":"Red Slaver","floor":7.0,"turns":3.0},{"damage":8.0,"enemies":"Lagavulin","floor":11.0,"turns":6.0},{"damage":2.0,"enemies":"Looter","floor":13.0,"turns":3.0},{"damage":5.0,"enemies":"Hexaghost","floor":16.0,"turns":9.0},{"damage":0.0,"enemies":"Chosen","floor":18.0,"turns":3.0},{"damage":18.0,"enemies":"Masked Bandits","floor":19.0,"turns":5.0},{"damage":11.0,"enemies":"2 Thieves","floor":21.0,"turns":4.0},{"damage":12.0,"enemies":"Shelled Parasite and Fungi","floor":22.0,"turns":5.0},{"damage":11.0,"enemies":"Gremlin Leader","floor":23.0,"turns":10.0},{"damage":32.0,"enemies":"Slavers","floor":25.0,"turns":4.0},{"damage":0.0,"enemies":"Centurion and Healer","floor":29.0,"turns":6.0},{"damage":6.0,"enemies":"Snake Plant","floor":30.0,"turns":3.0},{"damage":30.0,"enemies":"Gremlin Leader","floor":31.0,"turns":5.0},{"damage":22.0,"enemies":"Collector","floor":33.0,"turns":9.0},{"damage":19.0,"enemies":"3 Darklings","floor":35.0,"turns":7.0},{"damage":13.0,"enemies":"Orb Walker","floor":37.0,"turns":3.0},{"damage":11,"enemies":"Writhing Mass","floor":45,"turns":5},{"damage":11,"enemies":"Transient","floor":46,"turns":5},{"damage":9,"enemies":"3 Darklings","floor":48,"turns":4},{"damage":34,"enemies":"Donu and Deca","floor":50,"turns":4}],"seed_played":"-7819524873336527743","potions_obtained":[{"floor":1.0,"key":"SkillPotion"},{"floor":4.0,"key":"Strength Potion"},{"floor":6.0,"key":"Dexterity Potion"},{"floor":16.0,"key":"SkillPotion"},{"floor":18.0,"key":"SpeedPotion"},{"floor":22.0,"key":"BlessingOfTheForge"},{"floor":29.0,"key":"SneckoOil"},{"floor":30.0,"key":"EntropicBrew"},{"floor":33.0,"key":"DuplicationPotion"},{"floor":48,"key":"DistilledChaos"}],"is_trial":false,"path_per_floor":["M","?","?","M","M","E","M","R","T","T","E","R","M","$","R","B",null,"M","?","?","M","M","E","R","E","T","R","T","M","M","E","R","B",null,"M","$","M","?","$","R","T","R","T","?","M","M","T","M","R","B"],"character_chosen":"DEFECT","items_purchased":["Toolbox","Chemical X","Regen Potion","Panache+1"],"campfire_rested":2,"item_purchase_floors":[14,36,36,36],"current_hp_per_floor":[61,61,61,61,61,48,42,42,42,42,46,46,44,44,44,39,63,63,45,45,46,46,47,47,27,27,48,48,48,42,24,45,35,62,43,43,42,42,42,42,42,42,52,52,41,30,30,21,21,0,0],"gold":135,"neow_bonus":"RANDOM_COMMON_RELIC","is_daily":false,"chose_seed":false,"campfire_upgraded":6,"win_rate":0.0,"timestamp":1613451393,"path_taken":["M","?","?","M","?","E","M","R","T","?","E","R","M","$","R","BOSS","M","?","?","?","M","E","R","E","T","R","?","M","?","E","R","BOSS","M","$","M","?","?","R","?","R","T","?","?","?","?","M","R","BOSS"],"items_purchased_type":["Relic","Relic","Potion","Card"],"build_version":"2020-12-13","purchased_purges":1,"victory":false,"max_hp_per_floor":[71,71,71,71,71,71,71,71,71,71,71,71,71,71,71,71,71,71,71,71,71,71,71,71,71,71,71,71,71,71,71,71,71,71,71,71,71,71,71,71,71,71,81,81,81,81,81,81,81,81,81],"relic_stats":{"Mark of the Bloom":38,"Inserter":[41],"counters":[24,114],"Tiny Chest":4,"Prayer Wheel":11,"Ginger":[5],"Chemical X":[7],"Kunai":[1],"obtain_stats":[{"Mark of the Bloom":44,"Inserter":17,"Calipers":31,"Pear":43,"Vajra":23,"Oddly Smooth Stone":28,"Ginger":25,"Frozen Egg 2":26,"Empty Cage":34,"DataDisk":9,"Anchor":11,"Toolbox":14,"Tiny Chest":0,"Prayer Wheel":10,"Red Mask":19,"Chemical X":36,"Kunai":47,"Cracked Core":0,"Meat on the Bone":6},{"Mark of the Bloom":20,"Inserter":8,"Calipers":17,"Pear":20,"Vajra":13,"Oddly Smooth Stone":14,"Ginger":14,"Frozen Egg 2":14,"Empty Cage":18,"DataDisk":5,"Anchor":6,"Toolbox":7,"Tiny Chest":0,"Prayer Wheel":5,"Red Mask":10,"Chemical X":19,"Kunai":22,"Cracked Core":0,"Meat on the Bone":4},{"Mark of the Bloom":97,"Inserter":34,"Calipers":78,"Pear":97,"Vajra":61,"Oddly Smooth Stone":65,"Ginger":65,"Frozen Egg 2":65,"Empty Cage":87,"DataDisk":17,"Anchor":22,"Toolbox":25,"Tiny Chest":0,"Prayer Wheel":17,"Red Mask":42,"Chemical X":94,"Kunai":106,"Cracked Core":0,"Meat on the Bone":14}],"Meat on the Bone":96},"card_choices":[{"not_picked":["Rip and Tear","Compile Driver"],"picked":"Ball Lightning","floor":1.0},{"not_picked":["Hologram","Barrage"],"picked":"Cold Snap","floor":4.0},{"not_picked":["Sweeping Beam","Streamline"],"picked":"Reinforced Body","floor":5.0},{"not_picked":["Recycle","Gash"],"picked":"Loop","floor":6.0},{"not_picked":["Redo","Hyperbeam"],"picked":"Steam","floor":7.0},{"not_picked":["Reinforced Body","Hello World"],"picked":"Compile Driver","floor":11.0},{"not_picked":["Cold Snap","Steam"],"picked":"Hologram","floor":13.0},{"not_picked":["Steam","Auto Shields","Cold Snap"],"picked":"SKIP","floor":13.0},{"not_picked":["Thunder Strike","Reboot"],"picked":"Core Surge","floor":16.0},{"not_picked":["Beam Cell","Streamline"],"picked":"Chill","floor":18.0},{"not_picked":["Streamline+1","Self Repair","Leap+1"],"picked":"SKIP","floor":18.0},{"not_picked":["Lockon","Steam"],"picked":"FTL","floor":19.0},{"not_picked":["Coolheaded","Streamline","Redo"],"picked":"SKIP","floor":21.0},{"not_picked":["Scrape","Hyperbeam","Storm+1"],"picked":"SKIP","floor":21.0},{"not_picked":["Go for the Eyes","Compile Driver"],"picked":"Loop","floor":22.0},{"not_picked":["Go for the Eyes","Ball Lightning","Steam"],"picked":"SKIP","floor":22.0},{"not_picked":["Conserve Battery","Melter","Sunder+1"],"picked":"SKIP","floor":23.0},{"not_picked":["Go for the Eyes","Redo"],"picked":"Turbo","floor":25.0},{"not_picked":["All For One","Fusion"],"picked":"Storm+1","floor":29.0},{"not_picked":["Static Discharge+1","Stack+1","Hologram"],"picked":"SKIP","floor":29.0},{"not_picked":["Stack+1","Hologram"],"picked":"Static Discharge+1","floor":29.0},{"not_picked":["Compile Driver","Conserve Battery","Go for the Eyes"],"picked":"SKIP","floor":30.0},{"not_picked":["Reprogram","Leap","Turbo"],"picked":"SKIP","floor":30.0},{"not_picked":["Auto Shields+1","Leap"],"picked":"Recycle","floor":31.0},{"not_picked":["Core Surge","Rainbow"],"picked":"Machine Learning+1","floor":33.0},{"not_picked":["Gash","Cold Snap"],"picked":"Coolheaded+1","floor":35.0},{"not_picked":["Leap","Coolheaded"],"picked":"Consume","floor":35.0},{"not_picked":["Double Energy","Beam Cell+1"],"picked":"Defragment+1","floor":37.0},{"not_picked":["Darkness","Cold Snap","Beam Cell"],"picked":"SKIP","floor":37.0},{"not_picked":["Amplify","Hologram"],"picked":"Reinforced Body","floor":45},{"not_picked":["Sweeping Beam","Turbo","Go for the Eyes"],"picked":"SKIP","floor":45},{"not_picked":["Redo","Compile Driver+1"],"picked":"Static Discharge+1","floor":46},{"not_picked":["Beam Cell","Go for the Eyes","Barrage"],"picked":"SKIP","floor":46},{"not_picked":["Storm+1","Scrape"],"picked":"White Noise+1","floor":48},{"not_picked":["Cold Snap+1","Conserve Battery","Compile Driver"],"picked":"SKIP","floor":48}],"player_experience":532390,"relics_obtained":[{"floor":6.0,"key":"Meat on the Bone"},{"floor":9.0,"key":"DataDisk"},{"floor":10.0,"key":"Prayer Wheel"},{"floor":11.0,"key":"Anchor"},{"floor":19.0,"key":"Red Mask"},{"floor":23.0,"key":"Vajra"},{"floor":25.0,"key":"Ginger"},{"floor":26.0,"key":"Frozen Egg 2"},{"floor":28.0,"key":"Oddly Smooth Stone"},{"floor":31.0,"key":"Calipers"},{"floor":43.0,"key":"Pear"},{"floor":47,"key":"Kunai"}],"event_choices":[{"damage_healed":0.0,"max_hp_gain":0.0,"max_hp_loss":0.0,"gold_gain":0.0,"event_name":"The Cleric","player_choice":"Leave","floor":2.0,"gold_loss":0.0,"damage_taken":0.0},{"cards_removed":["Strike_B"],"damage_healed":0.0,"max_hp_gain":0.0,"max_hp_loss":0.0,"gold_gain":0.0,"event_name":"Bonfire Elementals","player_choice":"Offered Basic","floor":3.0,"gold_loss":0.0,"damage_taken":0.0},{"damage_healed":0.0,"max_hp_gain":0.0,"max_hp_loss":0.0,"gold_gain":0.0,"event_name":"Masked Bandits","player_choice":"Fought Bandits","floor":19.0,"gold_loss":0.0,"damage_taken":0.0},{"damage_healed":0.0,"max_hp_gain":0.0,"max_hp_loss":0.0,"gold_gain":0.0,"event_name":"Accursed Blacksmith","player_choice":"Forge","floor":20.0,"gold_loss":0.0,"damage_taken":0.0,"cards_upgraded":["Hologram"]},{"damage_healed":0.0,"max_hp_gain":0.0,"max_hp_loss":0.0,"gold_gain":0.0,"event_name":"Tomb of Lord Red Mask","player_choice":"Ignored","floor":38.0,"gold_loss":0.0,"damage_taken":0.0},{"damage_healed":0.0,"max_hp_gain":0.0,"max_hp_loss":0.0,"gold_gain":0.0,"event_name":"MindBloom","player_choice":"Upgrade","floor":44.0,"gold_loss":0.0,"damage_taken":0.0,"cards_upgraded":["Strike_B","Strike_B","Defend_B","Defend_B","Zap","Dualcast","Reinforced Body","Steam","Compile Driver","Core Surge","Chill","FTL","Turbo","Consume"],"relics_obtained":["Mark of the Bloom"]}],"is_beta":false,"boss_relics":[{"not_picked":["Runic Dome","Cursed Key"],"picked":"Inserter"},{"not_picked":["Philosopher\u0027s Stone","Snecko Eye"],"picked":"Empty Cage"}],"items_purged_floors":[14],"is_endless":false,"potions_floor_spawned":[1,4,6,16,18,22,29,30,33,45,48],"killed_by":"Donu and Deca","ascension_level":15}}