{"host":"8rqsnaeml9gxb0kp","time":1613437155,"event":{"mods":["AchievementEnabler","BaseMod","Colored Powertips","Dark Map","Minty Spire (QoL Compilation)","Rare Cards Sparkle","Relic Stats","StSLib","slay the spire mod where everything is the same but ironclad has a cowboy hat"],"gold_per_floor":[18,18,30,42,62,62,89,89,89,106,174,199,214,249,249,323,323,335,335,175,185,203,203,203],"floor_reached":23,"language":"ENG","playtime":1181,"items_purged":[],"score":464,"play_id":"1358d6b8-f8f1-4a1f-bdde-1f25c1408e11","local_time":"20210215165915","is_ascension_mode":true,"campfire_choices":[{"data":"Bludgeon","floor":6.0,"key":"SMITH"},{"data":"Double Tap","floor":8.0,"key":"SMITH"},{"floor":15.0,"key":"REST"}],"circlet_count":0,"master_deck":["AscendersBane","Strike_R","Strike_R","Strike_R","Strike_R","Strike_R","Defend_R","Defend_R","Defend_R","Bash","True Grit","Barricade","Armaments","Bludgeon+1","Cleave","Double Tap+1","Flame Barrier","Shrug It Off","Shrug It Off","Reaper","Bludgeon+1","Bludgeon+1","Intimidate+1"],"relics":["Burning Blood","Turnip","Blue Candle","Pantograph","Sundial","Darkstone Periapt","Paper Frog","Cursed Key","DollysMirror"],"acts_visited":["Exordium","TheCity"],"potions_floor_usage":[],"damage_taken":[{"damage":9.0,"enemies":"Jaw Worm","floor":1.0,"turns":5.0},{"damage":1.0,"enemies":"Cultist","floor":3.0,"turns":4.0},{"damage":0.0,"enemies":"Small Slimes","floor":4.0,"turns":5.0},{"damage":11.0,"enemies":"Blue Slaver","floor":5.0,"turns":4.0},{"damage":24.0,"enemies":"Lagavulin","floor":7.0,"turns":7.0},{"damage":10.0,"enemies":"2 Fungi Beasts","floor":10.0,"turns":3.0},{"damage":43.0,"enemies":"3 Sentries","floor":12.0,"turns":9.0},{"damage":5.0,"enemies":"Gremlin Gang","floor":13.0,"turns":5.0},{"damage":0.0,"enemies":"Gremlin Nob","floor":14.0,"turns":2.0},{"damage":54.0,"enemies":"The Guardian","floor":16.0,"turns":18.0},{"damage":19.0,"enemies":"Spheric Guardian","floor":18.0,"turns":7.0},{"damage":14,"enemies":"2 Thieves","floor":21,"turns":3},{"damage":35,"enemies":"Snecko","floor":22,"turns":5},{"damage":44,"enemies":"Book of Stabbing","floor":23,"turns":5}],"seed_played":"-8916335032666474345","potions_obtained":[{"floor":3.0,"key":"SkillPotion"},{"floor":7.0,"key":"FairyPotion"},{"floor":12.0,"key":"SkillPotion"},{"floor":13.0,"key":"DuplicationPotion"},{"floor":22,"key":"Fire Potion"}],"is_trial":false,"path_per_floor":["M","?","M","M","M","R","E","R","T","M","T","E","M","E","R","B",null,"M","?","$","M","M","E"],"character_chosen":"IRONCLAD","items_purchased":["DollysMirror"],"campfire_rested":1,"item_purchase_floors":[20],"current_hp_per_floor":[65,65,70,75,70,70,52,52,52,48,48,11,12,18,40,17,61,48,48,48,44,15,0,0],"gold":203,"neow_bonus":"ONE_RARE_RELIC","is_daily":false,"chose_seed":false,"campfire_upgraded":2,"win_rate":0.0,"timestamp":1613437155,"path_taken":["M","?","M","M","?","R","E","R","T","M","?","E","M","E","R","BOSS","M","?","$","M","M","E"],"items_purchased_type":["Relic"],"build_version":"2020-12-22","purchased_purges":0,"victory":false,"max_hp_per_floor":[75,75,75,75,75,75,75,75,75,75,75,75,75,75,75,75,75,75,75,75,75,75,75,75],"relic_stats":{"Darkstone Periapt":0,"counters":[14,82],"Sundial":[8],"Blue Candle":[0],"Pantograph":25,"Turnip":[10],"Cursed Key":0,"obtain_stats":[{"Darkstone Periapt":12,"Sundial":11,"DollysMirror":20,"Blue Candle":7,"Pantograph":9,"Turnip":0,"Cursed Key":17,"Burning Blood":0,"Paper Frog":14},{"Darkstone Periapt":7,"Sundial":6,"DollysMirror":11,"Blue Candle":5,"Pantograph":5,"Turnip":0,"Cursed Key":10,"Burning Blood":0,"Paper Frog":9},{"Darkstone Periapt":37,"Sundial":28,"DollysMirror":69,"Blue Candle":25,"Pantograph":25,"Turnip":0,"Cursed Key":62,"Burning Blood":0,"Paper Frog":44}],"Burning Blood":77},"card_choices":[{"not_picked":["Armaments","Havoc"],"picked":"True Grit","floor":1.0},{"not_picked":["Intimidate","Flex"],"picked":"Armaments","floor":3.0},{"not_picked":["Clash","Infernal Blade"],"picked":"Bludgeon","floor":4.0},{"not_picked":["Twin Strike","Havoc"],"picked":"Cleave","floor":5.0},{"not_picked":["True Grit","Anger"],"picked":"Double Tap","floor":7.0},{"not_picked":["Cleave","Sword Boomerang","Wild Strike"],"picked":"SKIP","floor":10.0},{"not_picked":["Sentinel","Headbutt"],"picked":"Flame Barrier","floor":12.0},{"not_picked":["Heavy Blade","Pommel Strike"],"picked":"Shrug It Off","floor":13.0},{"not_picked":["Armaments","Thunderclap"],"picked":"Shrug It Off","floor":14.0},{"not_picked":["Impervious","Double Tap"],"picked":"Reaper","floor":16.0},{"not_picked":["Clash","Blood for Blood","Uppercut"],"picked":"SKIP","floor":18.0},{"not_picked":["Heavy Blade","Sever Soul+1"],"picked":"Intimidate+1","floor":21},{"not_picked":["Blood for Blood","Carnage","Sever Soul"],"picked":"SKIP","floor":22}],"player_experience":248435,"relics_obtained":[{"floor":7.0,"key":"Blue Candle"},{"floor":9.0,"key":"Pantograph"},{"floor":11.0,"key":"Sundial"},{"floor":12.0,"key":"Darkstone Periapt"},{"floor":14.0,"key":"Paper Frog"}],"event_choices":[{"damage_healed":0.0,"max_hp_gain":0.0,"max_hp_loss":0.0,"gold_gain":0.0,"cards_transformed":["Defend_R"],"event_name":"Transmorgrifier","player_choice":"Transformed","floor":2.0,"gold_loss":0.0,"damage_taken":0.0,"cards_obtained":["Barricade"]},{"damage_healed":0.0,"max_hp_gain":0.0,"max_hp_loss":0.0,"gold_gain":0.0,"event_name":"Duplicator","player_choice":"Copied","floor":19.0,"gold_loss":0.0,"damage_taken":0.0,"cards_obtained":["Bludgeon"]}],"is_beta":false,"boss_relics":[{"not_picked":["Philosopher\u0027s Stone","Runic Pyramid"],"picked":"Cursed Key"}],"items_purged_floors":[],"is_endless":false,"potions_floor_spawned":[3,7,12,13,22],"killed_by":"Book of Stabbing","ascension_level":19}}