{"host":"j4g6ia6asvpyu2b0","time":1613477282,"event":{"mods":["BaseMod","Colored Map","Infinite Spire","Minty Spire (QoL Compilation)","Permanent Neow","Quick Restart","Relic Stats","StSLib","Unceasing Turn Reminder"],"gold_per_floor":[15,27,38,57,57,83,103,103,103,103,114,140,140,140,140,242,242,255,143,153,153,252,277,27,61,85,85,85,110,126,140,140,243,243,263,263,275,290,303,331,151,163,163,163,190,190,201,218,218,218,218],"floor_reached":50,"language":"ENG","playtime":2155,"items_purged":["Strike_G","Strike_G"],"score":791,"play_id":"2977ae24-745b-4d07-8a0e-0dc403f5594b","local_time":"20210216050802","is_ascension_mode":true,"campfire_choices":[{"data":"Deadly Poison","floor":8,"key":"SMITH"},{"data":"Catalyst","floor":10,"key":"SMITH"},{"data":"After Image","floor":13,"key":"SMITH"},{"data":"Bouncing Flask","floor":15,"key":"SMITH"},{"floor":28,"key":"REST"},{"data":"Catalyst","floor":32,"key":"SMITH"},{"data":"infinitespire:FutureSight","floor":44,"key":"SMITH"},{"floor":49,"key":"RECALL"}],"circlet_count":0,"master_deck":["Survivor","Neutralize","After Image+1","Cloak And Dagger","Catalyst+1","Bouncing Flask+1","Deadly Poison+1","Bullet Time","Reflex","Quick Slash","Quick Slash","Well Laid Plans+1","Corpse Explosion","Flying Knee","Blur","Catalyst+1","Leg Sweep","Prepared","Footwork+1","Discovery","Acrobatics","Dagger Throw+1","infinitespire:FutureSight+1","Backflip","Noxious Fumes+1","Deadly Poison+1","A Thousand Cuts+1","Unload+1","Dash+1","Dagger Throw+1","Malaise","Skewer+1","Deadly Poison","Terror","PiercingWail+1","Acrobatics","Bouncing Flask+1","Dagger Throw+1","Backflip+1","Footwork+1","Tactician","Acrobatics","Crippling Poison+1","Escape Plan","Die Die Die+1","Accuracy+1","Acrobatics+1"],"relics":["Ring of the Snake","Mercury Hourglass","Frozen Egg 2","infinitespire:FocusingShard","Black Star","Strawberry","Potion Belt","Molten Egg 2","Oddly Smooth Stone","Omamori","Sozu","Mummified Hand","MealTicket","Pandora\u0027s Box","Letter Opener","Snake Skull","Lantern","Smiling Mask"],"acts_visited":["Exordium","TheCity","TheBeyond"],"potions_floor_usage":[6,18,23,25],"damage_taken":[{"damage":1.0,"enemies":"Small Slimes","floor":1.0,"turns":4.0},{"damage":0.0,"enemies":"Cultist","floor":2.0,"turns":4.0},{"damage":3.0,"enemies":"2 Louse","floor":3.0,"turns":3.0},{"damage":2.0,"enemies":"Exordium Wildlife","floor":4.0,"turns":3.0},{"damage":9,"enemies":"3 Sentries","floor":6,"turns":13},{"damage":11,"enemies":"Gremlin Gang","floor":7,"turns":5},{"damage":0,"enemies":"Looter","floor":11,"turns":3},{"damage":7,"enemies":"Gremlin Nob","floor":12,"turns":3},{"damage":0,"enemies":"The Guardian","floor":16,"turns":6},{"damage":0,"enemies":"3 Byrds","floor":18,"turns":2},{"damage":1,"enemies":"Chosen","floor":20,"turns":6},{"damage":23,"enemies":"Slavers","floor":23,"turns":4},{"damage":29,"enemies":"Gremlin Leader","floor":25,"turns":9},{"damage":0,"enemies":"Nightmare","floor":29,"turns":7},{"damage":0,"enemies":"3 Cultists","floor":30,"turns":3},{"damage":0,"enemies":"Chosen and Byrds","floor":31,"turns":4},{"damage":16,"enemies":"Automaton","floor":33,"turns":4},{"damage":13,"enemies":"3 Darklings","floor":35,"turns":3},{"damage":0,"enemies":"Orb Walker","floor":37,"turns":3},{"damage":0,"enemies":"Spire Growth","floor":38,"turns":3},{"damage":0,"enemies":"Maw","floor":39,"turns":4},{"damage":31,"enemies":"Nightmare","floor":40,"turns":5},{"damage":0,"enemies":"Sphere and 2 Shapes","floor":42,"turns":2},{"damage":26,"enemies":"Reptomancer","floor":45,"turns":5},{"damage":9,"enemies":"Writhing Mass","floor":47,"turns":4},{"damage":0,"enemies":"Transient","floor":48,"turns":5},{"damage":20,"enemies":"Awakened One","floor":50,"turns":12}],"seed_played":"-4271462052265077951","potions_obtained":[{"floor":2.0,"key":"Swift Potion"},{"floor":6,"key":"Weak Potion"},{"floor":11,"key":"Dexterity Potion"},{"floor":14,"key":"Energy Potion"},{"floor":14,"key":"infinitespire:BlackPotion"},{"floor":20,"key":"Weak Potion"}],"is_trial":false,"path_per_floor":["M","M","M","M","?","E","M","R","T","R","M","E","R","?","R","B",null,"M","$","M","?","?","E","$","E","T","AVR","R","NM","M","M","R","B",null,"M","AVR","M","M","M","NM","$","M","T","R","E","?","M","M","R","B"],"character_chosen":"THE_SILENT","items_purchased":["Blur","Catalyst","Footwork+1","Discovery","Acrobatics","Footwork+1","Tactician","Acrobatics"],"campfire_rested":1,"item_purchase_floors":[19,19,24,24,24,41,41,41],"current_hp_per_floor":[69,69,66,64,64,55,44,44,44,44,44,37,37,37,37,37,70,70,70,69,56,56,40,40,11,11,11,35,35,35,35,35,19,82,69,69,69,69,69,38,53,53,53,53,27,27,18,18,18,0,0],"gold":218,"neow_bonus":"THREE_RARE_CARDS","is_daily":false,"chose_seed":false,"campfire_upgraded":6,"win_rate":0.0,"timestamp":1613477282,"path_taken":["M","M","M","M","?","E","M","R","T","R","?","E","R","?","R","BOSS","M","?","M","?","?","E","$","E","T","AVR","R","NM","M","M","R","BOSS","M","AVR","M","M","M","NM","$","M","T","R","E","?","M","M","R","BOSS"],"items_purchased_type":["Card","Card","Card","Card","Card","Card","Card","Card"],"build_version":"2020-12-22","purchased_purges":2,"victory":false,"max_hp_per_floor":[70,70,70,70,70,70,70,70,70,70,70,70,70,70,70,70,70,70,70,70,75,75,82,82,82,82,82,82,82,82,82,82,82,82,82,82,82,82,82,82,82,82,82,82,82,82,82,82,82,82,82],"relic_stats":{"Sozu":7,"counters":[27,129],"Mummified Hand":[53],"MealTicket":15,"Pandora\u0027s Box":["A Thousand Cuts","Unload","Dash","Dagger Throw","Malaise","Skewer","Deadly Poison","Terror"],"Snake Skull":[64],"Black Star":5,"Letter Opener":[125],"Smiling Mask":0,"obtain_stats":[{"Potion Belt":23,"Lantern":45,"Oddly Smooth Stone":25,"infinitespire:FocusingShard":12,"Snake Skull":40,"Omamori":26,"Letter Opener":40,"Frozen Egg 2":9,"Smiling Mask":45,"Mercury Hourglass":6,"Sozu":27,"Mummified Hand":29,"Strawberry":23,"Molten Egg 2":25,"MealTicket":29,"Pandora\u0027s Box":34,"Black Star":17,"Ring of the Snake":0},{"Potion Belt":12,"Lantern":24,"Oddly Smooth Stone":13,"infinitespire:FocusingShard":8,"Snake Skull":22,"Omamori":13,"Letter Opener":22,"Frozen Egg 2":6,"Smiling Mask":24,"Mercury Hourglass":5,"Sozu":13,"Mummified Hand":14,"Strawberry":12,"Molten Egg 2":13,"MealTicket":14,"Pandora\u0027s Box":17,"Black Star":9,"Ring of the Snake":0},{"Potion Belt":56,"Lantern":108,"Oddly Smooth Stone":65,"infinitespire:FocusingShard":38,"Snake Skull":101,"Omamori":65,"Letter Opener":101,"Frozen Egg 2":32,"Smiling Mask":108,"Mercury Hourglass":27,"Sozu":65,"Mummified Hand":72,"Strawberry":56,"Molten Egg 2":65,"MealTicket":72,"Pandora\u0027s Box":83,"Black Star":44,"Ring of the Snake":0}],"Ring of the Snake":[54],"Mercury Hourglass":[452]},"card_choices":[{"not_picked":["Doppelganger","A Thousand Cuts"],"picked":"After Image","floor":0.0},{"not_picked":["Outmaneuver","Prepared"],"picked":"Cloak And Dagger","floor":1.0},{"not_picked":["Deflect","Bane"],"picked":"Catalyst","floor":2.0},{"not_picked":["All Out Attack","Bane"],"picked":"Bouncing Flask","floor":3.0},{"not_picked":["Calculated Gamble","Acrobatics"],"picked":"Deadly Poison","floor":4.0},{"not_picked":["Outmaneuver","Prepared"],"picked":"Reflex","floor":6},{"not_picked":["Slice","Sucker Punch"],"picked":"Quick Slash","floor":7},{"not_picked":["Flechettes","Tactician"],"picked":"Quick Slash","floor":11},{"not_picked":["Dagger Spray","Slice"],"picked":"Well Laid Plans+1","floor":12},{"not_picked":["Phantasmal Killer","Malaise"],"picked":"Corpse Explosion","floor":16},{"not_picked":["Deflect","Poisoned Stab"],"picked":"Flying Knee","floor":18},{"not_picked":["Calculated Gamble","Underhanded Strike"],"picked":"Leg Sweep","floor":20},{"not_picked":["Choke+1","Deflect"],"picked":"Prepared","floor":23},{"not_picked":["Bane+1","Infinite Blades+1"],"picked":"Dagger Throw+1","floor":25},{"not_picked":["Dodge and Roll+1","Escape Plan"],"picked":"Backflip","floor":29},{"not_picked":["Poisoned Stab+1","Terror"],"picked":"Noxious Fumes+1","floor":30},{"not_picked":["Acrobatics+1","Infinite Blades+1"],"picked":"Deadly Poison+1","floor":31},{"not_picked":["Predator+1","Quick Slash+1"],"picked":"PiercingWail+1","floor":35},{"not_picked":["Flying Knee+1","Prepared"],"picked":"Acrobatics","floor":37},{"not_picked":["Setup+1","Dagger Throw+1"],"picked":"Bouncing Flask+1","floor":38},{"not_picked":["Riddle With Holes+1","Masterful Stab+1"],"picked":"Dagger Throw+1","floor":39},{"not_picked":["Poisoned Stab+1","Finisher+1"],"picked":"Backflip+1","floor":40},{"not_picked":["Acrobatics","Flechettes+1"],"picked":"Crippling Poison+1","floor":42},{"not_picked":["Leg Sweep","Distraction"],"picked":"Escape Plan","floor":45},{"not_picked":["Bane+1","Sucker Punch+1"],"picked":"Accuracy+1","floor":47},{"not_picked":["Predator+1","Outmaneuver+1"],"picked":"Acrobatics+1","floor":48}],"player_experience":1252203,"relics_obtained":[{"floor":6,"key":"Mercury Hourglass"},{"floor":9,"key":"Frozen Egg 2"},{"floor":12,"key":"infinitespire:FocusingShard"},{"floor":23,"key":"Strawberry"},{"floor":23,"key":"Potion Belt"},{"floor":25,"key":"Molten Egg 2"},{"floor":25,"key":"Oddly Smooth Stone"},{"floor":26,"key":"Omamori"},{"floor":29,"key":"Mummified Hand"},{"floor":29,"key":"MealTicket"},{"floor":40,"key":"Letter Opener"},{"floor":40,"key":"Snake Skull"},{"floor":45,"key":"Lantern"},{"floor":45,"key":"Smiling Mask"}],"event_choices":[{"damage_healed":0.0,"max_hp_gain":0.0,"max_hp_loss":0.0,"gold_gain":0.0,"event_name":"Match and Keep!","player_choice":"1 cards matched","floor":5.0,"gold_loss":0.0,"damage_taken":0.0,"cards_obtained":["Bullet Time"]},{"damage_healed":0,"gold_gain":0,"player_choice":"Got Potions","damage_taken":0,"max_hp_gain":0,"max_hp_loss":0,"event_name":"Lab","floor":14,"gold_loss":0},{"damage_healed":0,"gold_gain":0,"player_choice":"Shed Blood","damage_taken":18,"max_hp_gain":5,"max_hp_loss":0,"event_name":"Forgotten Altar","floor":21,"gold_loss":0},{"damage_healed":0,"gold_gain":99,"player_choice":"Stole From Cult","damage_taken":0,"max_hp_gain":0,"max_hp_loss":0,"event_name":"Nest","floor":22,"gold_loss":0},{"damage_healed":0,"gold_gain":0,"player_choice":"1 cards matched","damage_taken":0,"max_hp_gain":0,"max_hp_loss":0,"event_name":"Match and Keep!","floor":46,"gold_loss":0,"cards_obtained":["Die Die Die"]}],"is_beta":false,"boss_relics":[{"not_picked":["Ring of the Serpent","Empty Cage"],"picked":"Black Star"},{"not_picked":["SacredBark","Velvet Choker"],"picked":"Pandora\u0027s Box"}],"items_purged_floors":[24,27],"is_endless":false,"potions_floor_spawned":[2,6,11,16,20,30,31,35,37,38,42,47],"killed_by":"Awakened One","ascension_level":2}}