{"host":"kdt6w7ix8lwe69i9","time":1613497043,"event":{"mods":["100% Spire Juice","BaseMod","ChefMod","Evolution","Koishi","Minty Spire (QoL Compilation)","Poor People Problems","Reimu（博丽灵梦）","Robot Space Explorer","Shade Mod","Shapeshifter Mod","StSLib","The Druid","The Gatherer","The Poker Player","The Servant 0.9.4","TheSurvivalist"],"gold_per_floor":[118,118,136,8,8,8,36,54,54,54,68,84,84,102,102,194,194,208,307,321,321,93,93,119,39,110,110,107,107],"floor_reached":28,"language":"ENG","playtime":1849,"items_purged":[],"score":236,"play_id":"f32c1584-46ee-4cfe-880e-f116bfd10f63","local_time":"20210216123723","is_ascension_mode":false,"campfire_choices":[{"data":"StSShapeShifter:Ensconce","floor":6,"key":"SMITH"},{"data":"StSShapeShifter:VineHandcuffs","floor":13,"key":"SMITH"},{"data":"StSShapeShifter:Rabid","floor":15,"key":"SMITH"},{"floor":23,"key":"REST"}],"circlet_count":0,"master_deck":["StSShapeShifter:RockSlide","StSShapeShifter:ShapeShifter_Strike","StSShapeShifter:ShapeShifter_Strike","StSShapeShifter:ShapeShifter_Strike","StSShapeShifter:ShapeShifter_Strike","StSShapeShifter:ShapeShifter_Defend","StSShapeShifter:ShapeShifter_Defend","StSShapeShifter:ShapeShifter_Defend","StSShapeShifter:ShapeShifter_Defend","StSShapeShifter:WolfForm","StSShapeShifter:ReplenishingNectar","StSShapeShifter:BladeOfGrass","StSShapeShifter:Ensconce+1","StSShapeShifter:BarkSkin","StSShapeShifter:VineHandcuffs+1","StSShapeShifter:MooseForm","StSShapeShifter:AdaptiveStrikes","StSShapeShifter:Rabid+1","StSShapeShifter:RestoreBalance","StSShapeShifter:Roar+1","StSShapeShifter:AdaptiveStrikes+1","StSShapeShifter:Garden","StSShapeShifter:AdaptiveStrikes+1","StSShapeShifter:Ensconce","StSShapeShifter:StormGryphonForm"],"relics":["StSShapeShifter:AnimalHeart","StSShapeShifter:TheShapeShiftersMagnolia","EVO:Axolotl","Omamori","Shuriken","YidongShenshe:ReiMu","Happy Flower","Bag of Marbles","Fusion Hammer","MutagenicStrength","RuthlessExorcism:ReiMu","Centennial Puzzle","Darkstone Periapt"],"acts_visited":["Exordium","TheCity"],"potions_floor_usage":[7,16,18,20,28],"damage_taken":[{"damage":0,"enemies":"Small Slimes","floor":1,"turns":1},{"damage":6,"enemies":"Jaw Worm","floor":3,"turns":5},{"damage":29,"enemies":"3 Sentries","floor":7,"turns":8},{"damage":7,"enemies":"Cultist","floor":8,"turns":4},{"damage":0,"enemies":"Blue Slaver","floor":11,"turns":1},{"damage":0,"enemies":"3 Louse","floor":12,"turns":1},{"damage":4,"enemies":"Exordium Wildlife","floor":14,"turns":4},{"damage":18,"enemies":"The Guardian","floor":16,"turns":13},{"damage":20,"enemies":"3 Byrds","floor":18,"turns":5},{"damage":37,"enemies":"Chosen","floor":20,"turns":7},{"damage":26,"enemies":"Slavers","floor":24,"turns":5},{"damage":50,"enemies":"Book of Stabbing","floor":28,"turns":6}],"seed_played":"-8977724844285817014","potions_obtained":[{"floor":1,"key":"Explosive Potion"},{"floor":3,"key":"FearPotion"},{"floor":7,"key":"ColorlessPotion"},{"floor":11,"key":"LiquidBronze"},{"floor":24,"key":"SteroidPotion"}],"is_trial":false,"path_per_floor":["M","?","M","$","?","R","E","M","T","?","M","M","R","M","R","B",null,"M","?","M","?","$","R","E","$","T","?","E"],"character_chosen":"SHAPESHIFTER","items_purchased":["StSShapeShifter:BladeOfGrass","StSShapeShifter:Ensconce","StSShapeShifter:Garden","RuthlessExorcism:ReiMu","StSShapeShifter:Ensconce"],"campfire_rested":1,"item_purchase_floors":[4,4,22,22,25],"current_hp_per_floor":[78,53,61,61,61,61,55,68,68,68,68,68,68,71,71,78,78,78,78,41,41,41,64,45,45,45,38,0,0],"gold":107,"neow_bonus":"RANDOM_COMMON_RELIC","is_daily":false,"chose_seed":false,"campfire_upgraded":3,"win_rate":0.0,"timestamp":1613497043,"path_taken":["M","?","M","$","?","R","E","M","T","?","?","M","R","M","R","BOSS","M","?","M","?","$","R","E","?","T","?","E"],"items_purchased_type":["Card","Card","Card","Relic","Card"],"build_version":"2020-12-22","purchased_purges":0,"victory":false,"max_hp_per_floor":[78,78,78,78,78,78,78,78,78,78,78,78,78,78,78,78,78,78,78,78,78,78,78,78,78,78,78,78,78],"card_choices":[{"not_picked":["StSShapeShifter:OpportuneSwoop","StSShapeShifter:ThornToss"],"picked":"StSShapeShifter:WolfForm","floor":1},{"not_picked":["StSShapeShifter:BurstingSpore","StSShapeShifter:BloomingSlash"],"picked":"StSShapeShifter:ReplenishingNectar","floor":3},{"not_picked":["StSShapeShifter:RockSlide","StSShapeShifter:PantherForm"],"picked":"StSShapeShifter:BarkSkin","floor":7},{"not_picked":["StSShapeShifter:BladeOfGrass","StSShapeShifter:FesteringBite"],"picked":"StSShapeShifter:VineHandcuffs","floor":8},{"not_picked":["StSShapeShifter:PoisonIvy","StSShapeShifter:Rest"],"picked":"StSShapeShifter:MooseForm","floor":11},{"not_picked":["StSShapeShifter:ShiftingStrike","StSShapeShifter:SunflowerShuriken"],"picked":"StSShapeShifter:AdaptiveStrikes","floor":12},{"not_picked":["StSShapeShifter:FlowerShield","StSShapeShifter:BladeOfGrass"],"picked":"StSShapeShifter:Rabid","floor":14},{"not_picked":["StSShapeShifter:FullMoon","StSShapeShifter:Winter"],"picked":"StSShapeShifter:RestoreBalance","floor":16},{"not_picked":["StSShapeShifter:MultiSpiritedStrike","StSShapeShifter:MonkeyForm"],"picked":"StSShapeShifter:Roar+1","floor":18},{"not_picked":["StSShapeShifter:SquirrelForm+1","StSShapeShifter:FesteringBite+1"],"picked":"StSShapeShifter:AdaptiveStrikes+1","floor":20},{"not_picked":["StSShapeShifter:BladeOfGrass","StSShapeShifter:ShiftingStrike"],"picked":"StSShapeShifter:AdaptiveStrikes+1","floor":24}],"player_experience":1623607,"relics_obtained":[{"floor":7,"key":"Happy Flower"},{"floor":9,"key":"Bag of Marbles"},{"floor":24,"key":"Centennial Puzzle"},{"floor":26,"key":"Darkstone Periapt"}],"event_choices":[{"damage_healed":0,"gold_gain":0,"player_choice":"Success","damage_taken":25,"relics_obtained":["Shuriken"],"max_hp_gain":0,"max_hp_loss":0,"event_name":"Scrap Ooze","floor":2,"gold_loss":0},{"damage_healed":0,"gold_gain":0,"player_choice":"Take Tiny Shrine away","damage_taken":0,"relics_obtained":["YidongShenshe:ReiMu"],"max_hp_gain":0,"max_hp_loss":0,"event_name":"yidonshenshe","floor":5,"gold_loss":0,"cards_obtained":["Poor:ReiMu"]},{"cards_removed":["StSShapeShifter:ShapeShifter_Defend"],"damage_healed":0,"gold_gain":0,"player_choice":"Purged","damage_taken":0,"max_hp_gain":0,"max_hp_loss":0,"event_name":"Purifier","floor":10,"gold_loss":0},{"damage_healed":0,"gold_gain":99,"player_choice":"Stole From Cult","damage_taken":0,"max_hp_gain":0,"max_hp_loss":0,"event_name":"Nest","floor":19,"gold_loss":0},{"damage_healed":0,"gold_gain":0,"player_choice":"Inject Mutagens","damage_taken":0,"relics_obtained":["MutagenicStrength"],"max_hp_gain":0,"max_hp_loss":0,"event_name":"Drug Dealer","floor":21,"gold_loss":0}],"is_beta":false,"boss_relics":[{"not_picked":["Snecko Eye","RedLine:ReiMu"],"picked":"Fusion Hammer"}],"items_purged_floors":[],"is_endless":false,"potions_floor_spawned":[1,3,7,11,24],"killed_by":"Book of Stabbing","ascension_level":0}}