{"host":"0rxdudjy6rylha1k","time":1613505131,"event":{"mods":["Aspiration","BaseMod","Colored Map","Colored Powertips","Downfall","Highlight Path","Hubris","Minty Spire (QoL Compilation)","StSLib"],"gold_per_floor":[99,99,99,99,199,224,224,39,39,58,78,78,95,128,140,239,239,39,54,54,54,2,2,2,2,15,15,45,45,45,30,49,150,150,50,64,46,60,74,108,108,108,121,121,147,164,174,205,218,218,218,253,17,17,17,17],"floor_reached":57,"language":"ENG","playtime":12514,"items_purged":["Guardian:Strike_Guardian"],"score":1917,"play_id":"2b0c6b05-1dba-4a3f-a777-2bb92ae01ebc","local_time":"20210216125211","is_ascension_mode":true,"campfire_choices":[{"floor":1.0,"key":"RECALL"},{"data":"Guardian:ConstructionForm","floor":9.0,"key":"SMITH"},{"data":"Guardian:FuturePlans","floor":12.0,"key":"SMITH"},{"data":"Guardian:AncientConstruct","floor":18.0,"key":"SMITH"},{"data":"RitualDagger","floor":23.0,"key":"SMITH"},{"data":"expansioncontent:DashGenerateEvil","floor":25.0,"key":"SMITH"},{"data":"Guardian:DecasProtection","floor":27.0,"key":"SMITH"},{"floor":30.0,"key":"REST"},{"data":"Guardian:RefractedBeam","floor":35,"key":"SMITH"},{"floor":44,"key":"REST"},{"floor":54,"key":"REST"}],"circlet_count":0,"master_deck":["AscendersBane","Guardian:Strike_Guardian","Guardian:Strike_Guardian","Guardian:Strike_Guardian","Guardian:Defend_Guardian","Guardian:Defend_Guardian","Guardian:Defend_Guardian","Guardian:Defend_Guardian","Guardian:CurlUp","Guardian:TwinSlam+1","Guardian:SentryBeam+1","Guardian:ConstructionForm+1","Guardian:FuturePlans+1","expansioncontent:DashGenerateEvil+1","Guardian:DecasProtection+1","Guardian:PiercingHide","Guardian:Clone","Guardian:FloatingOrbs","Guardian:AncientConstruct+1","RitualDagger+1","Guardian:RefractedBeam+1","Guardian:VentSteam","Guardian:SpikerProtocol","RitualDagger+1","Guardian:CompilePackage","Guardian:ExploitGems","Guardian:BaubleBeam","Sadistic Nature"],"relics":["Guardian:ModeShifter","downfall:HeartsMalice","Orichalcum","Guardian:DefensiveModeMoreBlock","SlaversCollar","downfall:HeartBlessingRed","downfall:HeartBlessingBlue","hubris:ToyBattleship","hexamod:BolsterEngine","Black Star","downfall:HeartBlessingGreen","Toolbox","Guardian:PocketSentry","Potion Belt","hubris:CrystalStatue","Meat on the Bone","Omamori","Toy Ornithopter","Whetstone","Regal Pillow","White Beast Statue","hexamod:CandleOfCauterizing"],"acts_visited":["Exordium","TheCity","TheBeyond","TheEnding"],"potions_floor_usage":[33,39,40,40,43,46,48,55],"damage_taken":[{"damage":0.0,"enemies":"Cultist","floor":2.0,"turns":1.0},{"damage":0.0,"enemies":"Jaw Worm","floor":3.0,"turns":1.0},{"damage":0.0,"enemies":"Small Slimes","floor":4.0,"turns":1.0},{"damage":15.0,"enemies":"Gremlin Nob","floor":6.0,"turns":5.0},{"damage":0.0,"enemies":"downfall:FleeingMerchant","floor":8.0,"turns":4.0},{"damage":0.0,"enemies":"2 Fungi Beasts","floor":10.0,"turns":4.0},{"damage":3.0,"enemies":"downfall:LooterAlt","floor":11.0,"turns":3.0},{"damage":0.0,"enemies":"Exordium Wildlife","floor":13.0,"turns":3.0},{"damage":0.0,"enemies":"3 Sentries","floor":14.0,"turns":6.0},{"damage":0.0,"enemies":"2 Fungi Beasts","floor":15.0,"turns":3.0},{"damage":0.0,"enemies":"DF_ARCHETYPE_STREAMLINE","floor":16.0,"turns":9.0},{"damage":0.0,"enemies":"3 Byrds","floor":19.0,"turns":5.0},{"damage":3.0,"enemies":"downfall:FleeingMerchant","floor":22.0,"turns":4.0},{"damage":6.0,"enemies":"downfall:LooterAlt2","floor":26.0,"turns":5.0},{"damage":24.0,"enemies":"Gremlin Leader","floor":28.0,"turns":6.0},{"damage":4,"enemies":"downfall:FleeingMerchant","floor":31,"turns":4},{"damage":16,"enemies":"Snecko","floor":32,"turns":6},{"damage":15,"enemies":"SI_MIRROR_ARCHETYPE","floor":33,"turns":12},{"damage":1,"enemies":"3 Shapes","floor":36,"turns":5},{"damage":1,"enemies":"downfall:FleeingMerchant","floor":37,"turns":4},{"damage":23,"enemies":"3 Darklings","floor":38,"turns":6},{"damage":12,"enemies":"Spire Growth","floor":39,"turns":5},{"damage":8,"enemies":"Giant Head","floor":40,"turns":9},{"damage":3,"enemies":"4 Shapes","floor":43,"turns":7},{"damage":11,"enemies":"Reptomancer","floor":45,"turns":5},{"damage":0,"enemies":"Sphere and 2 Shapes","floor":46,"turns":4},{"damage":14,"enemies":"3 Darklings","floor":47,"turns":6},{"damage":3,"enemies":"Giant Head","floor":48,"turns":7},{"damage":28,"enemies":"Transient","floor":49,"turns":5},{"damage":9,"enemies":"IC_BLOCK_ARCHETYPE","floor":50,"turns":8},{"damage":44,"enemies":"downfall:CharBossMerchant","floor":52,"turns":6},{"damage":0,"enemies":"downfall:NeowBoss","floor":55,"turns":11},{"damage":35,"enemies":"downfall:NeowBossFinal","floor":56,"turns":10}],"seed_played":"7531083331598414135","potions_obtained":[{"floor":10.0,"key":"Slimebound:ThreeZeroPotion"},{"floor":11.0,"key":"DistilledChaos"},{"floor":13.0,"key":"Weak Potion"},{"floor":14.0,"key":"Fire Potion"},{"floor":15.0,"key":"Ancient Potion"},{"floor":32,"key":"SkillPotion"},{"floor":33,"key":"Fruit Juice"},{"floor":38,"key":"Block Potion"},{"floor":39,"key":"Dexterity Potion"},{"floor":40,"key":"Swift Potion"},{"floor":45,"key":"Explosive Potion"},{"floor":46,"key":"BlessingOfTheForge"},{"floor":52,"key":"PowerPotion"}],"is_trial":false,"path_per_floor":["R","M","M","M","?","E","T","$","R","M","M","R","M","E","M","B",null,"R","M","?","?","$","R","T","R","M","R","E","?","R","$","M","B",null,"R","M","$","M","M","E","T","?","M","R","E","M","M","E","M","B",null,"E","$","R","B","B",null],"character_chosen":"GUARDIAN","items_purchased":["expansioncontent:DashGenerateEvil","Guardian:Gem_Crimson","Toolbox","Guardian:PocketSentry","Sadistic Nature","Guardian:Gem_Blue"],"campfire_rested":3,"item_purchase_floors":[8,22,37,37,53,53],"current_hp_per_floor":[72,72,72,72,72,57,57,57,57,57,54,54,54,54,54,54,74,84,84,78,78,75,75,75,75,69,69,45,45,72,68,52,37,77,77,76,75,52,45,37,37,37,46,74,63,68,54,56,40,43,82,50,50,93,95,60],"gold":17,"neow_bonus":"THREE_ENEMY_KILL","is_daily":false,"chose_seed":false,"campfire_upgraded":7,"win_rate":0.0,"timestamp":1613505131,"path_taken":["R","M","M","?","?","E","T","$","R","M","M","R","M","E","M","BOSS","R","M","?","?","$","R","T","R","?","R","E","?","R","?","M","BOSS","R","M","$","M","M","E","T","?","M","R","E","M","M","E","M","BOSS","E","$","R","BOSS","BOSS"],"items_purchased_type":["Card","Card","Relic","Relic","Card","Card"],"build_version":"2020-12-22","purchased_purges":1,"victory":true,"max_hp_per_floor":[80,80,80,80,80,80,80,80,80,80,80,80,80,80,80,80,80,90,90,90,90,90,90,90,90,90,90,90,90,90,90,90,90,90,90,90,90,90,95,95,95,95,95,95,95,95,95,95,95,95,95,95,95,95,95,95],"card_choices":[{"not_picked":["Guardian:Gem_Blue","Guardian:Gem_Red"],"picked":"Guardian:SentryBeam","floor":2.0},{"not_picked":["Guardian:ShieldSpikes","Guardian:ShieldCharger","Guardian:Gem_Red"],"picked":"SKIP","floor":3.0},{"not_picked":["Guardian:Planning","Guardian:SpikerProtocol"],"picked":"Guardian:ConstructionForm","floor":4.0},{"not_picked":["Guardian:Repulse","Guardian:Gem_Cyan"],"picked":"Guardian:Gem_Fragmented","floor":6.0},{"not_picked":["Guardian:Gem_Cyan","Guardian:Planning"],"picked":"Guardian:FuturePlans","floor":8.0},{"not_picked":["Guardian:PiercingHide","Guardian:Incinerate"],"picked":"Guardian:DecasProtection","floor":10.0},{"not_picked":["Guardian:Gem_Lightblue","Guardian:Incinerate","Guardian:Reroute"],"picked":"SKIP","floor":11.0},{"not_picked":["Guardian:Gem_Blue","Guardian:Gem_Green"],"picked":"Guardian:PiercingHide","floor":13.0},{"not_picked":["Guardian:VentSteam","Guardian:ChargeCore"],"picked":"Guardian:Clone","floor":14.0},{"not_picked":["Guardian:DecasProtection","Guardian:VentSteam"],"picked":"Guardian:FloatingOrbs","floor":15.0},{"not_picked":["Guardian:HyperBeam_Guardian","Guardian:RevengeProtocol"],"picked":"Guardian:AncientConstruct","floor":16.0},{"not_picked":["Guardian:Reroute","Guardian:Gem_Cyan","Guardian:Preprogram"],"picked":"SKIP","floor":19.0},{"not_picked":["Guardian:RefractedBeam+1","Guardian:Gem_Crimson"],"picked":"Guardian:Gem_Fragmented","floor":22.0},{"not_picked":["Guardian:ShieldCharger+1","Guardian:Planning","Guardian:WalkerClaw"],"picked":"SKIP","floor":26.0},{"not_picked":["Guardian:PolyBeam","Guardian:Planning"],"picked":"Guardian:Gem_Red","floor":28.0},{"not_picked":["Guardian:TemporalShield","Guardian:WalkerClaw+1"],"picked":"Guardian:Gem_Crimson","floor":31},{"not_picked":["Guardian:Planning+1","Guardian:BronzeOrb+1"],"picked":"Guardian:RefractedBeam","floor":32},{"not_picked":["Guardian:SphericShield","Guardian:GatlingBeam"],"picked":"Guardian:Gem_Orange","floor":33},{"not_picked":["Guardian:PrimingBeam+1","Guardian:Recover","Guardian:Suspension+1"],"picked":"SKIP","floor":36},{"not_picked":["Guardian:PiercingHide+1","Guardian:Gem_Cyan"],"picked":"Guardian:VentSteam","floor":37},{"not_picked":["Guardian:BronzeOrb","Guardian:Recover+1","Guardian:WalkerClaw+1"],"picked":"SKIP","floor":38},{"not_picked":["Guardian:ShieldCharger","Guardian:Recover+1"],"picked":"Guardian:SpikerProtocol","floor":39},{"not_picked":["Guardian:PrimingBeam+1","Guardian:PrismaticBeam+1","Guardian:Recover+1"],"picked":"SKIP","floor":40},{"not_picked":["Guardian:Planning","Guardian:Recover"],"picked":"Guardian:CompilePackage","floor":43},{"not_picked":["Guardian:PiercingHide","Guardian:RefractedBeam+1"],"picked":"Guardian:ExploitGems","floor":45},{"not_picked":["Guardian:Gem_Green","Guardian:Gem_Lightblue","Guardian:Planning+1"],"picked":"SKIP","floor":46},{"not_picked":["Guardian:CrystalBeam+1","Guardian:Gem_Lightblue","Guardian:Reroute"],"picked":"SKIP","floor":47},{"not_picked":["Guardian:Suspension+1","Guardian:StasisField"],"picked":"Guardian:BaubleBeam","floor":48},{"not_picked":["Guardian:ShieldSpikes","Guardian:ArmoredProtocol","Guardian:Incinerate"],"picked":"SKIP","floor":49},{"not_picked":["Guardian:WalkerClaw","Guardian:TemporalShield","Guardian:RollAttack+1"],"picked":"SKIP","floor":52}],"player_experience":2966980,"relics_obtained":[{"floor":6.0,"key":"Orichalcum"},{"floor":14.0,"key":"Guardian:DefensiveModeMoreBlock"},{"floor":24.0,"key":"hubris:ToyBattleship"},{"floor":28.0,"key":"hexamod:BolsterEngine"},{"floor":40,"key":"Potion Belt"},{"floor":40,"key":"hubris:CrystalStatue"},{"floor":41,"key":"Meat on the Bone"},{"floor":45,"key":"Omamori"},{"floor":45,"key":"Toy Ornithopter"},{"floor":48,"key":"Whetstone"},{"floor":48,"key":"Regal Pillow"},{"floor":52,"key":"White Beast Statue"},{"floor":52,"key":"hexamod:CandleOfCauterizing"}],"event_choices":[{"damage_healed":0.0,"max_hp_gain":0.0,"max_hp_loss":0.0,"gold_gain":0.0,"event_name":"The Library","player_choice":"Read","floor":21.0,"gold_loss":0.0,"damage_taken":0.0,"cards_obtained":["Guardian:Gem_Blue"]}],"is_beta":false,"boss_relics":[{"not_picked":["Tiny House","SacredBark"],"picked":"SlaversCollar"},{"not_picked":["Coffee Dripper","Pandora\u0027s Box"],"picked":"Black Star"}],"items_purged_floors":[37],"is_endless":false,"potions_floor_spawned":[10,11,13,14,15,32,33,38,39,40,45,46,52],"ascension_level":11}}