{"host":"szp1d6dso4pv7ddl","time":1613450033,"event":{"mods":["AchievementEnabler","Alarm Clock","BaseMod","Bestiary","Block Reminder","Colored Map","Colored Powertips","Curses Come First","Dark Map","Displayed Cursed Tome","Highlight Path","Minty Spire (QoL Compilation)","Permanent Neow","Quick Restart","Relic Sorter","Relic Stats","StSLib","Synergy Search"],"gold_per_floor":[117,117,117,117,135,135,165,165,191,207,207,238,253,268,268,268,268],"floor_reached":16,"language":"ENG","playtime":771,"items_purged":[],"score":220,"play_id":"24410f57-b065-4c9c-968d-165e70c014e9","local_time":"20210215203353","is_ascension_mode":true,"campfire_choices":[{"data":"Blade Dance","floor":6.0,"key":"SMITH"},{"floor":8,"key":"REST"},{"data":"Footwork","floor":11,"key":"SMITH"},{"floor":15,"key":"REST"}],"circlet_count":0,"master_deck":["AscendersBane","Strike_G+1","Strike_G","Strike_G","Strike_G","Defend_G","Defend_G+1","Defend_G","Defend_G","Defend_G","Survivor","Neutralize","Blade Dance+1","Well Laid Plans","Terror","Footwork+1","Escape Plan","Choke","Doppelganger"],"relics":["Ring of the Snake","Anchor","Snake Skull","Vajra","Question Card"],"acts_visited":[],"potions_floor_usage":[14,16],"damage_taken":[{"damage":6.0,"enemies":"Small Slimes","floor":1.0,"turns":5.0},{"damage":0.0,"enemies":"2 Louse","floor":5.0,"turns":3.0},{"damage":36,"enemies":"3 Sentries","floor":7,"turns":13},{"damage":0,"enemies":"Jaw Worm","floor":10,"turns":4},{"damage":29,"enemies":"Gremlin Nob","floor":12,"turns":4},{"damage":0,"enemies":"3 Louse","floor":13,"turns":4},{"damage":7,"enemies":"Exordium Thugs","floor":14,"turns":6},{"damage":23,"enemies":"The Guardian","floor":16,"turns":2}],"seed_played":"-2222378696022517789","potions_obtained":[{"floor":1.0,"key":"Energy Potion"},{"floor":7,"key":"SpeedPotion"}],"is_trial":false,"path_per_floor":["M","?","?","?","M","R","E","R","T","M","R","E","M","M","R","B"],"character_chosen":"THE_SILENT","items_purchased":[],"campfire_rested":2,"item_purchase_floors":[],"current_hp_per_floor":[53,33,33,55,55,55,19,38,38,38,38,9,9,2,21,0,0],"gold":268,"neow_bonus":"RANDOM_COMMON_RELIC","is_daily":false,"chose_seed":false,"campfire_upgraded":2,"win_rate":0.0,"timestamp":1613450033,"path_taken":["M","?","?","?","?","R","E","R","T","M","R","E","M","M","R","BOSS"],"items_purchased_type":[],"build_version":"2020-12-22","purchased_purges":0,"victory":false,"max_hp_per_floor":[66,66,66,66,66,66,66,66,66,66,66,66,66,66,66,66,66],"relic_stats":{"counters":[8,41],"Snake Skull":[0],"Question Card":2,"obtain_stats":[{"Anchor":0,"Vajra":9,"Snake Skull":7,"Question Card":12,"Ring of the Snake":0},{"Anchor":0,"Vajra":3,"Snake Skull":3,"Question Card":5,"Ring of the Snake":0},{"Anchor":0,"Vajra":21,"Snake Skull":21,"Question Card":29,"Ring of the Snake":0}],"Ring of the Snake":[16]},"card_choices":[{"not_picked":["Cloak And Dagger","Tactician"],"picked":"Blade Dance","floor":1.0},{"not_picked":["Deflect","Reflex"],"picked":"Terror","floor":5.0},{"not_picked":["Endless Agony","Heel Hook"],"picked":"Footwork","floor":7},{"not_picked":["Backflip","Dagger Spray"],"picked":"Escape Plan","floor":10},{"not_picked":["PiercingWail","Backflip"],"picked":"Choke","floor":12},{"not_picked":["Poisoned Stab","Deadly Poison","Reflex","Bouncing Flask"],"picked":"SKIP","floor":13},{"not_picked":["Underhanded Strike","Deflect","Setup"],"picked":"Doppelganger","floor":14}],"player_experience":1586955,"relics_obtained":[{"floor":7,"key":"Snake Skull"},{"floor":9,"key":"Vajra"},{"floor":12,"key":"Question Card"}],"event_choices":[{"damage_healed":0.0,"max_hp_gain":0.0,"max_hp_loss":0.0,"gold_gain":0.0,"event_name":"Shining Light","player_choice":"Entered Light","floor":2.0,"gold_loss":0.0,"damage_taken":20.0,"cards_upgraded":["Strike_G","Defend_G"]},{"damage_healed":0.0,"max_hp_gain":0.0,"max_hp_loss":0.0,"gold_gain":0.0,"cards_transformed":["Strike_G"],"event_name":"Living Wall","player_choice":"Change","floor":3.0,"gold_loss":0.0,"damage_taken":0.0,"cards_obtained":["Well Laid Plans"]},{"damage_healed":22.0,"max_hp_gain":0.0,"max_hp_loss":0.0,"gold_gain":0.0,"event_name":"Big Fish","player_choice":"Banana","floor":4.0,"gold_loss":0.0,"damage_taken":0.0}],"is_beta":false,"boss_relics":[],"items_purged_floors":[],"is_endless":false,"potions_floor_spawned":[1,7,12],"killed_by":"The Guardian","ascension_level":20}}