{"host":"1poy056mauca3bbh","time":1613433953,"event":{"mods":["Ascension Unlocker","BaseMod","Bestiary","Block Reminder","Colored Map","Colored Powertips","Curses Come First","Highlight Path","Minty Spire (QoL Compilation)","Permanent Neow","Quick Restart","Rare Cards Sparkle","Relic Stats","Smile Girya","StSLib","UnlockEverythingMod"],"gold_per_floor":[116,116,266,285,285,321,15,15,15,46,58,145,176,215,227,239,239],"floor_reached":16,"language":"ENG","playtime":462,"items_purged":["Regret"],"score":250,"play_id":"b90beb86-18f6-43d6-8d44-cea11a988954","local_time":"20210215190553","is_ascension_mode":true,"campfire_choices":[{"data":"After Image","floor":8,"key":"SMITH"},{"floor":15,"key":"REST"}],"circlet_count":0,"master_deck":["AscendersBane","Strike_G","Strike_G","Strike_G","Strike_G","Defend_G","Defend_G","Defend_G","Defend_G","Defend_G","Survivor","Neutralize","Deadly Poison","Doubt","Dagger Throw","Eviscerate","After Image+1","Quick Slash","Dagger Throw","Noxious Fumes","Deadly Poison","Choke"],"relics":["Ring of the Snake","NeowsBlessing","Turnip","CeramicFish","MawBank"],"acts_visited":["Exordium"],"potions_floor_usage":[13,16],"damage_taken":[{"damage":0,"enemies":"2 Louse","floor":1,"turns":1},{"damage":0,"enemies":"Jaw Worm","floor":4,"turns":1},{"damage":0,"enemies":"Lagavulin","floor":6,"turns":1},{"damage":0,"enemies":"Small Slimes","floor":10,"turns":3},{"damage":8,"enemies":"3 Louse","floor":13,"turns":3},{"damage":31,"enemies":"Large Slime","floor":14,"turns":6},{"damage":22,"enemies":"Hexaghost","floor":16,"turns":8}],"seed_played":"-2831778734901021419","potions_obtained":[{"floor":6,"key":"Dexterity Potion"},{"floor":10,"key":"Fire Potion"}],"is_trial":false,"path_per_floor":["M","?","?","M","?","E","$","R","T","M","$","?","M","M","R","B"],"character_chosen":"THE_SILENT","items_purchased":["After Image","Quick Slash","Dagger Throw"],"campfire_rested":1,"item_purchase_floors":[7,7,7],"current_hp_per_floor":[59,52,52,52,52,52,52,52,52,52,52,41,33,2,21,0,0],"gold":239,"neow_bonus":"THREE_ENEMY_KILL","is_daily":false,"chose_seed":false,"campfire_upgraded":1,"win_rate":0.0,"timestamp":1613433953,"path_taken":["M","?","?","M","?","E","$","R","T","M","$","?","M","M","R","BOSS"],"items_purchased_type":["Card","Card","Card"],"build_version":"2020-12-22","purchased_purges":1,"victory":false,"max_hp_per_floor":[66,66,66,66,66,66,66,66,66,66,66,66,66,66,66,66,66],"relic_stats":{"counters":[7,23],"CeramicFish":63,"Turnip":[0],"MawBank":84,"obtain_stats":[{"NeowsBlessing":0,"CeramicFish":6,"Turnip":5,"MawBank":9,"Ring of the Snake":0},{"NeowsBlessing":0,"CeramicFish":3,"Turnip":2,"MawBank":3,"Ring of the Snake":0},{"NeowsBlessing":0,"CeramicFish":3,"Turnip":2,"MawBank":3,"Ring of the Snake":0}],"Ring of the Snake":[14]},"card_choices":[{"not_picked":["Cloak And Dagger","Deflect"],"picked":"Deadly Poison","floor":1},{"not_picked":["Reflex","Prepared"],"picked":"Dagger Throw","floor":4},{"not_picked":["Prepared","Sucker Punch"],"picked":"Eviscerate","floor":6},{"not_picked":["PiercingWail","Outmaneuver"],"picked":"Noxious Fumes","floor":10},{"not_picked":["Outmaneuver","Blade Dance"],"picked":"Deadly Poison","floor":13},{"not_picked":["Flying Knee","Storm of Steel"],"picked":"Choke","floor":14}],"player_experience":154796,"relics_obtained":[{"floor":6,"key":"CeramicFish"},{"floor":9,"key":"MawBank"}],"event_choices":[{"cards_removed":["Strike_G"],"damage_healed":0,"gold_gain":0,"player_choice":"Card Removal","damage_taken":7,"max_hp_gain":0,"max_hp_loss":0,"event_name":"Golden Wing","floor":2,"gold_loss":0},{"damage_healed":0,"gold_gain":150,"player_choice":"AGREE","damage_taken":0,"max_hp_gain":0,"max_hp_loss":0,"event_name":"Liars Game","floor":3,"gold_loss":0,"cards_obtained":["Doubt"]},{"damage_healed":0,"gold_gain":0,"player_choice":"Box","damage_taken":0,"relics_obtained":["Turnip"],"max_hp_gain":0,"max_hp_loss":0,"event_name":"Big Fish","floor":5,"gold_loss":0,"cards_obtained":["Regret"]},{"damage_healed":0,"gold_gain":75,"player_choice":"Gather Gold","damage_taken":11,"max_hp_gain":0,"max_hp_loss":0,"event_name":"World of Goop","floor":12,"gold_loss":0}],"is_beta":false,"boss_relics":[],"items_purged_floors":[7],"is_endless":false,"potions_floor_spawned":[6,10],"killed_by":"Hexaghost","ascension_level":20}}