{"host":"w14xfy17z3c5mpoi","time":1613512211,"event":{"mods":["AchievementEnabler","BaseMod","Minty Spire (QoL Compilation)","Relic Stats"],"gold_per_floor":[116,136,147,159,170,170,196,196,222,250,317,44,144,160,160,268,268,292,301,317,25,42,83,104,142,220,229,251,251,278,309,318,418,477,492,82,141,141,141,150,185,209,209,251,266,292,322,342,342,342],"floor_reached":51,"language":"ENG","playtime":4650,"items_purged":["Defend_P","Defend_P","Defend_P"],"score":1151,"play_id":"2f494b49-f6b9-4e3a-ad8d-f7c605bad0e3","local_time":"20210216165011","is_ascension_mode":true,"campfire_choices":[{"data":"Eruption","floor":6,"key":"SMITH"},{"data":"ConjureBlade","floor":8,"key":"SMITH"},{"floor":15,"key":"REST"},{"floor":27,"key":"REST"},{"floor":32,"key":"REST"},{"floor":40,"key":"REST"},{"data":"Scrawl","floor":49,"key":"SMITH"}],"circlet_count":0,"master_deck":["Strike_P","Strike_P","Strike_P","Strike_P","Eruption+1","Vigilance","Tantrum","Consecrate","Protect","ConjureBlade+1","EmptyFist","Vault","BowlingBash+1","Brilliance","InnerPeace","Scrawl+1","Wallop","EmptyFist+1","ClearTheMind+1","DeusExMachina","DeceiveReality","FlurryOfBlows","FearNoEvil","Halt","Perseverance+1","FlurryOfBlows","EmptyMind","DeceiveReality","Protect+1","FlurryOfBlows+1","ConjureBlade"],"relics":["VioletLotus","Ginger","Ancient Tea Set","Potion Belt","CeramicFish","Toy Ornithopter","Black Star","Calipers","Anchor","Dream Catcher","Orichalcum","Shuriken","Oddly Smooth Stone","Akabeko","Tiny House","White Beast Statue","Prayer Wheel","Pocketwatch","Bird Faced Urn","TungstenRod","Art of War","Thread and Needle","Juzu Bracelet","Yang"],"acts_visited":["Exordium","TheCity","TheBeyond"],"potions_floor_usage":[10,14,14,16,16,22,22,23,25,33,33,35,37,42,44,44,44,45,47,48,48,50,50,50],"damage_taken":[{"damage":13,"enemies":"Cultist","floor":1,"turns":6},{"damage":7,"enemies":"2 Louse","floor":2,"turns":4},{"damage":0,"enemies":"Small Slimes","floor":3,"turns":3},{"damage":5,"enemies":"Red Slaver","floor":4,"turns":3},{"damage":3,"enemies":"Blue Slaver","floor":5,"turns":3},{"damage":5,"enemies":"3 Sentries","floor":7,"turns":4},{"damage":6,"enemies":"Gremlin Nob","floor":10,"turns":3},{"damage":21,"enemies":"Gremlin Nob","floor":11,"turns":5},{"damage":1,"enemies":"Gremlin Gang","floor":14,"turns":4},{"damage":0,"enemies":"Slime Boss","floor":16,"turns":4},{"damage":1,"enemies":"Spheric Guardian","floor":18,"turns":4},{"damage":11,"enemies":"2 Thieves","floor":20,"turns":3},{"damage":4,"enemies":"3 Cultists","floor":22,"turns":3},{"damage":18,"enemies":"Gremlin Leader","floor":23,"turns":4},{"damage":4,"enemies":"Centurion and Healer","floor":24,"turns":5},{"damage":34,"enemies":"Book of Stabbing","floor":25,"turns":4},{"damage":12,"enemies":"Snake Plant","floor":28,"turns":4},{"damage":0,"enemies":"3 Cultists","floor":30,"turns":4},{"damage":11,"enemies":"Gremlin Leader","floor":31,"turns":4},{"damage":4,"enemies":"Champ","floor":33,"turns":5},{"damage":16,"enemies":"Orb Walker","floor":35,"turns":4},{"damage":34,"enemies":"Mind Bloom Boss Battle","floor":37,"turns":7},{"damage":9,"enemies":"Nemesis","floor":41,"turns":4},{"damage":0,"enemies":"3 Darklings","floor":42,"turns":3},{"damage":3,"enemies":"Reptomancer","floor":44,"turns":6},{"damage":0,"enemies":"Maw","floor":45,"turns":4},{"damage":3,"enemies":"Spire Growth","floor":46,"turns":2},{"damage":0,"enemies":"Nemesis","floor":47,"turns":7},{"damage":0,"enemies":"3 Darklings","floor":48,"turns":4},{"damage":22,"enemies":"Time Eater","floor":50,"turns":6}],"seed_played":"-7761488332697113636","potions_obtained":[{"floor":3,"key":"EssenceOfSteel"},{"floor":5,"key":"SteroidPotion"},{"floor":7,"key":"BlessingOfTheForge"},{"floor":11,"key":"CultistPotion"},{"floor":14,"key":"FearPotion"},{"floor":22,"key":"Block Potion"},{"floor":23,"key":"CultistPotion"},{"floor":25,"key":"DistilledChaos"},{"floor":29,"key":"AttackPotion"},{"floor":29,"key":"ColorlessPotion"},{"floor":29,"key":"Explosive Potion"},{"floor":31,"key":"Strength Potion"},{"floor":34,"key":"CultistPotion"},{"floor":35,"key":"BottledMiracle"},{"floor":37,"key":"LiquidMemories"},{"floor":41,"key":"Energy Potion"},{"floor":42,"key":"Strength Potion"},{"floor":44,"key":"BottledMiracle"},{"floor":45,"key":"SkillPotion"},{"floor":46,"key":"Weak Potion"},{"floor":47,"key":"SteroidPotion"},{"floor":48,"key":"Dexterity Potion"}],"is_trial":false,"path_per_floor":["M","M","M","M","M","R","E","R","T","E","?","$","?","M","R","B",null,"M","?","M","$","M","E","M","E","T","R","M","?","M","E","R","B",null,"M","$","?","?","?","R","E","M","T","E","M","M","E","M","R","B",null],"character_chosen":"WATCHER","items_purchased":["Toy Ornithopter","Strength Potion","InnerPeace","Regen Potion","Fire Potion","White Beast Statue","Halt"],"campfire_rested":4,"item_purchase_floors":[12,12,21,21,21,36,36],"current_hp_per_floor":[52,45,45,40,37,37,32,32,32,26,5,5,5,14,35,45,65,64,64,53,53,68,54,50,21,21,42,30,30,30,19,40,46,71,60,60,31,31,31,54,45,50,50,62,67,64,69,77,77,60],"gold":342,"neow_bonus":"BOSS_RELIC","is_daily":false,"chose_seed":false,"campfire_upgraded":3,"win_rate":0.0,"timestamp":1613512211,"path_taken":["M","M","M","M","?","R","E","R","T","E","?","$","?","?","R","BOSS","M","?","M","$","M","E","?","E","T","R","M","?","?","E","R","BOSS","M","$","?","?","?","R","E","M","T","E","M","M","E","M","R","BOSS"],"items_purchased_type":["Relic","Potion","Card","Potion","Potion","Relic","Card"],"build_version":"2020-12-22","purchased_purges":3,"victory":true,"max_hp_per_floor":[72,72,72,72,72,72,72,72,72,72,72,72,72,72,72,72,72,72,72,72,72,72,72,72,72,72,72,72,72,72,72,72,72,77,77,77,77,77,77,77,77,77,77,77,77,77,77,77,77,77],"relic_stats":{"counters":[30,126],"CeramicFish":189,"Yang":[27],"Juzu Bracelet":0,"Ginger":[12],"Orichalcum":[48],"Dream Catcher":3,"Shuriken":[43],"Bird Faced Urn":[0],"Prayer Wheel":4,"VioletLotus":[36],"Black Star":6,"Art of War":[3],"obtain_stats":[{"Calipers":23,"Tiny House":34,"CeramicFish":11,"Yang":47,"Juzu Bracelet":47,"Ginger":7,"Ancient Tea Set":9,"Dream Catcher":25,"Prayer Wheel":37,"VioletLotus":0,"Potion Belt":10,"Oddly Smooth Stone":31,"Thread and Needle":44,"Orichalcum":25,"Akabeko":31,"White Beast Statue":36,"Anchor":23,"Shuriken":26,"Bird Faced Urn":41,"Black Star":17,"Art of War":44,"PureWater":0,"Toy Ornithopter":12,"TungstenRod":43,"Pocketwatch":41},{"Calipers":14,"Tiny House":20,"CeramicFish":8,"Yang":28,"Juzu Bracelet":28,"Ginger":6,"Ancient Tea Set":6,"Dream Catcher":16,"Prayer Wheel":22,"VioletLotus":0,"Potion Belt":7,"Oddly Smooth Stone":19,"Thread and Needle":25,"Orichalcum":16,"Akabeko":19,"White Beast Statue":21,"Anchor":14,"Shuriken":16,"Bird Faced Urn":23,"Black Star":10,"Art of War":25,"PureWater":0,"Toy Ornithopter":8,"TungstenRod":24,"Pocketwatch":23},{"Calipers":53,"Tiny House":79,"CeramicFish":31,"Yang":116,"Juzu Bracelet":116,"Ginger":23,"Ancient Tea Set":23,"Dream Catcher":62,"Prayer Wheel":90,"VioletLotus":0,"Potion Belt":26,"Oddly Smooth Stone":74,"Thread and Needle":103,"Orichalcum":62,"Akabeko":74,"White Beast Statue":83,"Anchor":53,"Shuriken":62,"Bird Faced Urn":94,"Black Star":39,"Art of War":103,"PureWater":0,"Toy Ornithopter":31,"TungstenRod":97,"Pocketwatch":94}],"Toy Ornithopter":102,"TungstenRod":5,"Pocketwatch":[17]},"card_choices":[{"not_picked":["Prostrate","Sanctity"],"picked":"BattleHymn","floor":1},{"not_picked":["WheelKick","DeceiveReality"],"picked":"Tantrum","floor":2},{"not_picked":["Worship","PathToVictory","Evaluate"],"picked":"SKIP","floor":3},{"not_picked":["PathToVictory","ThirdEye"],"picked":"Consecrate","floor":4},{"not_picked":["ThirdEye","BowlingBash"],"picked":"Protect","floor":5},{"not_picked":["SpiritShield","ClearTheMind"],"picked":"ConjureBlade","floor":7},{"not_picked":["Swivel","Wish","BattleHymn"],"picked":"SKIP","floor":10},{"not_picked":["CrushJoints","ClearTheMind"],"picked":"EmptyFist","floor":11},{"not_picked":["Consecrate","Sanctity","ClearTheMind"],"picked":"SKIP","floor":14},{"not_picked":["DeusExMachina","MasterReality"],"picked":"Vault","floor":16},{"not_picked":["Nirvana+1","FlurryOfBlows"],"picked":"BowlingBash+1","floor":18},{"not_picked":["ClearTheMind","DeceiveReality","FollowUp"],"picked":"SKIP","floor":20},{"not_picked":["Halt","Pray+1","Collect"],"picked":"SKIP","floor":22},{"not_picked":["EmptyBody","ThirdEye"],"picked":"Scrawl","floor":23},{"not_picked":["Indignation","PathToVictory"],"picked":"Wallop","floor":24},{"not_picked":["PathToVictory","Halt"],"picked":"EmptyFist+1","floor":25},{"not_picked":["Consecrate","Halt"],"picked":"ClearTheMind+1","floor":27},{"not_picked":["Indignation","Crescendo"],"picked":"DeusExMachina","floor":28},{"not_picked":["BowlingBash","Perseverance+1"],"picked":"DeceiveReality","floor":30},{"not_picked":["SandsOfTime","PathToVictory+1","Conclude"],"picked":"SKIP","floor":31},{"not_picked":["Wireheading","Protect"],"picked":"FlurryOfBlows","floor":32},{"not_picked":["Consecrate+1","FollowUp"],"picked":"FearNoEvil","floor":34},{"not_picked":["PathToVictory+1","BowlingBash","Prostrate"],"picked":"SKIP","floor":35},{"not_picked":["PathToVictory","Pray+1"],"picked":"Perseverance+1","floor":37},{"not_picked":["Conclude+1","PathToVictory"],"picked":"FlurryOfBlows","floor":40},{"not_picked":["Devotion","ClearTheMind"],"picked":"EmptyMind","floor":41},{"not_picked":["Prostrate+1","Consecrate+1"],"picked":"DeceiveReality","floor":42},{"not_picked":["Evaluate+1","Fasting2+1","PathToVictory"],"picked":"SKIP","floor":42},{"not_picked":["FollowUp","InnerPeace"],"picked":"Protect+1","floor":44},{"not_picked":["FearNoEvil+1","Perseverance","FlurryOfBlows"],"picked":"SKIP","floor":45},{"not_picked":["ThirdEye+1","LessonLearned","Pray"],"picked":"SKIP","floor":45},{"not_picked":["Perseverance","CutThroughFate"],"picked":"FlurryOfBlows+1","floor":46},{"not_picked":["Halt","FollowUp+1","Evaluate"],"picked":"SKIP","floor":46},{"not_picked":["ThirdEye","Evaluate+1","LikeWater+1"],"picked":"SKIP","floor":47},{"not_picked":["Indignation","FollowUp"],"picked":"ConjureBlade","floor":48},{"not_picked":["CrushJoints","Tantrum","WindmillStrike"],"picked":"SKIP","floor":48}],"player_experience":670941,"relics_obtained":[{"floor":7,"key":"Ginger"},{"floor":9,"key":"Ancient Tea Set"},{"floor":10,"key":"Potion Belt"},{"floor":11,"key":"CeramicFish"},{"floor":23,"key":"Calipers"},{"floor":23,"key":"Anchor"},{"floor":25,"key":"Dream Catcher"},{"floor":25,"key":"Orichalcum"},{"floor":26,"key":"Shuriken"},{"floor":31,"key":"Oddly Smooth Stone"},{"floor":31,"key":"Akabeko"},{"floor":37,"key":"Prayer Wheel"},{"floor":41,"key":"Pocketwatch"},{"floor":41,"key":"Bird Faced Urn"},{"floor":43,"key":"TungstenRod"},{"floor":44,"key":"Art of War"},{"floor":44,"key":"Thread and Needle"},{"floor":47,"key":"Juzu Bracelet"},{"floor":47,"key":"Yang"}],"event_choices":[{"damage_healed":0,"gold_gain":0,"player_choice":"Searched \u00271\u0027 times","damage_taken":0,"max_hp_gain":0,"max_hp_loss":0,"event_name":"Dead Adventurer","floor":11,"gold_loss":0},{"damage_healed":0,"gold_gain":100,"player_choice":"Pray","damage_taken":0,"max_hp_gain":0,"max_hp_loss":0,"event_name":"Golden Shrine","floor":13,"gold_loss":0},{"damage_healed":0,"gold_gain":0,"cards_transformed":["Defend_P"],"player_choice":"Transformed","damage_taken":0,"max_hp_gain":0,"max_hp_loss":0,"event_name":"Transmorgrifier","floor":19,"gold_loss":0,"cards_obtained":["Brilliance"]},{"damage_healed":0,"gold_gain":0,"player_choice":"Got Potions","damage_taken":0,"max_hp_gain":0,"max_hp_loss":0,"event_name":"Lab","floor":29,"gold_loss":0},{"damage_healed":0,"gold_gain":0,"player_choice":"Fight","damage_taken":0,"max_hp_gain":0,"max_hp_loss":0,"event_name":"MindBloom","floor":37,"gold_loss":0},{"damage_healed":0,"gold_gain":0,"player_choice":"Ignored","damage_taken":0,"max_hp_gain":0,"max_hp_loss":0,"event_name":"Tomb of Lord Red Mask","floor":38,"gold_loss":0},{"cards_removed":["BattleHymn"],"damage_healed":0,"gold_gain":0,"player_choice":"Removed Power","damage_taken":0,"max_hp_gain":0,"max_hp_loss":0,"event_name":"Falling","floor":39,"gold_loss":0}],"is_beta":false,"boss_relics":[{"not_picked":["Fusion Hammer","Coffee Dripper"],"picked":"Black Star"},{"not_picked":["Runic Pyramid","Busted Crown"],"picked":"Tiny House"}],"items_purged_floors":[12,21,36],"is_endless":false,"potions_floor_spawned":[3,5,7,11,14,22,23,25,31,35,37,41,42,44,45,46,47,48],"ascension_level":7}}