{"host":"hnfelxnirsihwvcb","time":1613511231,"event":{"mods":["BaseMod","Colored Map","DeckTracker","Highlight Path","Minty Spire (QoL Compilation)","Quick Restart","Relic Sorter","Relic Stats","Shop Mod","StSLib","SuperFastMode"],"gold_per_floor":[109,122,47,65,65,65,95,107,107,107,138,157,169,179,179,278,278,291,310,310,326,226,255,130,150,150,150,165,165,178,193,193,293,293,308,85,85,85,85,85,100,100,100,100,100,100,148,162,162,162],"floor_reached":51,"language":"ENG","playtime":1529,"items_purged":["ForeignInfluence","CutThroughFate","PathToVictory+1","JustLucky+1"],"score":1079,"play_id":"3d52f867-fd78-4988-920c-272f2bd8daea","local_time":"20210216223351","daily_mods":["SealedDeck","Vintage","Binary"],"is_ascension_mode":false,"campfire_choices":[{"data":"PathToVictory","floor":6,"key":"SMITH"},{"data":"JustLucky","floor":10,"key":"SMITH"},{"data":"Consecrate","floor":15,"key":"SMITH"},{"data":"Fasting2","floor":27,"key":"SMITH"},{"floor":29,"key":"REST"},{"floor":32,"key":"REST"},{"data":"Fasting2","floor":40,"key":"SMITH"},{"floor":44,"key":"REST"},{"floor":49,"key":"REST"}],"circlet_count":0,"master_deck":["Fasting2+1","Consecrate+1","JustLucky+1","Prostrate+1","Prostrate+1","JustLucky+1","Fasting2+1"],"relics":["Unceasing Top","Busted Crown","Sundial","White Beast Statue","War Paint","Toy Ornithopter","Blue Candle","Eternal Feather","Pantograph","Kunai","WingedGreaves","Centennial Puzzle","InkBottle","Meat on the Bone","Regal Pillow","FossilizedHelix","Juzu Bracelet","Question Card","Oddly Smooth Stone","Bottled Lightning","MealTicket","Black Star","Pear","Art of War","Yang","Prayer Wheel","CaptainsWheel"],"acts_visited":["Exordium","TheCity","TheBeyond"],"potions_floor_usage":[],"damage_taken":[{"damage":0,"enemies":"2 Louse","floor":1,"turns":1},{"damage":0,"enemies":"Small Slimes","floor":2,"turns":1},{"damage":0,"enemies":"Cultist","floor":4,"turns":1},{"damage":0,"enemies":"Gremlin Nob","floor":7,"turns":1},{"damage":0,"enemies":"2 Fungi Beasts","floor":8,"turns":1},{"damage":0,"enemies":"Lagavulin","floor":11,"turns":1},{"damage":0,"enemies":"Gremlin Gang","floor":12,"turns":1},{"damage":0,"enemies":"Lots of Slimes","floor":13,"turns":1},{"damage":0,"enemies":"2 Fungi Beasts","floor":14,"turns":1},{"damage":0,"enemies":"Hexaghost","floor":16,"turns":1},{"damage":0,"enemies":"Shell Parasite","floor":18,"turns":1},{"damage":0,"enemies":"Spheric Guardian","floor":19,"turns":1},{"damage":0,"enemies":"Centurion and Healer","floor":21,"turns":1},{"damage":0,"enemies":"Slavers","floor":23,"turns":1},{"damage":0,"enemies":"Snake Plant","floor":25,"turns":2},{"damage":0,"enemies":"Shelled Parasite and Fungi","floor":28,"turns":1},{"damage":0,"enemies":"Centurion and Healer","floor":30,"turns":1},{"damage":0,"enemies":"Snake Plant","floor":31,"turns":1},{"damage":0,"enemies":"Champ","floor":33,"turns":1},{"damage":0,"enemies":"3 Shapes","floor":35,"turns":1},{"damage":0,"enemies":"3 Darklings","floor":41,"turns":1},{"damage":0,"enemies":"2 Orb Walkers","floor":47,"turns":1},{"damage":0,"enemies":"Maw","floor":48,"turns":1},{"damage":0,"enemies":"Time Eater","floor":50,"turns":3}],"seed_played":"-2204205267996847259","potions_obtained":[{"floor":4,"key":"SteroidPotion"},{"floor":7,"key":"DistilledChaos"},{"floor":8,"key":"Regen Potion"},{"floor":11,"key":"BottledMiracle"}],"is_trial":true,"path_per_floor":["M","M","$","M","?","R","E","M","T","R","E","M","M","M","R","B",null,"M","M","?","M","$","E","$","M","T","R","M","R","M","M","R","B",null,"M","$","?","?","$","R","M","?","T","R","?","$","?","M","R","B",null],"character_chosen":"WATCHER","items_purchased":["Fasting2"],"campfire_rested":4,"item_purchase_floors":[36],"current_hp_per_floor":[72,72,72,72,58,58,58,58,58,61,61,61,61,61,64,72,72,72,72,72,72,72,72,72,72,72,72,72,72,72,72,72,72,72,82,82,82,82,82,82,82,82,82,82,82,82,82,82,82,82],"gold":162,"neow_bonus":"","is_daily":false,"chose_seed":false,"campfire_upgraded":5,"win_rate":0.0,"timestamp":1613511231,"path_taken":["M","M","$","M","?","R","E","M","T","R","E","M","M","M","R","BOSS","M","M","?","M","$","E","$","M","T","R","M","R","M","M","R","BOSS","M","$","?","?","$","R","M","?","T","R","?","$","?","M","R","BOSS"],"items_purchased_type":["Card"],"build_version":"2020-12-22","purchased_purges":4,"victory":true,"max_hp_per_floor":[72,72,72,72,72,72,72,72,72,72,72,72,72,72,72,72,72,72,72,72,72,72,72,72,72,72,72,72,72,72,72,72,72,72,82,82,82,82,82,82,82,82,82,82,82,82,82,82,82,82],"relic_stats":{"Regal Pillow":0,"counters":[24,27],"Blue Candle":[0],"Eternal Feather":6,"Yang":[37],"Juzu Bracelet":3,"War Paint":["Prostrate","Prostrate"],"Question Card":3,"Centennial Puzzle":[0],"Busted Crown":14,"Sundial":[28],"Pantograph":8,"MealTicket":0,"Prayer Wheel":0,"Black Star":0,"Art of War":[0],"Kunai":[53],"obtain_stats":[{"Regal Pillow":21,"Yang":43,"Juzu Bracelet":25,"Centennial Puzzle":14,"Sundial":1,"Pantograph":11,"MealTicket":31,"Prayer Wheel":47,"WingedGreaves":13,"Kunai":12,"InkBottle":18,"Pear":35,"Blue Candle":8,"Oddly Smooth Stone":28,"Eternal Feather":9,"War Paint":4,"Question Card":26,"White Beast Statue":2,"CaptainsWheel":48,"Busted Crown":0,"Black Star":34,"Art of War":41,"Bottled Lightning":30,"Unceasing Top":0,"Toy Ornithopter":7,"FossilizedHelix":23,"Meat on the Bone":19},{"Regal Pillow":13,"Yang":21,"Juzu Bracelet":15,"Centennial Puzzle":9,"Sundial":1,"Pantograph":6,"MealTicket":18,"Prayer Wheel":22,"WingedGreaves":8,"Kunai":7,"InkBottle":11,"Pear":20,"Blue Candle":5,"Oddly Smooth Stone":16,"Eternal Feather":5,"War Paint":3,"Question Card":15,"White Beast Statue":2,"CaptainsWheel":23,"Busted Crown":0,"Black Star":19,"Art of War":21,"Bottled Lightning":17,"Unceasing Top":0,"Toy Ornithopter":4,"FossilizedHelix":14,"Meat on the Bone":12},{"Regal Pillow":13,"Yang":22,"Juzu Bracelet":16,"Centennial Puzzle":9,"Sundial":1,"Pantograph":6,"MealTicket":19,"Prayer Wheel":23,"WingedGreaves":8,"Kunai":7,"InkBottle":11,"Pear":21,"Blue Candle":5,"Oddly Smooth Stone":17,"Eternal Feather":5,"War Paint":3,"Question Card":16,"White Beast Statue":2,"CaptainsWheel":24,"Busted Crown":0,"Black Star":20,"Art of War":22,"Bottled Lightning":18,"Unceasing Top":0,"Toy Ornithopter":4,"FossilizedHelix":14,"Meat on the Bone":12}],"Unceasing Top":[202],"Toy Ornithopter":0,"InkBottle":[21],"Meat on the Bone":0},"card_choices":[],"player_experience":862405,"relics_obtained":[{"floor":1,"key":"Sundial"},{"floor":2,"key":"White Beast Statue"},{"floor":4,"key":"War Paint"},{"floor":7,"key":"Toy Ornithopter"},{"floor":8,"key":"Blue Candle"},{"floor":9,"key":"Eternal Feather"},{"floor":11,"key":"Pantograph"},{"floor":12,"key":"Kunai"},{"floor":13,"key":"WingedGreaves"},{"floor":14,"key":"Centennial Puzzle"},{"floor":18,"key":"InkBottle"},{"floor":19,"key":"Meat on the Bone"},{"floor":21,"key":"Regal Pillow"},{"floor":23,"key":"FossilizedHelix"},{"floor":25,"key":"Juzu Bracelet"},{"floor":26,"key":"Question Card"},{"floor":28,"key":"Oddly Smooth Stone"},{"floor":30,"key":"Bottled Lightning"},{"floor":31,"key":"MealTicket"},{"floor":35,"key":"Pear"},{"floor":41,"key":"Art of War"},{"floor":43,"key":"Yang"},{"floor":47,"key":"Prayer Wheel"},{"floor":48,"key":"CaptainsWheel"}],"event_choices":[{"damage_healed":0,"gold_gain":0,"player_choice":"Entered Light","damage_taken":14,"max_hp_gain":0,"max_hp_loss":0,"event_name":"Shining Light","floor":5,"gold_loss":0,"cards_upgraded":["JustLucky","JustLucky"]},{"damage_healed":0,"gold_gain":0,"player_choice":"Ignored","damage_taken":0,"max_hp_gain":0,"max_hp_loss":0,"event_name":"Vampires","floor":20,"gold_loss":0},{"damage_healed":0,"gold_gain":0,"player_choice":"Got Potions","damage_taken":0,"max_hp_gain":0,"max_hp_loss":0,"event_name":"Lab","floor":37,"gold_loss":0},{"damage_healed":0,"gold_gain":0,"player_choice":"Memory 1","damage_taken":0,"max_hp_gain":0,"max_hp_loss":0,"event_name":"SensoryStone","floor":38,"gold_loss":0},{"damage_healed":0,"gold_gain":0,"player_choice":"Ignored","damage_taken":0,"max_hp_gain":0,"max_hp_loss":0,"event_name":"Transmorgrifier","floor":42,"gold_loss":0},{"damage_healed":0,"gold_gain":0,"player_choice":"Ignored","damage_taken":0,"max_hp_gain":0,"max_hp_loss":0,"event_name":"NoteForYourself","floor":45,"gold_loss":0},{"damage_healed":0,"gold_gain":0,"player_choice":"Fight","damage_taken":0,"max_hp_gain":0,"max_hp_loss":0,"event_name":"Mysterious Sphere","floor":47,"gold_loss":0}],"is_beta":false,"boss_relics":[{"not_picked":["Runic Pyramid","Calling Bell","Snecko Eye"]},{"not_picked":["Cursed Key","Fusion Hammer"],"picked":"Black Star"}],"items_purged_floors":[3,22,24,36],"is_endless":false,"potions_floor_spawned":[4,7,8,11,12,13,14,16,18,19,21,23,25,28,30,31,33,35,41,47,48],"ascension_level":0}}