{"host":"en4narc5947t7k9n","time":1613480739,"event":{"mods":["AchievementEnabler","BaseMod","Colored Map","Minty Spire (QoL Compilation)","SuperFastMode"],"gold_per_floor":[218,233,250,261,280,280,312,39,120,150,169,204,224,224,224,322,322,342,374,390,9,9,9,35,55,55,55,68,68,68,68,68,164,164,177,196,496,476,476,476,490,490,515,515,565,193,221,231,231,231],"floor_reached":51,"language":"KOR","playtime":2396,"items_purged":["Strike_R","Strike_R"],"score":815,"play_id":"f280bc8b-3501-420f-bbbc-b7f123026f1f","local_time":"20210216220539","is_ascension_mode":false,"campfire_choices":[{"data":"Shockwave","floor":6,"key":"SMITH"},{"data":"Bludgeon","floor":15,"key":"SMITH"},{"data":"Barricade","floor":23,"key":"SMITH"},{"data":"Carnage","floor":29,"key":"SMITH"},{"data":"Searing Blow","floor":32,"key":"SMITH"},{"data":"Fiend Fire","floor":40,"key":"SMITH"},{"data":"Fiend Fire","floor":42,"key":"SMITH"},{"data":"Searing Blow+1","floor":44,"key":"SMITH"},{"data":"Chrysalis","floor":49,"key":"SMITH"}],"circlet_count":0,"master_deck":["Strike_R","Strike_R","Strike_R+1","Defend_R","Defend_R","Defend_R","Bash","Anger","Anger","Headbutt","Clash","Shockwave+1","Ghostly Armor","Bludgeon+1","Fiend Fire+1","Feed","Inflame","Cleave","Carnage+1","Barricade+1","Thunderclap+1","Flex","Offering","Dropkick","Flex+1","Searing Blow+2","Fiend Fire+1","Sword Boomerang+1","Shrug It Off+1","Jack Of All Trades","Chrysalis+1"],"relics":["Burning Blood","CaptainsWheel","Sundial","Unceasing Top","Potion Belt","Eternal Feather","Busted Crown","Red Mask","Bronze Scales","Juzu Bracelet","Matryoshka","Red Skull","Pen Nib","MutagenicStrength","Philosopher\u0027s Stone","Centennial Puzzle","Whetstone","Lizard Tail","Oddly Smooth Stone"],"acts_visited":["Exordium","TheCity","TheBeyond"],"potions_floor_usage":[7,7,10,24,28,33,33,33,48,50,50,50,50],"damage_taken":[{"damage":5,"enemies":"Cultist","floor":1,"turns":4},{"damage":0,"enemies":"Small Slimes","floor":2,"turns":3},{"damage":0,"enemies":"2 Louse","floor":3,"turns":2},{"damage":12,"enemies":"Blue Slaver","floor":4,"turns":4},{"damage":18,"enemies":"Lots of Slimes","floor":5,"turns":4},{"damage":22,"enemies":"3 Sentries","floor":7,"turns":4},{"damage":3,"enemies":"Lagavulin","floor":10,"turns":4},{"damage":6,"enemies":"2 Fungi Beasts","floor":11,"turns":2},{"damage":8,"enemies":"Gremlin Nob","floor":12,"turns":4},{"damage":6,"enemies":"Exordium Thugs","floor":13,"turns":4},{"damage":0,"enemies":"Slime Boss","floor":16,"turns":6},{"damage":11,"enemies":"Shell Parasite","floor":18,"turns":3},{"damage":48,"enemies":"Masked Bandits","floor":19,"turns":5},{"damage":0,"enemies":"Spheric Guardian","floor":20,"turns":2},{"damage":17,"enemies":"Gremlin Leader","floor":24,"turns":4},{"damage":19,"enemies":"Shelled Parasite and Fungi","floor":25,"turns":4},{"damage":3,"enemies":"Snake Plant","floor":28,"turns":2},{"damage":18,"enemies":"Champ","floor":33,"turns":8},{"damage":19,"enemies":"Orb Walker","floor":35,"turns":4},{"damage":13,"enemies":"3 Shapes","floor":36,"turns":2},{"damage":11,"enemies":"Transient","floor":41,"turns":5},{"damage":0,"enemies":"Mind Bloom Boss Battle","floor":45,"turns":1},{"damage":0,"enemies":"Reptomancer","floor":47,"turns":2},{"damage":12,"enemies":"Spire Growth","floor":48,"turns":3},{"damage":37,"enemies":"Awakened One","floor":50,"turns":8}],"seed_played":"5698475063947492911","potions_obtained":[{"floor":4,"key":"DistilledChaos"},{"floor":5,"key":"Explosive Potion"},{"floor":7,"key":"SkillPotion"},{"floor":10,"key":"Dexterity Potion"},{"floor":11,"key":"FearPotion"},{"floor":18,"key":"BlessingOfTheForge"},{"floor":19,"key":"PowerPotion"},{"floor":24,"key":"Block Potion"},{"floor":25,"key":"LiquidMemories"},{"floor":33,"key":"BlessingOfTheForge"},{"floor":35,"key":"DuplicationPotion"},{"floor":36,"key":"Explosive Potion"},{"floor":38,"key":"Weak Potion"},{"floor":48,"key":"Dexterity Potion"}],"is_trial":false,"path_per_floor":["M","M","M","M","M","R","E","$","T","E","M","E","M","?","R","B",null,"M","?","M","$","?","R","E","M","T","?","M","R","$","?","R","B",null,"M","M","?","?","?","R","M","R","T","R","?","$","E","M","R","B",null],"character_chosen":"IRONCLAD","items_purchased":["Bludgeon","Fiend Fire","Bronze Scales","Juzu Bracelet","Jack Of All Trades","Chrysalis"],"campfire_rested":0,"item_purchase_floors":[8,8,21,21,46,46],"current_hp_per_floor":[80,80,80,74,62,62,46,46,46,49,52,50,50,38,50,56,83,78,36,42,42,42,54,43,30,30,30,33,48,48,48,63,51,83,73,66,66,66,66,84,79,86,86,86,86,86,86,80,86,55],"gold":231,"neow_bonus":"HUNDRED_GOLD","is_daily":false,"chose_seed":false,"campfire_upgraded":9,"win_rate":0.0,"timestamp":1613480739,"path_taken":["M","?","?","M","M","R","E","$","T","E","M","E","M","?","R","BOSS","M","?","M","$","?","R","E","M","T","?","M","R","?","?","R","BOSS","M","M","?","?","?","R","M","R","T","R","?","$","E","M","R","BOSS"],"items_purchased_type":["Card","Card","Relic","Relic","Card","Card"],"build_version":"2020-12-22","purchased_purges":2,"victory":true,"max_hp_per_floor":[80,80,80,80,80,80,80,80,80,80,83,83,83,83,83,83,83,83,83,83,83,83,83,83,83,83,83,83,83,83,83,83,83,83,86,86,86,86,86,86,86,86,86,86,86,86,86,86,86,86],"card_choices":[{"not_picked":["Pommel Strike","Cleave"],"picked":"Anger","floor":1},{"not_picked":["Pommel Strike","True Grit"],"picked":"Anger","floor":2},{"not_picked":["Sword Boomerang","Twin Strike"],"picked":"Headbutt","floor":3},{"not_picked":["Rage","Sword Boomerang"],"picked":"Clash","floor":4},{"not_picked":["Flame Barrier","True Grit"],"picked":"Shockwave","floor":5},{"not_picked":["Heavy Blade","Sever Soul"],"picked":"Ghostly Armor","floor":7},{"not_picked":["Shrug It Off","Battle Trance"],"picked":"Feed","floor":10},{"not_picked":["Clothesline","Iron Wave"],"picked":"Inflame","floor":11},{"not_picked":["Headbutt","Body Slam"],"picked":"Cleave","floor":12},{"not_picked":["Sword Boomerang","Twin Strike"],"picked":"Carnage","floor":13},{"not_picked":["Reaper","Juggernaut"],"picked":"Barricade","floor":16},{"not_picked":[],"picked":"Thunderclap","floor":18},{"not_picked":[],"picked":"Flex","floor":20},{"not_picked":[],"picked":"Offering","floor":24},{"not_picked":[],"picked":"Dropkick","floor":25},{"not_picked":[],"picked":"Flex+1","floor":28},{"not_picked":[],"picked":"Fiend Fire","floor":33},{"not_picked":[],"picked":"Sword Boomerang+1","floor":35},{"not_picked":[],"picked":"Shrug It Off+1","floor":36},{"not_picked":["Heavy Blade"],"picked":"SKIP","floor":41},{"not_picked":["Perfected Strike"],"picked":"SKIP","floor":47},{"not_picked":["Rupture+1"],"picked":"SKIP","floor":48}],"player_experience":6830,"relics_obtained":[{"floor":7,"key":"CaptainsWheel"},{"floor":9,"key":"Sundial"},{"floor":10,"key":"Unceasing Top"},{"floor":12,"key":"Potion Belt"},{"floor":19,"key":"Red Mask"},{"floor":24,"key":"Matryoshka"},{"floor":26,"key":"Red Skull"},{"floor":26,"key":"Pen Nib"},{"floor":43,"key":"Centennial Puzzle"},{"floor":43,"key":"Whetstone"},{"floor":45,"key":"Lizard Tail"},{"floor":47,"key":"Oddly Smooth Stone"}],"event_choices":[{"damage_healed":0,"gold_gain":0,"player_choice":"Success","damage_taken":12,"relics_obtained":["Eternal Feather"],"max_hp_gain":0,"max_hp_loss":0,"event_name":"Scrap Ooze","floor":14,"gold_loss":0},{"damage_healed":0,"gold_gain":0,"player_choice":"Fought Bandits","damage_taken":0,"max_hp_gain":0,"max_hp_loss":0,"event_name":"Masked Bandits","floor":19,"gold_loss":0},{"damage_healed":0,"gold_gain":0,"player_choice":"Ignored","damage_taken":0,"max_hp_gain":0,"max_hp_loss":0,"event_name":"Ghosts","floor":22,"gold_loss":0},{"damage_healed":0,"gold_gain":0,"player_choice":"Inject Mutagens","damage_taken":0,"relics_obtained":["MutagenicStrength"],"max_hp_gain":0,"max_hp_loss":0,"event_name":"Drug Dealer","floor":27,"gold_loss":0},{"damage_healed":0,"gold_gain":0,"player_choice":"Read","damage_taken":0,"max_hp_gain":0,"max_hp_loss":0,"event_name":"The Library","floor":31,"gold_loss":0,"cards_obtained":["Searing Blow"]},{"damage_healed":0,"gold_gain":300,"player_choice":"Gold","damage_taken":0,"max_hp_gain":0,"max_hp_loss":0,"event_name":"Wheel of Change","floor":37,"gold_loss":0},{"damage_healed":0,"gold_gain":0,"player_choice":"Bought 1 Potion","damage_taken":0,"max_hp_gain":0,"max_hp_loss":0,"event_name":"The Woman in Blue","floor":38,"gold_loss":0},{"cards_removed":["Defend_R"],"damage_healed":0,"gold_gain":0,"player_choice":"Removed Skill","damage_taken":0,"max_hp_gain":0,"max_hp_loss":0,"event_name":"Falling","floor":39,"gold_loss":0},{"damage_healed":0,"gold_gain":0,"player_choice":"Fight","damage_taken":0,"max_hp_gain":0,"max_hp_loss":0,"event_name":"MindBloom","floor":45,"gold_loss":0}],"is_beta":false,"boss_relics":[{"not_picked":["Black Star","Velvet Choker"],"picked":"Busted Crown"},{"not_picked":["Runic Pyramid","Runic Dome"],"picked":"Philosopher\u0027s Stone"}],"items_purged_floors":[21,46],"is_endless":false,"potions_floor_spawned":[4,5,7,10,11,18,19,24,25,33,35,36,48],"ascension_level":0}}