{"host":"gsu59bb6ixcbb7gk","time":1613440841,"event":{"mods":["BaseMod","Colored Powertips","Downfall","Googly Eyes","Infinite Spire","Minty Spire (QoL Compilation)","Replay The Spire","StSLib"],"gold_per_floor":[99,99,114,127,127,127,195,212,212,222,252,270,280,294,314,410,410,410,426,426,526,544,544,544,544,555,565,565,600,680,692,704,804,854,854,874,888,899,918,918,942,609,640,640,656,683,583,52,65,65],"floor_reached":51,"language":"ENG","playtime":5040,"items_purged":["Guardian:Defend_Guardian"],"score":840,"play_id":"93f9ff41-1bbf-4d47-9d14-108681ea8984","local_time":"20210215210041","is_ascension_mode":false,"campfire_choices":[{"data":"Guardian:TwinSlam","floor":1,"key":"SMITH"},{"data":"Guardian:SentryBeam","floor":6,"key":"SMITH"},{"data":"infinitespire:Collect","floor":9,"key":"SMITH"},{"data":"Guardian:StasisField","floor":18,"key":"SMITH"},{"data":"Guardian:SpikerProtocol","floor":25,"key":"SMITH"},{"data":"ReplayTheSpireMod:Book of Names","floor":28,"key":"SMITH"},{"data":"Guardian:BaubleBeam","floor":35,"key":"SMITH"},{"data":"Guardian:Suspension","floor":44,"key":"SMITH"},{"data":"Guardian:BodySlam","floor":47,"key":"SMITH"}],"circlet_count":0,"master_deck":["Guardian:Strike_Guardian","Guardian:Strike_Guardian","Guardian:Strike_Guardian","Guardian:Strike_Guardian","Guardian:Defend_Guardian","Guardian:Defend_Guardian","Guardian:Defend_Guardian","Guardian:CurlUp+1","Guardian:TwinSlam+1","infinitespire:Collect+1","Guardian:SentryBeam+1","Guardian:Incinerate","Guardian:TemporalStrike","Guardian:StasisField+1","ReplayTheSpireMod:Book of Names+1","Guardian:SpikerProtocol+1","Guardian:PrimingBeam+1","Guardian:WalkerClaw","Guardian:Recover","Guardian:PiercingHide","Guardian:Suspension+1","Guardian:Recover","Guardian:BaubleBeam+1","Guardian:TemporalShield","Parasite","Guardian:EvasiveProtocol","Guardian:ArmoredProtocol","Guardian:EvasiveProtocol","Guardian:BodySlam+1","Guardian:SpikerProtocol+1","Guardian:DecasProtection"],"relics":["Guardian:ModeShifter","GremlinMask","Onion Ring","Pet Ghost","SlaversCollar","Toolbox","infinitespire:BottledMercury","Prayer Wheel","Divine Protection","Tiny House","Guardian:ModeShifterPlus","infinitespire:PuzzleCube","Letter Opener","Frozen Egg 2","downfall:HeartBlessingGreen","Lantern","Replay:Lucky Slots"],"acts_visited":["Exordium","TheCity","TheBeyond"],"potions_floor_usage":[16,32,33,33,37,37,50,50],"damage_taken":[{"damage":2,"enemies":"Jaw Worm","floor":3,"turns":4},{"damage":0,"enemies":"Cultist","floor":4,"turns":3},{"damage":0,"enemies":"infinitespire:Voidling","floor":8,"turns":2},{"damage":0,"enemies":"Large Slime","floor":10,"turns":4},{"damage":8,"enemies":"3 Sentries","floor":11,"turns":6},{"damage":6,"enemies":"2 Fungi Beasts","floor":12,"turns":2},{"damage":2,"enemies":"Blue Slaver","floor":13,"turns":3},{"damage":0,"enemies":"downfall:LooterAlt","floor":14,"turns":2},{"damage":13,"enemies":"Exordium Wildlife","floor":15,"turns":3},{"damage":3,"enemies":"SI_SHIV_ARCHETYPE","floor":16,"turns":9},{"damage":0,"enemies":"Chosen","floor":19,"turns":3},{"damage":0,"enemies":"Shell Parasite","floor":22,"turns":3},{"damage":4,"enemies":"Cultist and Chosen","floor":26,"turns":4},{"damage":17,"enemies":"Snecko","floor":27,"turns":5},{"damage":0,"enemies":"Centurion and Healer","floor":31,"turns":4},{"damage":0,"enemies":"3 Cultists","floor":32,"turns":4},{"damage":0,"enemies":"DF_ARCHETYPE_CLAW","floor":33,"turns":7},{"damage":15,"enemies":"3 Darklings","floor":36,"turns":7},{"damage":8,"enemies":"3 Shapes","floor":37,"turns":3},{"damage":13,"enemies":"Writhing Mass","floor":38,"turns":7},{"damage":0,"enemies":"Maw","floor":39,"turns":7},{"damage":0,"enemies":"Reptomancer","floor":43,"turns":6},{"damage":0,"enemies":"Jaw Worm Horde","floor":45,"turns":5},{"damage":7,"enemies":"Giant Head","floor":46,"turns":11},{"damage":0,"enemies":"downfall:FleeingMerchant","floor":48,"turns":4},{"damage":12,"enemies":"3 Darklings","floor":49,"turns":5},{"damage":0,"enemies":"WA_ARCHETYPE_DIVINITY","floor":50,"turns":7}],"seed_played":"-7498216869288173279","potions_obtained":[{"floor":10,"key":"Strength Potion"},{"floor":13,"key":"Explosive Potion"},{"floor":16,"key":"Adrenaline Potion"},{"floor":31,"key":"FearPotion"},{"floor":32,"key":"DistilledChaos"},{"floor":34,"key":"infinitespire:BlackPotion"},{"floor":39,"key":"LiquidMemories"}],"is_trial":false,"path_per_floor":["R","?","M","M","?","R","T","M","R","M","E","M","M","M","M","B",null,"R","M","AVR","?","M","?","T","R","M","M","R","?","T","M","M","B",null,"R","M","M","M","M","AVR","T","?","E","R","M","E","R","$","M","B",null],"character_chosen":"GUARDIAN","items_purchased":["Guardian:SpikerProtocol+1","Lantern","Replay:Lucky Slots","Guardian:DecasProtection"],"campfire_rested":0,"item_purchase_floors":[48,48,48,48],"current_hp_per_floor":[88,65,63,63,63,63,63,63,63,63,55,49,47,47,34,31,88,88,88,88,88,88,88,88,88,84,67,67,32,32,32,32,32,93,93,78,70,57,57,57,57,105,105,105,105,98,98,98,86,86],"gold":65,"neow_bonus":"TEN_PERCENT_HP_BONUS","is_daily":false,"chose_seed":false,"campfire_upgraded":9,"win_rate":0.0,"timestamp":1613440841,"path_taken":["R","?","M","M","?","R","T","M","R","M","E","M","?","M","M","BOSS","R","M","AVR","?","?","?","T","R","M","M","R","?","?","M","M","BOSS","R","M","M","M","M","AVR","T","?","E","R","M","E","R","$","M","BOSS"],"items_purchased_type":["Card","Relic","Relic","Card"],"build_version":"2020-12-22","purchased_purges":1,"victory":true,"max_hp_per_floor":[88,88,88,88,88,88,88,88,88,88,88,88,88,88,88,88,88,88,88,88,88,88,88,88,88,88,88,88,88,88,88,88,88,93,93,93,93,93,93,93,93,105,105,105,105,105,105,105,105,105],"card_choices":[{"not_picked":["infinitespire:Menacing","infinitespire:TheBestDefense"],"picked":"infinitespire:Collect","floor":2},{"not_picked":["Guardian:Gem_Cyan","Guardian:PiercingHide"],"picked":"Guardian:Gem_White","floor":3},{"not_picked":["Guardian:Suspension","Guardian:Gem_Crimson"],"picked":"Guardian:SentryBeam","floor":4},{"not_picked":["Guardian:TimeCapacitor","Guardian:VentSteam"],"picked":"Guardian:Gem_Red","floor":8},{"not_picked":["Guardian:VentSteam","Guardian:BronzeArmor","Guardian:PrimingBeam"],"picked":"SKIP","floor":10},{"not_picked":["Guardian:WalkerClaw","Guardian:Emergency"],"picked":"Guardian:Incinerate","floor":11},{"not_picked":["Guardian:FloatingOrbs","Guardian:Gem_Yellow"],"picked":"Guardian:Gem_Purple","floor":12},{"not_picked":["Guardian:Gem_Red","Guardian:Reroute"],"picked":"Guardian:Gem_Lightblue","floor":13},{"not_picked":["Guardian:ChargeCore","Guardian:Gem_Green"],"picked":"Guardian:TemporalStrike","floor":14},{"not_picked":["Guardian:DonusPower","Guardian:TemporalShield","Guardian:Gem_Yellow"],"picked":"SKIP","floor":15},{"not_picked":["Guardian:FastForward","Guardian:RevengeProtocol"],"picked":"Guardian:StasisField","floor":16},{"not_picked":["Guardian:Reroute+1","Guardian:Suspension","Guardian:GuardianWhirl"],"picked":"SKIP","floor":19},{"not_picked":["Guardian:TimeCapacitor","Guardian:Planning"],"picked":"Guardian:SpikerProtocol","floor":22},{"not_picked":["Guardian:TemporalShield","Guardian:BodySlam"],"picked":"Guardian:PrimingBeam+1","floor":26},{"not_picked":["Guardian:Gem_Fragmented","Guardian:PiercingHide"],"picked":"Guardian:WalkerClaw","floor":27},{"not_picked":["Guardian:ShieldCharger","Guardian:TemporalStrike+1"],"picked":"Guardian:Recover","floor":29},{"not_picked":["Guardian:Planning","Guardian:Gem_Yellow"],"picked":"Guardian:Gem_Blue","floor":31},{"not_picked":["Guardian:MultiBeam","Guardian:PrimingBeam"],"picked":"Guardian:PiercingHide","floor":31},{"not_picked":["Guardian:Reroute","Guardian:Incinerate"],"picked":"Guardian:Suspension","floor":32},{"not_picked":["Guardian:DonusPower+1","Guardian:PiercingHide+1"],"picked":"Guardian:Recover","floor":32},{"not_picked":["Guardian:StasisField","Guardian:StasisStrike"],"picked":"Guardian:BaubleBeam","floor":33},{"not_picked":["Guardian:PiercingHide+1","Guardian:Gem_Red"],"picked":"Guardian:Gem_Green","floor":34},{"not_picked":["Guardian:Gem_Green","Guardian:Gem_Lightblue"],"picked":"Guardian:TemporalShield","floor":36},{"not_picked":["Guardian:Gem_Green","Guardian:VentSteam","Guardian:Repulse"],"picked":"SKIP","floor":36},{"not_picked":["Guardian:StasisField","Guardian:DecasProtection+1","Guardian:MultiBeam+1"],"picked":"SKIP","floor":37},{"not_picked":["Guardian:PiercingHide+1","Guardian:RollAttack","Guardian:PrismaticBeam"],"picked":"SKIP","floor":37},{"not_picked":["Guardian:Gem_White","Guardian:PrismaticBeam"],"picked":"Guardian:EvasiveProtocol","floor":38},{"not_picked":["Guardian:Incinerate+1","Guardian:Suspension","Guardian:PolyBeam+1"],"picked":"SKIP","floor":38},{"not_picked":["Guardian:CrystalBeam","Guardian:Gem_Crimson","Guardian:GuardianWhirl"],"picked":"SKIP","floor":39},{"not_picked":["Guardian:RollAttack+1","Guardian:Gem_Blue","Guardian:Reroute"],"picked":"SKIP","floor":39},{"not_picked":["Guardian:Gem_Red","Guardian:BaubleBeam"],"picked":"Guardian:Gem_Cyan","floor":43},{"not_picked":["Guardian:WalkerClaw+1","Guardian:TimeCapacitor+1"],"picked":"Guardian:ArmoredProtocol","floor":45},{"not_picked":["Guardian:Incinerate+1","Guardian:Suspension"],"picked":"Guardian:EvasiveProtocol","floor":45},{"not_picked":["Guardian:WalkerClaw+1","Guardian:Incinerate+1"],"picked":"Guardian:BodySlam","floor":46},{"not_picked":["Guardian:Reroute","Guardian:SentryBeam+1","Guardian:Incinerate"],"picked":"SKIP","floor":48},{"not_picked":["Guardian:CrystalBeam","Guardian:Planning","Guardian:RollAttack+1"],"picked":"SKIP","floor":49},{"not_picked":["Guardian:Incinerate","Guardian:Gem_Green","Guardian:Harden"],"picked":"SKIP","floor":49}],"player_experience":248918,"relics_obtained":[{"floor":7,"key":"Onion Ring"},{"floor":11,"key":"Pet Ghost"},{"floor":24,"key":"infinitespire:BottledMercury"},{"floor":29,"key":"Prayer Wheel"},{"floor":30,"key":"Divine Protection"},{"floor":41,"key":"infinitespire:PuzzleCube"},{"floor":43,"key":"Letter Opener"},{"floor":46,"key":"Frozen Egg 2"}],"event_choices":[{"damage_healed":0,"gold_gain":0,"player_choice":"Trade","damage_taken":0,"relics_obtained":["GremlinMask"],"max_hp_gain":0,"max_hp_loss":0,"event_name":"FaceTrader","floor":5,"gold_loss":0},{"damage_healed":0,"gold_gain":0,"player_choice":"Ignored","damage_taken":0,"max_hp_gain":0,"max_hp_loss":0,"event_name":"Ghosts","floor":23,"gold_loss":0}],"is_beta":false,"boss_relics":[{"not_picked":["Pandora\u0027s Box","Snecko Eye"],"picked":"SlaversCollar"},{"not_picked":["Replay:Wanted Poster","Replay:Drink Me"],"picked":"Tiny House"}],"items_purged_floors":[48],"is_endless":false,"potions_floor_spawned":[10,13,16,31,32,39,43,46,49],"ascension_level":0}}