{"host":"x730sfaw5rd1mxd8","time":1613445135,"event":{"mods":["BaseMod","BetterRewards","Colored Powertips","Highlight Path","Minty Spire (QoL Compilation)","Relic Sorter","Relic Stats","Replay The Spire","StSLib"],"gold_per_floor":[110,124,139,139,139,166,166,193,193,228,228,246,272,302,302,377,377,390,407,465,380,76,105,105,140,140,165,165,191,291,55,55,129,129,141,161,179,194,205,205,223,223,223,223,249,74,108,119,119,119,119,119,119,9,43,43,43],"floor_reached":56,"language":"ENG","playtime":3789,"items_purged":["Strike_G","Strike_G","Strike_G","Overencumbered","Overencumbered"],"score":2822,"play_id":"aa57a48b-bd6d-4c04-9a84-7690dd2c838b","local_time":"20210215221215","is_ascension_mode":true,"campfire_choices":[{"data":"Backflip","floor":7,"key":"SMITH"},{"data":"Footwork","floor":15,"key":"SMITH"},{"data":"Blade Dance","floor":24,"key":"SMITH"},{"data":"Prepared","floor":28,"key":"SMITH"},{"floor":32,"key":"RECALL"},{"data":"Night Terror","floor":40,"key":"SMITH"},{"data":"Neutralize","floor":42,"key":"SMITH"},{"data":"Terror","floor":49,"key":"SMITH"},{"data":"Defend_G+1","floor":53,"key":"SMITH"}],"circlet_count":0,"master_deck":["AscendersBane","Strike_G","Strike_G","Defend_G","Defend_G","Defend_G","Defend_G+2","Defend_G+1","Survivor","Neutralize+1","Dagger Spray+1","Blade Dance","Backstab+1","Sucker Punch+1","Flying Knee+1","PiercingWail","Predator+1","ReplayTheSpireMod:Speed Training","Backflip+1","Neutralize+1","Footwork+1","Deflect","Blade Dance+1","Tools of the Trade+1","Caltrops+1","Reflex","Hidden Blade","Footwork+1","Dagger Throw+1","Prepared+1","Blade Dance","Well Laid Plans+1","Riddle With Holes+1","Night Terror+1","Terror+1","Dodge and Roll"],"relics":["Ring of the Snake","Molten Egg 2","Replay:Wax Seal","TwistedFunnel","Regal Pillow","Lizard Tail","Iron Hammer","Happy Flower","Chemical X","Juzu Bracelet","Darkstone Periapt","Potion Belt","Toy Ornithopter","ReplayTheSpireMod:Ring of Collecting","Basket Of Snakes","Frozen Egg 2","Cursed Key","Lantern","White Beast Statue","ClockworkSouvenir","StrikeDummy","HornCleat","Ring of Fury","Eternal Feather","Snack Pack","Replay:Kaleidoscope","Paper Crane","SacredBark","PreservedInsect","Simple Rune","Orichalcum"],"acts_visited":["Exordium","TheCity","TheBeyond","TheEnding"],"potions_floor_usage":[6,13,13,25,30,33,33,33,38,39,45,48,50,51,51,55,56,56,56],"damage_taken":[{"damage":0,"enemies":"Small Slimes","floor":1,"turns":2},{"damage":0,"enemies":"Cultist","floor":2,"turns":2},{"damage":0,"enemies":"2 Louse","floor":3,"turns":1},{"damage":3,"enemies":"Lagavulin","floor":6,"turns":5},{"damage":8,"enemies":"Replay:BlueRogue","floor":8,"turns":4},{"damage":2,"enemies":"3 Sentries","floor":10,"turns":5},{"damage":0,"enemies":"2 Fungi Beasts","floor":12,"turns":2},{"damage":4,"enemies":"Replay:BlueRogue","floor":13,"turns":4},{"damage":2,"enemies":"The Guardian","floor":16,"turns":13},{"damage":0,"enemies":"Chosen","floor":18,"turns":3},{"damage":0,"enemies":"Shell Parasite","floor":19,"turns":2},{"damage":4,"enemies":"Slavers","floor":23,"turns":4},{"damage":0,"enemies":"Replay:Snechameleon","floor":25,"turns":7},{"damage":0,"enemies":"Book of Stabbing","floor":27,"turns":3},{"damage":4,"enemies":"Replay:Snechameleon","floor":29,"turns":5},{"damage":2,"enemies":"Colosseum Slavers","floor":30,"turns":2},{"damage":0,"enemies":"Colosseum Nobs","floor":30,"turns":2},{"damage":2,"enemies":"Champ","floor":33,"turns":6},{"damage":0,"enemies":"Orb Walker","floor":35,"turns":2},{"damage":0,"enemies":"3 Shapes","floor":36,"turns":3},{"damage":0,"enemies":"Sphere and 2 Shapes","floor":37,"turns":3},{"damage":2,"enemies":"Jaw Worm Horde","floor":38,"turns":3},{"damage":1,"enemies":"4 Shapes","floor":39,"turns":7},{"damage":0,"enemies":"Sphere and 2 Shapes","floor":41,"turns":5},{"damage":5,"enemies":"Reptomancer","floor":45,"turns":3},{"damage":0,"enemies":"R_Hoarder","floor":47,"turns":5},{"damage":8,"enemies":"Writhing Mass","floor":48,"turns":5},{"damage":98,"enemies":"Time Eater","floor":50,"turns":8},{"damage":18,"enemies":"Awakened One","floor":51,"turns":9},{"damage":54,"enemies":"Shield and Spear","floor":55,"turns":8},{"damage":305,"enemies":"The Heart","floor":56,"turns":8}],"seed_played":"7390511903745426245","potions_obtained":[{"floor":1,"key":"Energy Potion"},{"floor":2,"key":"PowerPotion"},{"floor":10,"key":"Toxic Potion"},{"floor":12,"key":"Block Potion"},{"floor":13,"key":"Doom Potion"},{"floor":18,"key":"Block Potion"},{"floor":20,"key":"DistilledChaos"},{"floor":20,"key":"Energy Potion"},{"floor":25,"key":"Strength Potion"},{"floor":29,"key":"PowerPotion"},{"floor":30,"key":"Poison Potion"},{"floor":33,"key":"Venom Potion"},{"floor":35,"key":"CunningPotion"},{"floor":36,"key":"CunningPotion"},{"floor":37,"key":"Fruit Juice"},{"floor":38,"key":"Death Potion"},{"floor":39,"key":"SkillPotion"},{"floor":41,"key":"SpeedPotion"},{"floor":45,"key":"Toxic Potion"},{"floor":48,"key":"Milkshake"},{"floor":55,"key":"Toxic Potion"}],"is_trial":false,"path_per_floor":["M","M","M","?","$","E","R","E","T","E","?","M","E","?","R","B",null,"M","M","?","?","$","E","R","E","T","E","R","E","?","$","R","B",null,"M","M","M","M","M","R","M","R","T","?","E","$","E","M","R","B","B",null,"R","$","E","B"],"character_chosen":"THE_SILENT","items_purchased":["Molten Egg 2","Dagger Spray+1","Blade Dance","Replay:Wax Seal","TwistedFunnel","Regal Pillow","Lizard Tail","Backstab+1","Iron Hammer","Happy Flower","Sucker Punch+1","Chemical X","Flying Knee+1","PiercingWail","Footwork+1","ClockworkSouvenir","Dagger Throw+1","Riddle With Holes+1","Strength Potion","SkillPotion"],"campfire_rested":0,"item_purchase_floors":[0,0,0,0,0,0,0,0,0,0,0,0,0,0,22,22,22,31,54,54],"current_hp_per_floor":[59,59,59,59,59,56,56,48,48,46,46,46,52,52,52,50,62,62,62,68,68,68,64,64,69,75,75,78,74,78,78,78,78,78,78,78,78,88,88,88,88,88,94,89,93,93,94,89,94,9,25,77,94,94,57,0,0],"gold":43,"neow_bonus":"","is_daily":false,"chose_seed":false,"campfire_upgraded":8,"win_rate":0.0,"timestamp":1613445135,"path_taken":["M","M","M","?","?","E","R","E","T","E","?","M","E","?","R","BOSS","M","M","?","?","$","E","R","E","T","E","R","E","?","?","R","BOSS","M","M","M","M","M","R","M","R","T","?","E","$","E","M","R","BOSS","BOSS","R","$","E","BOSS"],"items_purchased_type":["Relic","Card","Card","Relic","Relic","Relic","Relic","Card","Relic","Relic","Card","Relic","Card","Card","Card","Relic","Card","Card","Potion","Potion"],"build_version":"2020-12-22","purchased_purges":5,"victory":false,"max_hp_per_floor":[66,66,66,66,66,66,66,66,66,66,66,66,66,66,66,66,66,66,66,72,72,72,72,72,72,78,78,78,78,78,78,78,78,78,78,78,78,88,88,88,88,88,94,94,94,94,94,94,94,94,94,94,94,94,94,94,94],"relic_stats":{"Darkstone Periapt":18,"Regal Pillow":0,"Happy Flower":[47],"counters":[483,2066],"Eternal Feather":25,"PreservedInsect":852,"Juzu Bracelet":0,"Orichalcum":[12],"Cursed Key":2,"Lizard Tail":47,"Chemical X":[1],"obtain_stats":[{"TwistedFunnel":0,"Replay:Accelerometer":26,"Golden Egg":29,"Vampiric Spirits":0,"Whetstone":55,"Bottled Tornado":54,"Boot":55,"Sling":55,"Old Coin":36,"Blood Vial":20,"Replay:Wanted Poster":34,"Replay:Ringing Soul":48,"Sundial":10,"Replay:Bronze Core":17,"MealTicket":27,"Fusion Hammer":36,"Necronomicon":22,"Replay:Bottled Flurry":30,"Kunai":26,"Replay:Wax Seal":10,"Electric Blood":17,"Replay:Bottled Steam":43,"Pear":46,"Blue Candle":30,"Counterbalance":0,"Tingsha":0,"Eternal Feather":21,"Pen Nib":48,"Replay:Ancient Bell":17,"Paper Crane":8,"Akabeko":43,"SlaversCollar":17,"Snecko Scales":34,"Bird Faced Urn":12,"ReplayTheSpireMod:Ring of Collecting":11,"Snecko Eye":34,"Mark of Pain":0,"StrikeDummy":6,"Unceasing Top":27,"Abe\u0027s Treasure":17,"Ring of the Serpent":34,"Regal Pillow":0,"Lantern":25,"Singing Bowl":10,"Torii":0,"Magic Flower":11,"Painkiller Herb":19,"StoneCalendar":30,"Blue Doll":31,"Bag of Preparation":55,"Replay:Multitool":44,"Cursed Key":34,"Smiling Mask":41,"Burning Blood":0,"Pet Ghost":23,"Replay:Rubber Ducky":55,"Matryoshka":0,"Shovel":0,"Chemical X":21,"Replay:Bottled Eggs":48,"InkBottle":0,"Ring of the Snake":0,"Potion Belt":0,"Lee\u0027s Waffle":54,"The Specimen":25,"Golden Idol":11,"Basket Of Snakes":39,"Thread and Needle":0,"The Courier":14,"PreservedInsect":22,"Omamori":23,"Frozen Egg 2":0,"MawBank":31,"Replay:Arrowhead":9,"Busted Crown":17,"Ornamental Fan":55,"Bloody Idol":19,"Orrery":0,"Turnip":46,"Art of War":40,"Durian":0,"Bottled Lightning":47,"ReplayTheSpireMod:Ring of Challenge":38,"ReplayTheSpireMod:Onyx Gauntlets":34,"ReplayTheSpireMod:Lightbulb":30,"Toy Ornithopter":26,"Ice Cream":14,"Divine Protection":45,"Calipers":32,"Gremlin Horn":9,"Nilry\u0027s Codex":23,"Vajra":28,"Sozu":17,"Centennial Puzzle":9,"Lizard Tail":0,"HornCleat":14,"DollysMirror":30,"Strawberry":28,"Honey Jar":34,"Prayer Wheel":0,"Iron Hammer":0,"Toxic Egg 2":0,"Byrd Skull":11,"Happy Flower":55,"Ring of Hypnosis":4,"ReplayTheSpireMod:CursedCoin":0,"Replay:Grab Bag":34,"Oddly Smooth Stone":26,"Ring of Chaos":47,"Replay:Kaleidoscope":25,"Letter Opener":41,"War Paint":54,"Question Card":0,"Du-Vu Doll":0,"OrangePellets":0,"Bottled Flame":15,"Replay:Baseball":0,"Shuriken":12,"Bronze Scales":12,"Simple Rune":55,"Onion Ring":54,"Molten Egg 2":43,"ReplayTheSpireMod:TigerMarble":17,"Grinning Jar":23,"Pocketwatch":0,"Meat on the Bone":38,"Darkstone Periapt":5,"ReplayFunnel":55,"Replay:PocketPolymizer":27,"SacredBark":34,"Mango":6,"Snake Skull":29,"Incense Burner":45,"Juzu Bracelet":43,"Replay:Mystery Machine":20,"ClockworkSouvenir":45,"Dream Catcher":43,"Nunchaku":24,"Replay:Bandana":10,"TheAbacus":0,"Mummified Hand":48,"Pantograph":23,"Gambling Chip":24,"Tiny Chest":29,"Red Mask":22,"Replay:Bottled Snecko":8,"Replay:Drink Me":34,"Red Skull":6,"Gremlin Food":44,"BargainBundle":7,"ReplayTheSpireMod:Ninjato":40,"Replay:Towering Pillar of Hats":10,"Quantum Egg":46,"Guide Book":0,"Replay:WaspNest":0,"Orichalcum":56,"Odd Mushroom":10,"Medical Kit":42,"White Beast Statue":53,"Mercury Hourglass":0,"Calling Bell":17,"Anchor":11,"CaptainsWheel":43,"Pondfish Scales":55,"ChewingGum":34,"Ring of Fury":26,"Snack Pack":8,"Coffee Dripper":17,"Bag of Marbles":11,"Membership Card":0},{"TwistedFunnel":186,"Replay:Accelerometer":294,"Golden Egg":355,"Vampiric Spirits":61,"Whetstone":91,"Bottled Tornado":218,"Boot":91,"Sling":91,"Old Coin":409,"Blood Vial":26,"Replay:Wanted Poster":297,"Replay:Ringing Soul":275,"Sundial":256,"Replay:Bronze Core":349,"MealTicket":58,"Fusion Hammer":80,"Necronomicon":168,"Replay:Bottled Flurry":236,"Kunai":142,"Replay:Wax Seal":224,"Electric Blood":51,"Replay:Bottled Steam":119,"Pear":122,"Blue Candle":30,"Counterbalance":279,"Tingsha":93,"Eternal Feather":200,"Pen Nib":153,"Replay:Ancient Bell":380,"Paper Crane":66,"Akabeko":212,"SlaversCollar":24,"Snecko Scales":115,"Bird Faced Urn":22,"ReplayTheSpireMod:Ring of Collecting":458,"Snecko Eye":326,"Mark of Pain":0,"StrikeDummy":98,"Unceasing Top":143,"Abe\u0027s Treasure":229,"Ring of the Serpent":268,"Regal Pillow":93,"Lantern":294,"Singing Bowl":21,"Torii":186,"Magic Flower":49,"Painkiller Herb":72,"StoneCalendar":174,"Blue Doll":406,"Bag of Preparation":91,"Replay:Multitool":120,"Cursed Key":31,"Smiling Mask":211,"Burning Blood":0,"Pet Ghost":56,"Replay:Rubber Ducky":91,"Matryoshka":61,"Shovel":279,"Chemical X":200,"Replay:Bottled Eggs":245,"InkBottle":219,"Ring of the Snake":0,"Potion Belt":126,"Lee\u0027s Waffle":277,"The Specimen":76,"Golden Idol":5,"Basket Of Snakes":82,"Thread and Needle":309,"The Courier":7,"PreservedInsect":11,"Omamori":293,"Frozen Egg 2":14,"MawBank":79,"Replay:Arrowhead":131,"Busted Crown":8,"Ornamental Fan":91,"Bloody Idol":319,"Orrery":126,"Turnip":38,"Art of War":36,"Durian":186,"Bottled Lightning":365,"ReplayTheSpireMod:Ring of Challenge":81,"ReplayTheSpireMod:Onyx Gauntlets":268,"ReplayTheSpireMod:Lightbulb":205,"Toy Ornithopter":171,"Ice Cream":23,"Divine Protection":182,"Calipers":296,"Gremlin Horn":20,"Nilry\u0027s Codex":75,"Vajra":77,"Sozu":258,"Centennial Puzzle":5,"Lizard Tail":452,"HornCleat":257,"DollysMirror":144,"Strawberry":13,"Honey Jar":237,"Prayer Wheel":93,"Iron Hammer":248,"Toxic Egg 2":156,"Byrd Skull":66,"Happy Flower":91,"Ring of Hypnosis":421,"ReplayTheSpireMod:CursedCoin":418,"Replay:Grab Bag":268,"Oddly Smooth Stone":57,"Ring of Chaos":122,"Replay:Kaleidoscope":204,"Letter Opener":362,"War Paint":185,"Question Card":186,"Du-Vu Doll":309,"OrangePellets":93,"Bottled Flame":70,"Replay:Baseball":93,"Shuriken":226,"Bronze Scales":6,"Simple Rune":91,"Onion Ring":247,"Molten Egg 2":304,"ReplayTheSpireMod:TigerMarble":164,"Grinning Jar":169,"Pocketwatch":41,"Meat on the Bone":117,"Darkstone Periapt":18,"ReplayFunnel":91,"Replay:PocketPolymizer":403,"SacredBark":470,"Mango":19,"Snake Skull":78,"Incense Burner":87,"Juzu Bracelet":333,"Replay:Mystery Machine":428,"ClockworkSouvenir":151,"Dream Catcher":37,"Nunchaku":75,"Replay:Bandana":100,"TheAbacus":370,"Mummified Hand":183,"Pantograph":12,"Gambling Chip":27,"Tiny Chest":266,"Red Mask":140,"Replay:Bottled Snecko":161,"Replay:Drink Me":407,"Red Skull":47,"Gremlin Food":87,"BargainBundle":223,"ReplayTheSpireMod:Ninjato":149,"Replay:Towering Pillar of Hats":66,"Quantum Egg":87,"Guide Book":93,"Replay:WaspNest":61,"Orichalcum":92,"Odd Mushroom":377,"Medical Kit":119,"White Beast Statue":368,"Mercury Hourglass":61,"Calling Bell":164,"Anchor":66,"CaptainsWheel":86,"Pondfish Scales":91,"ChewingGum":176,"Ring of Fury":465,"Snack Pack":48,"Coffee Dripper":137,"Bag of Marbles":161,"Membership Card":61},{"TwistedFunnel":766,"Replay:Accelerometer":1268,"Golden Egg":1525,"Vampiric Spirits":244,"Whetstone":364,"Bottled Tornado":916,"Boot":364,"Sling":364,"Old Coin":1735,"Blood Vial":107,"Replay:Wanted Poster":1276,"Replay:Ringing Soul":1193,"Sundial":1097,"Replay:Bronze Core":1503,"MealTicket":230,"Fusion Hammer":315,"Necronomicon":684,"Replay:Bottled Flurry":1006,"Kunai":570,"Replay:Wax Seal":943,"Electric Blood":208,"Replay:Bottled Steam":471,"Pear":484,"Blue Candle":123,"Counterbalance":1218,"Tingsha":376,"Eternal Feather":815,"Pen Nib":627,"Replay:Ancient Bell":1602,"Paper Crane":257,"Akabeko":879,"SlaversCollar":100,"Snecko Scales":459,"Bird Faced Urn":86,"ReplayTheSpireMod:Ring of Collecting":1944,"Snecko Eye":1378,"Mark of Pain":0,"StrikeDummy":392,"Unceasing Top":574,"Abe\u0027s Treasure":971,"Ring of the Serpent":1158,"Regal Pillow":376,"Lantern":1268,"Singing Bowl":82,"Torii":766,"Magic Flower":200,"Painkiller Herb":279,"StoneCalendar":706,"Blue Doll":1713,"Bag of Preparation":364,"Replay:Multitool":475,"Cursed Key":130,"Smiling Mask":874,"Burning Blood":0,"Pet Ghost":224,"Replay:Rubber Ducky":364,"Matryoshka":244,"Shovel":1218,"Chemical X":815,"Replay:Bottled Eggs":1055,"InkBottle":925,"Ring of the Snake":0,"Potion Belt":505,"Lee\u0027s Waffle":1204,"The Specimen":292,"Golden Idol":17,"Basket Of Snakes":325,"Thread and Needle":1312,"The Courier":25,"PreservedInsect":40,"Omamori":1267,"Frozen Egg 2":51,"MawBank":304,"Replay:Arrowhead":520,"Busted Crown":30,"Ornamental Fan":364,"Bloody Idol":1345,"Orrery":505,"Turnip":156,"Art of War":146,"Durian":766,"Bottled Lightning":1556,"ReplayTheSpireMod:Ring of Challenge":318,"ReplayTheSpireMod:Onyx Gauntlets":1158,"ReplayTheSpireMod:Lightbulb":842,"Toy Ornithopter":696,"Ice Cream":93,"Divine Protection":740,"Calipers":1273,"Gremlin Horn":78,"Nilry\u0027s Codex":288,"Vajra":296,"Sozu":1110,"Centennial Puzzle":17,"Lizard Tail":1925,"HornCleat":1103,"DollysMirror":580,"Strawberry":48,"Honey Jar":1014,"Prayer Wheel":376,"Iron Hammer":1074,"Toxic Egg 2":649,"Byrd Skull":257,"Happy Flower":364,"Ring of Hypnosis":1800,"ReplayTheSpireMod:CursedCoin":1794,"Replay:Grab Bag":1158,"Oddly Smooth Stone":226,"Ring of Chaos":484,"Replay:Kaleidoscope":837,"Letter Opener":1550,"War Paint":758,"Question Card":766,"Du-Vu Doll":1312,"OrangePellets":376,"Bottled Flame":268,"Replay:Baseball":376,"Shuriken":952,"Bronze Scales":20,"Simple Rune":364,"Onion Ring":1066,"Molten Egg 2":1291,"ReplayTheSpireMod:TigerMarble":674,"Grinning Jar":689,"Pocketwatch":170,"Meat on the Bone":463,"Darkstone Periapt":65,"ReplayFunnel":364,"Replay:PocketPolymizer":1701,"SacredBark":1997,"Mango":73,"Snake Skull":300,"Incense Burner":344,"Juzu Bracelet":1411,"Replay:Mystery Machine":1825,"ClockworkSouvenir":618,"Dream Catcher":151,"Nunchaku":288,"Replay:Bandana":399,"TheAbacus":1574,"Mummified Hand":745,"Pantograph":44,"Gambling Chip":111,"Tiny Chest":1149,"Red Mask":561,"Replay:Bottled Snecko":663,"Replay:Drink Me":1724,"Red Skull":189,"Gremlin Food":344,"BargainBundle":937,"ReplayTheSpireMod:Ninjato":609,"Replay:Towering Pillar of Hats":257,"Quantum Egg":344,"Guide Book":376,"Replay:WaspNest":244,"Orichalcum":369,"Odd Mushroom":1589,"Medical Kit":471,"White Beast Statue":1566,"Mercury Hourglass":244,"Calling Bell":674,"Anchor":257,"CaptainsWheel":341,"Pondfish Scales":364,"ChewingGum":717,"Ring of Fury":1979,"Snack Pack":196,"Coffee Dripper":549,"Bag of Marbles":663,"Membership Card":244}],"Toy Ornithopter":55,"Ring of the Snake":[410]},"card_choices":[{"not_picked":["Concentrate","Bane+1"],"picked":"Predator+1","floor":1},{"not_picked":["Cloak And Dagger","Dagger Throw+1"],"picked":"ReplayTheSpireMod:Speed Training","floor":2},{"not_picked":["Backstab+1","Cloak And Dagger"],"picked":"Backflip","floor":3},{"not_picked":["Quick Slash+1","Terror","Outmaneuver"],"picked":"SKIP","floor":6},{"not_picked":["Concentrate","Dagger Spray+1"],"picked":"Footwork","floor":8},{"not_picked":["Distraction","Dagger Throw+1"],"picked":"Deflect","floor":10},{"not_picked":["Dagger Spray+1","Quick Slash+1","PiercingWail"],"picked":"SKIP","floor":12},{"not_picked":["Endless Agony+1","Slice+1"],"picked":"Blade Dance","floor":13},{"not_picked":["Bullet Time","Glass Knife+1"],"picked":"Tools of the Trade+1","floor":16},{"not_picked":["Dodge and Roll","Distraction"],"picked":"Caltrops+1","floor":18},{"not_picked":["Bane+1","Fluid Movement+1"],"picked":"Reflex","floor":19},{"not_picked":["Draining Mist","Outmaneuver"],"picked":"Hidden Blade","floor":20},{"not_picked":["Dodge and Roll","Poisoned Stab+1","Dagger Throw+1"],"picked":"SKIP","floor":23},{"not_picked":["Backflip","Replay:Poison Smokescreen"],"picked":"Prepared","floor":25},{"not_picked":["Dagger Spray+1","Unload+1"],"picked":"Blade Dance","floor":27},{"not_picked":["Reflex","Deflect"],"picked":"Well Laid Plans+1","floor":29},{"not_picked":["Unload+1","Burst"],"picked":"Night Terror","floor":33},{"not_picked":["Underhanded Strike+1","Bane+1"],"picked":"Terror","floor":35},{"not_picked":["Quick Slash+1","Sucker Punch+1","ReplayTheSpireMod:Shiv Toss"],"picked":"SKIP","floor":36},{"not_picked":["Blade Dance","Well Laid Plans+1","Dagger Throw+1"],"picked":"SKIP","floor":37},{"not_picked":["Blade Dance","PiercingWail","Draining Mist"],"picked":"SKIP","floor":38},{"not_picked":["Sucker Punch+1","Cloak And Dagger","Heel Hook+1"],"picked":"SKIP","floor":39},{"not_picked":["Flying Knee+1","Hidden Blade","Blade Dance+1"],"picked":"SKIP","floor":41},{"not_picked":["Caltrops+1","ReplayTheSpireMod:Scrap Shanks+1","Cloak And Dagger"],"picked":"SKIP","floor":45},{"not_picked":["Dagger Spray+1","Dagger Throw+1","Endless Agony+1"],"picked":"SKIP","floor":47},{"not_picked":["Die Die Die+1","Slice+1","Bane+1"],"picked":"SKIP","floor":48},{"not_picked":["ReplayTheSpireMod:Exploit Weakness+1","Prepared+1"],"picked":"Dodge and Roll","floor":55}],"player_experience":4170428,"relics_obtained":[{"floor":6,"key":"Juzu Bracelet"},{"floor":8,"key":"Darkstone Periapt"},{"floor":9,"key":"Potion Belt"},{"floor":10,"key":"Toy Ornithopter"},{"floor":11,"key":"ReplayTheSpireMod:Ring of Collecting"},{"floor":13,"key":"Basket Of Snakes"},{"floor":20,"key":"Lantern"},{"floor":25,"key":"StrikeDummy"},{"floor":26,"key":"HornCleat"},{"floor":26,"key":"Ring of Fury"},{"floor":27,"key":"Eternal Feather"},{"floor":29,"key":"Snack Pack"},{"floor":30,"key":"Replay:Kaleidoscope"},{"floor":30,"key":"Paper Crane"},{"floor":45,"key":"PreservedInsect"},{"floor":47,"key":"Simple Rune"},{"floor":55,"key":"Orichalcum"}],"event_choices":[{"damage_healed":0,"gold_gain":0,"player_choice":"1 cards matched","damage_taken":0,"max_hp_gain":0,"max_hp_loss":0,"event_name":"Match and Keep!","floor":4,"gold_loss":0,"cards_obtained":["Neutralize"]},{"damage_healed":0,"gold_gain":30,"player_choice":"Searched \u00272\u0027 times","damage_taken":0,"relics_obtained":["Frozen Egg 2"],"max_hp_gain":0,"max_hp_loss":0,"event_name":"Dead Adventurer","floor":14,"gold_loss":0},{"damage_healed":0,"gold_gain":0,"player_choice":"Obtained Relic","damage_taken":0,"relics_obtained":["White Beast Statue"],"max_hp_gain":0,"max_hp_loss":0,"event_name":"Addict","floor":21,"gold_loss":85},{"damage_healed":0,"gold_gain":0,"player_choice":"Fight","damage_taken":0,"max_hp_gain":0,"max_hp_loss":0,"event_name":"Colosseum","floor":30,"gold_loss":0},{"damage_healed":0,"gold_gain":0,"player_choice":"Fought Nobs","damage_taken":0,"max_hp_gain":0,"max_hp_loss":0,"event_name":"Colosseum","floor":30,"gold_loss":0},{"damage_healed":0,"gold_gain":0,"player_choice":"Bought 0 Potions","damage_taken":0,"max_hp_gain":0,"max_hp_loss":0,"event_name":"The Woman in Blue","floor":44,"gold_loss":0}],"is_beta":false,"boss_relics":[{"not_picked":["Kintsugi","Philosopher\u0027s Stone"],"picked":"Cursed Key"},{"not_picked":["Astrolabe","Painkiller Herb"],"picked":"SacredBark"}],"items_purged_floors":[0,0,0,31,46],"is_endless":false,"potions_floor_spawned":[1,2,10,12,13,18,23,25,27,29,30,30,33,35,36,37,38,39,41,45,47,48,55],"killed_by":"The Heart","ascension_level":20}}