{"host":"aapp7ew3jk5k1bvd","time":1613487292,"event":{"mods":["AchievementEnabler","BaseMod","Colored Map","Custom Start","Keyboard Shortcuts","Minty Spire (QoL Compilation)","Permanent Neow","Quick Restart","StSLib","SuperFastMode"],"gold_per_floor":[367,383,211,211,230,230,261,261,261,271,19,34,34,46,46,142,192,204,204,144,243,243,243,49,49,131,159,178,178,209,74,74,179,179,196,126,0,17,17,17,30,30,56,73,84,84,84,84,84,84,84],"floor_reached":50,"language":"KOR","playtime":1485,"items_purged":["Decay","Strike_G","Strike_G"],"score":579,"play_id":"63e1ec7f-913f-4adb-a5c2-f9825c627286","local_time":"20210216235452","is_ascension_mode":true,"campfire_choices":[{"data":"Catalyst","floor":6.0,"key":"SMITH"},{"floor":8.0,"key":"REST"},{"data":"Poisoned Stab","floor":15.0,"key":"SMITH"},{"data":"Footwork","floor":23.0,"key":"SMITH"},{"floor":32.0,"key":"REST"},{"data":"Noxious Fumes","floor":40.0,"key":"SMITH"},{"data":"Venomology","floor":42.0,"key":"SMITH"},{"floor":46,"key":"REST"},{"floor":49,"key":"REST"}],"circlet_count":0,"master_deck":["Strike_G","Defend_G","Defend_G","Defend_G","Defend_G","Defend_G","Survivor","Neutralize","Deadly Poison","Poisoned Stab+1","Catalyst+1","Backstab+1","Footwork","Burst","Footwork+1","Footwork","Blur","Noxious Fumes+1","PiercingWail","Venomology+1","Bullet Time","Noxious Fumes+1","Bouncing Flask+1","Poisoned Stab","Catalyst+1"],"relics":["Ring of the Snake","Paper Crane","Oddly Smooth Stone","TwistedFunnel","Tiny House","Kunai","Tingsha","Bottled Tornado","WristBlade","Red Mask","Juzu Bracelet"],"acts_visited":["Exordium","TheCity","TheBeyond"],"potions_floor_usage":[50,50],"damage_taken":[{"damage":2.0,"enemies":"Cultist","floor":1.0,"turns":3.0},{"damage":8.0,"enemies":"Jaw Worm","floor":2.0,"turns":8.0},{"damage":0.0,"enemies":"2 Louse","floor":5.0,"turns":4.0},{"damage":34.0,"enemies":"Gremlin Nob","floor":7.0,"turns":4.0},{"damage":1.0,"enemies":"Blue Slaver","floor":10.0,"turns":4.0},{"damage":2.0,"enemies":"Exordium Thugs","floor":12.0,"turns":6.0},{"damage":0.0,"enemies":"2 Fungi Beasts","floor":14.0,"turns":2.0},{"damage":8.0,"enemies":"Hexaghost","floor":16.0,"turns":11.0},{"damage":2.0,"enemies":"Chosen","floor":18.0,"turns":6.0},{"damage":6.0,"enemies":"2 Thieves","floor":20.0,"turns":4.0},{"damage":0.0,"enemies":"Book of Stabbing","floor":27.0,"turns":7.0},{"damage":4.0,"enemies":"Snecko","floor":28.0,"turns":5.0},{"damage":4.0,"enemies":"Gremlin Leader","floor":30.0,"turns":7.0},{"damage":33.0,"enemies":"Collector","floor":33.0,"turns":8.0},{"damage":0.0,"enemies":"3 Darklings","floor":35.0,"turns":21.0},{"damage":0.0,"enemies":"3 Shapes","floor":38.0,"turns":5.0},{"damage":12.0,"enemies":"Writhing Mass","floor":41.0,"turns":4.0},{"damage":43.0,"enemies":"Transient","floor":44.0,"turns":5.0},{"damage":6,"enemies":"Maw","floor":45,"turns":7},{"damage":100,"enemies":"Awakened One","floor":50,"turns":12}],"seed_played":"-2262345709032802125","potions_obtained":[{"floor":5.0,"key":"FairyPotion"},{"floor":10.0,"key":"SpeedPotion"},{"floor":12.0,"key":"PowerPotion"},{"floor":16.0,"key":"Poison Potion"},{"floor":30.0,"key":"EntropicBrew"}],"is_trial":false,"path_per_floor":["M","M","$","?","M","R","E","R","T","M","$","M","?","M","R","B",null,"M","?","M","?","?","R","$","?","T","E","M","?","E","$","R","B",null,"M","$","?","M","?","R","M","R","T","M","M","R","?","?","R","B"],"character_chosen":"THE_SILENT","items_purchased":["Poisoned Stab","Catalyst","TwistedFunnel","Noxious Fumes","Venomology","Noxious Fumes"],"campfire_rested":4,"item_purchase_floors":[3,3,11,24,31,36],"current_hp_per_floor":[68,60,60,53,53,53,19,40,40,39,39,37,37,37,37,29,75,73,73,67,67,53,53,53,53,53,53,49,49,45,45,69,36,80,80,80,80,80,80,80,68,68,68,25,19,43,43,43,67,0,0],"gold":84,"neow_bonus":"TWO_FIFTY_GOLD","is_daily":false,"chose_seed":false,"campfire_upgraded":5,"win_rate":0.0,"timestamp":1613487292,"path_taken":["M","?","$","?","M","R","E","R","T","M","$","M","?","M","R","BOSS","M","?","M","?","?","R","$","?","T","E","M","?","E","?","R","BOSS","M","$","?","M","?","R","?","R","T","M","M","R","?","?","R","BOSS"],"items_purchased_type":["Card","Card","Relic","Card","Card","Card"],"build_version":"2020-12-22","purchased_purges":3,"victory":false,"max_hp_per_floor":[70,70,70,70,70,70,70,70,70,70,70,70,70,70,70,70,75,75,75,75,75,80,80,80,80,80,80,80,80,80,80,80,80,80,80,80,80,80,80,80,80,80,80,80,80,80,80,80,80,80,80],"card_choices":[{"not_picked":["Dagger Spray","Flying Knee","Deflect"],"picked":"SKIP","floor":1.0},{"not_picked":["Heel Hook","Dagger Throw"],"picked":"Deadly Poison","floor":2.0},{"not_picked":["Deadly Poison","Bane","Caltrops"],"picked":"SKIP","floor":5.0},{"not_picked":["All Out Attack","Sucker Punch","Infinite Blades"],"picked":"SKIP","floor":7.0},{"not_picked":["All Out Attack","Sucker Punch","Infinite Blades"],"picked":"SKIP","floor":7.0},{"not_picked":["Outmaneuver","Leg Sweep","Setup"],"picked":"SKIP","floor":10.0},{"not_picked":["Deflect","Dagger Spray"],"picked":"Backstab","floor":12.0},{"not_picked":["Flechettes","Poisoned Stab"],"picked":"Footwork","floor":14.0},{"not_picked":["Die Die Die","Doppelganger"],"picked":"Burst","floor":16.0},{"not_picked":["Masterful Stab","Acrobatics"],"picked":"Footwork","floor":17.0},{"not_picked":["Outmaneuver","Acrobatics+1"],"picked":"Footwork","floor":18.0},{"not_picked":["All Out Attack","Caltrops+1"],"picked":"Blur","floor":20.0},{"not_picked":["Distraction","Setup+1","Prepared+1"],"picked":"SKIP","floor":27.0},{"not_picked":["Leg Sweep","Quick Slash","Choke"],"picked":"SKIP","floor":28.0},{"not_picked":["Flying Knee","Terror+1","Tactician"],"picked":"SKIP","floor":30.0},{"not_picked":["Unload","Storm of Steel"],"picked":"Bullet Time","floor":33.0},{"not_picked":["Masterful Stab+1","PiercingWail","Deflect"],"picked":"SKIP","floor":35.0},{"not_picked":["Dagger Throw+1","Acrobatics+1"],"picked":"Bouncing Flask+1","floor":38.0},{"not_picked":["Deflect","Blade Dance+1"],"picked":"Poisoned Stab","floor":41.0},{"not_picked":["Dagger Spray","Bullet Time","Prepared+1"],"picked":"SKIP","floor":44.0},{"not_picked":["Acrobatics+1","Dagger Throw+1","Noxious Fumes"],"picked":"SKIP","floor":45}],"player_experience":1010706,"relics_obtained":[{"floor":7.0,"key":"Paper Crane"},{"floor":9.0,"key":"Oddly Smooth Stone"},{"floor":26.0,"key":"Kunai"},{"floor":27.0,"key":"Tingsha"},{"floor":30.0,"key":"Bottled Tornado"},{"floor":43.0,"key":"Juzu Bracelet"}],"event_choices":[{"cards_removed":["Strike_G"],"damage_healed":0.0,"max_hp_gain":0.0,"max_hp_loss":0.0,"gold_gain":0.0,"event_name":"Golden Wing","player_choice":"Card Removal","floor":4.0,"gold_loss":0.0,"damage_taken":7.0},{"damage_healed":0.0,"max_hp_gain":0.0,"max_hp_loss":0.0,"gold_gain":0.0,"event_name":"Liars Game","player_choice":"Ignored","floor":13.0,"gold_loss":0.0,"damage_taken":0.0},{"damage_healed":0.0,"max_hp_gain":0.0,"max_hp_loss":0.0,"gold_gain":0.0,"event_name":"The Woman in Blue","player_choice":"Bought 0 Potions","floor":19.0,"gold_loss":0.0,"damage_taken":0.0},{"damage_healed":0.0,"max_hp_gain":0.0,"max_hp_loss":0.0,"gold_gain":99.0,"event_name":"Nest","player_choice":"Stole From Cult","floor":21.0,"gold_loss":0.0,"damage_taken":0.0},{"damage_healed":0.0,"max_hp_gain":5.0,"max_hp_loss":0.0,"gold_gain":0.0,"event_name":"Forgotten Altar","player_choice":"Shed Blood","floor":22.0,"gold_loss":0.0,"damage_taken":19.0},{"damage_healed":0.0,"max_hp_gain":0.0,"max_hp_loss":0.0,"gold_gain":0.0,"event_name":"The Library","player_choice":"Read","floor":25.0,"gold_loss":0.0,"damage_taken":0.0,"cards_obtained":["PiercingWail"]},{"cards_removed":["Strike_G"],"damage_healed":0.0,"max_hp_gain":0.0,"max_hp_loss":0.0,"gold_gain":0.0,"event_name":"Back to Basics","player_choice":"Elegance","floor":29.0,"gold_loss":0.0,"damage_taken":0.0},{"damage_healed":0.0,"max_hp_gain":0.0,"max_hp_loss":0.0,"gold_gain":0.0,"event_name":"Tomb of Lord Red Mask","player_choice":"Paid","floor":37.0,"gold_loss":126.0,"damage_taken":0.0,"relics_obtained":["Red Mask"]},{"damage_healed":0.0,"max_hp_gain":0.0,"max_hp_loss":0.0,"gold_gain":0.0,"event_name":"Accursed Blacksmith","player_choice":"Forge","floor":39.0,"gold_loss":0.0,"damage_taken":0.0,"cards_upgraded":["Noxious Fumes"]},{"damage_healed":0,"gold_gain":0,"player_choice":"Copied","damage_taken":0,"max_hp_gain":0,"max_hp_loss":0,"event_name":"Duplicator","floor":47,"gold_loss":0,"cards_obtained":["Catalyst"]},{"damage_healed":0,"gold_gain":0,"player_choice":"Memory 1","damage_taken":0,"max_hp_gain":0,"max_hp_loss":0,"event_name":"SensoryStone","floor":48,"gold_loss":0}],"is_beta":false,"boss_relics":[{"not_picked":["HoveringKite","Busted Crown"],"picked":"Tiny House"},{"not_picked":["Coffee Dripper","Pandora\u0027s Box"],"picked":"WristBlade"}],"items_purged_floors":[3,11,24],"is_endless":false,"potions_floor_spawned":[5,10,12,16,28,30,41],"killed_by":"Awakened One","ascension_level":2}}