{"host":"pj7egx7jkoz18hom","time":1613515393,"event":{"mods":["AchievementEnabler","BaseMod","Keyboard Shortcuts","Minty Spire (QoL Compilation)","SuperFastMode"],"gold_per_floor":[118,135,154,171,171,171,185,196,196,214,233,10,28,41,41,141,141,130,229,248,266,266,266,286,139,166,166,184,184],"floor_reached":28,"language":"KOR","playtime":1015,"items_purged":["Strike_B"],"score":220,"play_id":"02432bd7-070b-47e6-9393-9186ca74bf6b","local_time":"20210217074313","is_ascension_mode":false,"campfire_choices":[{"data":"1","floor":6,"key":"LIFT"},{"floor":15,"key":"REST"},{"data":"2","floor":23,"key":"LIFT"},{"floor":27,"key":"REST"}],"circlet_count":0,"master_deck":["Strike_B+1","Strike_B+1","Defend_B","Defend_B","Defend_B","Zap","Dualcast","BootSequence","Chaos","Go for the Eyes","Ball Lightning","Conserve Battery","Sunder","Lockon","Echo Form","Leap","Steam","Seek","Auto Shields","Self Repair","Defragment+1"],"relics":["Cracked Core","Girya","Ornamental Fan","MealTicket","Empty Cage","MutagenicStrength","Juzu Bracelet","PreservedInsect"],"acts_visited":["Exordium","TheCity"],"potions_floor_usage":[8,13,16,24],"damage_taken":[{"damage":8,"enemies":"Jaw Worm","floor":1,"turns":3},{"damage":0,"enemies":"2 Louse","floor":2,"turns":2},{"damage":5,"enemies":"Small Slimes","floor":3,"turns":4},{"damage":2,"enemies":"Looter","floor":4,"turns":3},{"damage":3,"enemies":"Lots of Slimes","floor":7,"turns":3},{"damage":0,"enemies":"Exordium Thugs","floor":8,"turns":2},{"damage":0,"enemies":"Large Slime","floor":10,"turns":3},{"damage":1,"enemies":"3 Louse","floor":11,"turns":2},{"damage":0,"enemies":"Exordium Wildlife","floor":13,"turns":3},{"damage":0,"enemies":"2 Fungi Beasts","floor":14,"turns":3},{"damage":30,"enemies":"Hexaghost","floor":16,"turns":7},{"damage":11,"enemies":"2 Thieves","floor":18,"turns":4},{"damage":22,"enemies":"Spheric Guardian","floor":20,"turns":4},{"damage":4,"enemies":"Centurion and Healer","floor":21,"turns":6},{"damage":30,"enemies":"Sentry and Sphere","floor":24,"turns":5},{"damage":38,"enemies":"Cultist and Chosen","floor":28,"turns":6}],"seed_played":"2516939313423607452","potions_obtained":[{"floor":1,"key":"AttackPotion"},{"floor":2,"key":"FairyPotion"},{"floor":7,"key":"AttackPotion"},{"floor":10,"key":"AttackPotion"},{"floor":13,"key":"Regen Potion"},{"floor":16,"key":"PotionOfCapacity"},{"floor":24,"key":"DuplicationPotion"}],"is_trial":false,"path_per_floor":["M","M","M","M","?","R","M","M","T","M","M","$","M","M","R","B",null,"M","?","M","M","?","R","M","$","T","R","M"],"character_chosen":"DEFECT","items_purchased":["MealTicket","Juzu Bracelet"],"campfire_rested":2,"item_purchase_floors":[12,25],"current_hp_per_floor":[60,60,55,53,39,39,36,36,36,36,35,35,35,35,55,25,68,57,57,35,31,31,31,22,37,37,57,26,26],"gold":184,"neow_bonus":"ONE_RARE_RELIC","is_daily":false,"chose_seed":false,"campfire_upgraded":0,"win_rate":0.0,"timestamp":1613515393,"path_taken":["M","M","M","M","?","R","M","M","T","M","M","$","M","M","R","BOSS","M","?","M","M","?","R","M","$","T","R","M"],"items_purchased_type":["Relic","Relic"],"build_version":"2020-12-22","purchased_purges":1,"victory":false,"max_hp_per_floor":[68,68,68,68,68,68,68,68,68,68,68,68,68,68,68,68,68,68,68,68,68,68,68,68,68,68,68,68,68],"card_choices":[{"not_picked":["Gash","Go for the Eyes"],"picked":"BootSequence","floor":1},{"not_picked":["Ball Lightning","Aggregate"],"picked":"Chaos","floor":2},{"not_picked":["Chill","Consume"],"picked":"Go for the Eyes","floor":3},{"not_picked":["Blizzard","Barrage"],"picked":"Ball Lightning","floor":4},{"not_picked":["Gash","Streamline"],"picked":"Conserve Battery","floor":7},{"not_picked":["Rebound","Coolheaded"],"picked":"Sunder","floor":8},{"not_picked":["Steam Power","Compile Driver"],"picked":"Lockon","floor":10},{"not_picked":["Scrape","Hologram"],"picked":"Echo Form","floor":11},{"not_picked":["Force Field","Gash"],"picked":"Leap","floor":13},{"not_picked":["Coolheaded","Undo"],"picked":"Steam","floor":14},{"not_picked":["All For One","Fission"],"picked":"Seek","floor":16},{"not_picked":["Consume","Storm","Go for the Eyes+1"],"picked":"SKIP","floor":18},{"not_picked":["Scrape","Hello World"],"picked":"Auto Shields","floor":20},{"not_picked":["Rip and Tear","Coolheaded"],"picked":"Self Repair","floor":21},{"not_picked":["Sweeping Beam","Conserve Battery","Barrage+1"],"picked":"SKIP","floor":24},{"not_picked":["Streamline","Stack"],"picked":"Defragment+1","floor":28}],"player_experience":122411,"relics_obtained":[{"floor":9,"key":"Ornamental Fan"},{"floor":26,"key":"PreservedInsect"}],"event_choices":[{"damage_healed":0,"gold_gain":0,"player_choice":"Entered Light","damage_taken":14,"max_hp_gain":0,"max_hp_loss":0,"event_name":"Shining Light","floor":5,"gold_loss":0,"cards_upgraded":["Strike_B","Strike_B"]},{"damage_healed":0,"gold_gain":99,"player_choice":"Stole From Cult","damage_taken":0,"max_hp_gain":0,"max_hp_loss":0,"event_name":"Nest","floor":19,"gold_loss":0},{"damage_healed":0,"gold_gain":0,"player_choice":"Inject Mutagens","damage_taken":0,"relics_obtained":["MutagenicStrength"],"max_hp_gain":0,"max_hp_loss":0,"event_name":"Drug Dealer","floor":22,"gold_loss":0}],"is_beta":false,"boss_relics":[{"not_picked":["Velvet Choker","Snecko Eye"],"picked":"Empty Cage"}],"items_purged_floors":[12],"is_endless":false,"potions_floor_spawned":[1,2,7,10,13,16,20,21,24],"killed_by":"Cultist and Chosen","ascension_level":0}}