{"host":"3c8x8j1h2jyrixpf","time":1613436644,"event":{"mods":["BaseMod","Colored Powertips","Highlight Path","Minty Spire (QoL Compilation)","StSLib"],"gold_per_floor":[112,112,37,37,53,82,82,114,114,128,144,144,172,186,186,288,288,307,247,247,247],"floor_reached":20,"language":"ENG","playtime":613,"items_purged":["Strike_B"],"score":336,"play_id":"09b3f303-6778-4eaa-97ad-2a096b8a1e04","local_time":"20210215185044","is_ascension_mode":true,"campfire_choices":[{"data":"Reinforced Body","floor":7,"key":"SMITH"},{"floor":12,"key":"REST"},{"floor":15,"key":"REST"}],"circlet_count":0,"master_deck":["AscendersBane","Strike_B","Strike_B","Defend_B","Defend_B","Defend_B","Defend_B","Zap+1","Dualcast","Conserve Battery","Reinforced Body+1","Cold Snap","Lockon","Capacitor","Loop","Machine Learning","Sunder"],"relics":["Cracked Core","NeowsBlessing","Singing Bowl","Orichalcum","Matryoshka","Darkstone Periapt","Black Star"],"acts_visited":["Exordium","TheCity"],"potions_floor_usage":[8,13],"damage_taken":[{"damage":0,"enemies":"2 Louse","floor":1,"turns":1},{"damage":0,"enemies":"Cultist","floor":5,"turns":1},{"damage":0,"enemies":"Lagavulin","floor":6,"turns":1},{"damage":52,"enemies":"Gremlin Nob","floor":8,"turns":6},{"damage":2,"enemies":"Small Slimes","floor":10,"turns":5},{"damage":4,"enemies":"Red Slaver","floor":11,"turns":3},{"damage":7,"enemies":"3 Sentries","floor":13,"turns":8},{"damage":3,"enemies":"Blue Slaver","floor":14,"turns":2},{"damage":47,"enemies":"Slime Boss","floor":16,"turns":15},{"damage":29,"enemies":"Spheric Guardian","floor":18,"turns":6},{"damage":25,"enemies":"2 Thieves","floor":19,"turns":4},{"damage":15,"enemies":"Masked Bandits","floor":20,"turns":2}],"seed_played":"-8896105732026547915","potions_obtained":[{"floor":1,"key":"Dexterity Potion"},{"floor":6,"key":"SkillPotion"},{"floor":8,"key":"Ancient Potion"},{"floor":11,"key":"PowerPotion"},{"floor":18,"key":"BlessingOfTheForge"}],"is_trial":false,"path_per_floor":["M","?","$","?","M","E","R","E","T","M","M","R","E","M","R","B",null,"M","M","?"],"character_chosen":"DEFECT","items_purchased":[],"campfire_rested":2,"item_purchase_floors":[],"current_hp_per_floor":[68,68,68,68,68,68,68,16,16,14,12,35,28,25,48,1,58,31,6,0,0],"gold":247,"neow_bonus":"THREE_ENEMY_KILL","is_daily":false,"chose_seed":false,"campfire_upgraded":1,"win_rate":0.0,"timestamp":1613436644,"path_taken":["M","?","?","?","M","E","R","E","T","M","M","R","E","?","R","BOSS","M","M","?"],"items_purchased_type":[],"build_version":"2020-12-22","purchased_purges":1,"victory":false,"max_hp_per_floor":[75,75,75,75,75,75,75,75,75,75,77,77,77,77,77,77,77,79,79,79,79],"card_choices":[{"not_picked":["Aggregate","Beam Cell"],"picked":"Conserve Battery","floor":1},{"not_picked":["Force Field","Turbo","Recycle"],"picked":"SKIP","floor":5},{"not_picked":["Hyperbeam","Auto Shields"],"picked":"Reinforced Body","floor":6},{"not_picked":["Chaos","Leap"],"picked":"Cold Snap","floor":8},{"not_picked":["Rebound","Hologram"],"picked":"Lockon","floor":10},{"not_picked":["Reprogram","Conserve Battery","Lockon"],"picked":"Singing Bowl","floor":11},{"not_picked":["Thunder Strike","Hologram"],"picked":"Capacitor","floor":13},{"not_picked":["Barrage","Leap"],"picked":"Loop","floor":14},{"not_picked":["Thunder Strike","All For One"],"picked":"Machine Learning","floor":16},{"not_picked":["Cold Snap","Leap","Beam Cell"],"picked":"Singing Bowl","floor":18},{"not_picked":["Go for the Eyes+1","Force Field"],"picked":"Sunder","floor":19}],"player_experience":255079,"relics_obtained":[{"floor":6,"key":"Singing Bowl"},{"floor":8,"key":"Orichalcum"},{"floor":9,"key":"Matryoshka"},{"floor":13,"key":"Darkstone Periapt"}],"event_choices":[{"damage_healed":0,"gold_gain":0,"player_choice":"Upgraded","damage_taken":0,"max_hp_gain":0,"max_hp_loss":0,"event_name":"Upgrade Shrine","floor":2,"gold_loss":0,"cards_upgraded":["Zap"]},{"cards_removed":["Strike_B"],"damage_healed":0,"gold_gain":0,"player_choice":"Card Removal","damage_taken":0,"max_hp_gain":0,"max_hp_loss":0,"event_name":"Wheel of Change","floor":4,"gold_loss":0},{"damage_healed":0,"gold_gain":0,"player_choice":"Fought Bandits","damage_taken":0,"max_hp_gain":0,"max_hp_loss":0,"event_name":"Masked Bandits","floor":20,"gold_loss":0}],"is_beta":false,"boss_relics":[{"not_picked":["Coffee Dripper","Tiny House"],"picked":"Black Star"}],"items_purged_floors":[3],"is_endless":false,"potions_floor_spawned":[1,6,8,11,18],"killed_by":"Masked Bandits","ascension_level":11}}