{"host":"qwv9nni2x0umspiu","time":1613500699,"event":{"mods":["BaseMod","Downfall","Minty Spire (QoL Compilation)","Replay The Spire","StSLib","The Hierophant","Wandering Minibosses"],"gold_per_floor":[117,131,131,14,14,55,55,81,134,134,156,178,178,220,220,279,279,286,294,199,249,272,272,314,322,322,318,318],"floor_reached":27,"language":"ENG","playtime":1206,"items_purged":["Overencumbered"],"score":602,"play_id":"5235b304-501c-4a84-9447-6fc0bcdd84c0","local_time":"20210216103819","is_ascension_mode":true,"campfire_choices":[{"data":"hierophant:ChurchCoffers","floor":7.0,"key":"SMITH"},{"data":"hierophant:Punish","floor":10.0,"key":"SMITH"},{"data":"hierophant:Exaltation","floor":13.0,"key":"SMITH"},{"data":"hierophant:HammerAndAnvil","floor":15.0,"key":"SMITH"},{"data":"hierophant:Upheaval","floor":23.0,"key":"SMITH"}],"circlet_count":0,"master_deck":["AscendersBane","hierophant:Strike_Hierophant","hierophant:Strike_Hierophant","hierophant:Punish+1","hierophant:ChurchCoffers+1","hierophant:Doubloon","hierophant:CoinFling+1","hierophant:Community","hierophant:SealAway+1","hierophant:Smite","hierophant:HammerAndAnvil+1","hierophant:Exaltation+1","hierophant:DivineIntervention","downfall:Icky","hierophant:Zeal","hierophant:Upheaval+1","Replay:Hysterical Blindness","hierophant:HammerAndAnvil","hierophant:Racketeering","hierophant:ArchangelShield"],"relics":["hierophant:PropheticMaskRelic","NeowsBlessing","SsserpentHead","Art of War","Juzu Bracelet","ReplayFunnel","The Courier","Replay:Grab Bag","Cursed Key","ReplayTheSpireMod:DimensionalGlitch","Kintsugi","Strawberry"],"acts_visited":["Exordium","TheCity"],"potions_floor_usage":[27],"damage_taken":[{"damage":0.0,"enemies":"Small Slimes","floor":1.0,"turns":1.0},{"damage":0.0,"enemies":"Jaw Worm","floor":2.0,"turns":1.0},{"damage":0.0,"enemies":"3 Sentries","floor":6.0,"turns":1.0},{"damage":0.0,"enemies":"Cultist","floor":8.0,"turns":2.0},{"damage":11.0,"enemies":"Looter","floor":11.0,"turns":2.0},{"damage":25.0,"enemies":"Lagavulin","floor":12.0,"turns":4.0},{"damage":10.0,"enemies":"3 Sentries","floor":14.0,"turns":4.0},{"damage":12.0,"enemies":"Fading Forest","floor":16.0,"turns":13.0},{"damage":0.0,"enemies":"Shell Parasite","floor":18.0,"turns":3.0},{"damage":0.0,"enemies":"3 Byrds","floor":19.0,"turns":2.0},{"damage":21.0,"enemies":"Shelled Parasite and Fungi","floor":22.0,"turns":3.0},{"damage":29.0,"enemies":"Gremlin Leader","floor":24.0,"turns":3.0},{"damage":17,"enemies":"Snake Plant","floor":25,"turns":2},{"damage":0,"enemies":"Replay:Snechameleon","floor":27,"turns":1}],"seed_played":"2114428015443481402","potions_obtained":[{"floor":11.0,"key":"Energy Potion"},{"floor":14.0,"key":"sneckomod:MuddlingPotion"},{"floor":16.0,"key":"Strength Potion"},{"floor":25,"key":"DuplicationPotion"}],"is_trial":false,"path_per_floor":["M","M","?","$","?","E","R","M","T","R","M","E","R","E","R","B",null,"M","M","$","T","M","R","E","M","T","E"],"character_chosen":"HIEROPHANT","items_purchased":["hierophant:Community","hierophant:SealAway+1","hierophant:Upheaval"],"campfire_rested":0,"item_purchase_floors":[4,4,20],"current_hp_per_floor":[68,68,68,68,68,68,68,68,68,68,57,32,32,22,22,18,61,61,61,61,61,40,40,18,1,1,1,1],"gold":318,"neow_bonus":"THREE_ENEMY_KILL","is_daily":false,"chose_seed":false,"campfire_upgraded":5,"win_rate":0.0,"timestamp":1613500699,"path_taken":["M","M","?","$","?","E","R","M","T","R","M","E","R","E","R","BOSS","M","M","$","?","M","R","E","M","T","E"],"items_purchased_type":["Card","Card","Card"],"build_version":"2020-12-22","purchased_purges":1,"victory":false,"max_hp_per_floor":[75,75,75,75,75,75,75,75,75,75,75,75,75,75,75,75,75,75,75,75,75,75,75,82,82,82,82,82],"card_choices":[{"not_picked":["hierophant:DisplayOfPower","hierophant:Blessing","hierophant:AuricBeam"],"picked":"SKIP","floor":1.0},{"not_picked":["hierophant:Dazzle","hierophant:ThreeLashes","hierophant:Remorse"],"picked":"SKIP","floor":2.0},{"not_picked":["hierophant:Community","hierophant:Shelter"],"picked":"hierophant:Smite","floor":6.0},{"not_picked":["hierophant:Shelter","hierophant:FaithHealing"],"picked":"hierophant:HammerAndAnvil","floor":8.0},{"not_picked":["hierophant:Doubloon","hierophant:RustyCrate","hierophant:MorningPrayer"],"picked":"SKIP","floor":11.0},{"not_picked":["hierophant:Cornucopia","hierophant:MorningPrayer"],"picked":"hierophant:Exaltation","floor":12.0},{"not_picked":["hierophant:EyeForCoin","hierophant:PristineSoul","hierophant:HolyVerse"],"picked":"SKIP","floor":14.0},{"not_picked":["hierophant:Invocation","hierophant:Determination"],"picked":"hierophant:DivineIntervention","floor":16.0},{"not_picked":["hierophant:DisplayOfPower","hierophant:HolyVerse","hierophant:PassingBell"],"picked":"SKIP","floor":18.0},{"not_picked":["hierophant:Smite","hierophant:HolyVerse"],"picked":"hierophant:Zeal","floor":19.0},{"not_picked":["hierophant:AuricBeam","hierophant:Zeal"],"picked":"hierophant:HammerAndAnvil","floor":22.0},{"not_picked":["hierophant:PassingBell","hierophant:FaithHealing"],"picked":"hierophant:Racketeering","floor":24.0},{"not_picked":["hierophant:HolyVerse","hierophant:Prophecy"],"picked":"hierophant:ArchangelShield","floor":25}],"player_experience":1368880,"relics_obtained":[{"floor":6.0,"key":"Art of War"},{"floor":9.0,"key":"Juzu Bracelet"},{"floor":12.0,"key":"ReplayFunnel"},{"floor":14.0,"key":"The Courier"},{"floor":24.0,"key":"Strawberry"}],"event_choices":[{"damage_healed":0.0,"max_hp_gain":0.0,"max_hp_loss":0.0,"gold_gain":0.0,"event_name":"FaceTrader","player_choice":"Trade","floor":5.0,"gold_loss":0.0,"damage_taken":0.0,"relics_obtained":["SsserpentHead"]}],"is_beta":false,"boss_relics":[{"not_picked":["Coffee Dripper","Honey Jar"],"picked":"Replay:Grab Bag"},{"not_picked":["Replay:Wanted Poster","Velvet Choker"],"picked":"Cursed Key"},{"not_picked":["Runic Dome","ChewingGum"],"picked":"ReplayTheSpireMod:DimensionalGlitch"},{"not_picked":["Calling Bell","Runic Pyramid"],"picked":"Kintsugi"}],"items_purged_floors":[20],"is_endless":false,"potions_floor_spawned":[11,14,16,25],"killed_by":"Replay:Snechameleon","ascension_level":20}}