{"host":"sc0o2qwpf9j16a4i","time":1613481192,"event":{"mods":["AchievementEnabler","BaseMod","BetterRewards","Block Reminder","Colored Map","Colored Powertips","Custom Start","Highlight Path","Minty Spire (QoL Compilation)","Relic Stats"],"gold_per_floor":[110,110,126,126,141,13,31,31,31,46,46,62,74,99,99,200,200,217,230,241,241,260,260,287,0,24,24,41,57,82,100,100,201,201,212,229,246,259,270,305,305,318,318,338,55,65,65,78,78,78],"floor_reached":51,"language":"ENG","playtime":2602,"items_purged":[],"score":931,"play_id":"9866694f-9b99-4ac7-9f8b-9ade26cf8853","local_time":"20210216151312","daily_mods":["Draft","Uncertain Future","DeadlyEvents"],"is_ascension_mode":false,"campfire_choices":[{"data":"Armaments","floor":8,"key":"SMITH"},{"data":"Disarm","floor":11,"key":"SMITH"},{"data":"Metallicize","floor":15,"key":"SMITH"},{"data":"Barricade","floor":23,"key":"SMITH"},{"data":"J.A.X.","floor":32,"key":"SMITH"},{"data":"Shockwave","floor":41,"key":"SMITH"},{"data":"Feel No Pain","floor":47,"key":"SMITH"},{"data":"Impervious","floor":49,"key":"SMITH"}],"circlet_count":0,"master_deck":["Pommel Strike","Headbutt","Sword Boomerang","Rupture","Ghostly Armor","Ghostly Armor","Shrug It Off","Twin Strike","Iron Wave","Pommel Strike","Shrug It Off","Flame Barrier","Twin Strike","Thunderclap","Infernal Blade","Disarm+1","Shockwave+1","Regret","Clothesline","Armaments+1","Metallicize+1","Carnage","Rupture","Infernal Blade","Barricade+1","Heavy Blade+1","Flex+1","Iron Wave","J.A.X.+1","Infernal Blade","Flame Barrier+1","Seeing Red","Thunderclap+1","Combust","Rupture","Impervious+1","Uppercut+1","Clothesline+1","Dark Embrace+1","Heavy Blade","Iron Wave+1","Spot Weakness+1","Armaments+1","Rupture+1","Feel No Pain+1","Sever Soul+1","Sentinel","Sever Soul+1"],"relics":["Burning Blood","CaptainsWheel","Thread and Needle","Blue Candle","InkBottle","Mark of Pain","MawBank","Bottled Lightning","Red Skull","Bottled Tornado","Snecko Eye","Dead Branch","Molten Egg 2"],"acts_visited":["Exordium","TheCity","TheBeyond"],"potions_floor_usage":[14,16,18,28,29,30,30,33,38,39,50],"damage_taken":[{"damage":0,"enemies":"Cultist","floor":1,"turns":2},{"damage":0,"enemies":"Small Slimes","floor":3,"turns":2},{"damage":5,"enemies":"2 Louse","floor":5,"turns":2},{"damage":3,"enemies":"Large Slime","floor":7,"turns":4},{"damage":3,"enemies":"Red Slaver","floor":10,"turns":4},{"damage":0,"enemies":"2 Fungi Beasts","floor":12,"turns":2},{"damage":0,"enemies":"3 Louse","floor":13,"turns":4},{"damage":7,"enemies":"Lagavulin","floor":14,"turns":7},{"damage":9,"enemies":"The Guardian","floor":16,"turns":12},{"damage":7,"enemies":"2 Thieves","floor":18,"turns":4},{"damage":4,"enemies":"3 Byrds","floor":19,"turns":5},{"damage":5,"enemies":"Centurion and Healer","floor":20,"turns":6},{"damage":9,"enemies":"Shelled Parasite and Fungi","floor":22,"turns":5},{"damage":26,"enemies":"Slavers","floor":24,"turns":5},{"damage":4,"enemies":"Snecko","floor":28,"turns":4},{"damage":9,"enemies":"3 Cultists","floor":29,"turns":5},{"damage":4,"enemies":"Book of Stabbing","floor":30,"turns":5},{"damage":6,"enemies":"Cultist and Chosen","floor":31,"turns":5},{"damage":13,"enemies":"Automaton","floor":33,"turns":8},{"damage":16,"enemies":"3 Shapes","floor":35,"turns":3},{"damage":0,"enemies":"Orb Walker","floor":36,"turns":3},{"damage":18,"enemies":"Maw","floor":37,"turns":8},{"damage":5,"enemies":"Writhing Mass","floor":38,"turns":4},{"damage":12,"enemies":"Spire Growth","floor":39,"turns":6},{"damage":7,"enemies":"Giant Head","floor":40,"turns":6},{"damage":15,"enemies":"Transient","floor":42,"turns":5},{"damage":9,"enemies":"Writhing Mass","floor":44,"turns":5},{"damage":1,"enemies":"Sphere and 2 Shapes","floor":46,"turns":6},{"damage":7,"enemies":"3 Darklings","floor":48,"turns":5},{"damage":27,"enemies":"Awakened One","floor":50,"turns":16}],"seed_played":"7255631957186102091","potions_obtained":[{"floor":7,"key":"Energy Potion"},{"floor":10,"key":"Explosive Potion"},{"floor":13,"key":"EssenceOfSteel"},{"floor":19,"key":"BloodPotion"},{"floor":24,"key":"EssenceOfSteel"},{"floor":28,"key":"SkillPotion"},{"floor":29,"key":"Energy Potion"},{"floor":31,"key":"BloodPotion"},{"floor":33,"key":"LiquidMemories"},{"floor":37,"key":"DistilledChaos"},{"floor":38,"key":"SpeedPotion"},{"floor":48,"key":"AttackPotion"}],"is_trial":true,"path_per_floor":["M","?","M","?","M","$","M","R","T","M","R","M","M","E","R","B",null,"M","M","M","?","M","R","E","$","T","?","M","M","E","M","R","B",null,"M","M","M","M","M","E","R","M","T","M","$","M","R","M","R","B",null],"character_chosen":"IRONCLAD","items_purchased":["Armaments","DistilledChaos","Bottled Lightning","Swift Potion","Feel No Pain","Sever Soul+1","Sentinel","ColorlessPotion"],"campfire_rested":0,"item_purchase_floors":[6,6,25,25,45,45,45,45],"current_hp_per_floor":[80,73,79,79,80,80,80,80,80,80,80,80,80,79,79,76,80,79,80,80,80,77,77,57,57,57,57,75,72,74,74,74,67,80,70,76,64,80,74,73,73,64,64,61,61,66,66,65,65,44],"gold":78,"neow_bonus":"","is_daily":false,"chose_seed":false,"campfire_upgraded":8,"win_rate":0.0,"timestamp":1613481192,"path_taken":["M","?","M","?","M","$","M","R","T","?","R","M","M","E","R","BOSS","M","M","M","?","M","R","E","$","T","?","M","M","?","M","R","BOSS","M","M","M","?","M","E","R","M","T","?","$","M","R","?","R","BOSS"],"items_purchased_type":["Card","Potion","Relic","Potion","Card","Card","Card","Potion"],"build_version":"2020-12-22","purchased_purges":0,"victory":true,"max_hp_per_floor":[80,80,80,80,80,80,80,80,80,80,80,80,80,80,80,80,80,80,80,80,80,80,80,80,80,80,80,80,80,80,80,80,80,80,80,80,80,80,80,80,80,80,80,80,80,80,80,80,80,80],"relic_stats":{"counters":[30,158],"Blue Candle":[2],"Dead Branch":[48],"Snecko Eye":[127,107,127,127],"MawBank":12,"obtain_stats":[{"Blue Candle":9,"Dead Branch":40,"Thread and Needle":4,"Bottled Tornado":30,"MawBank":24,"Burning Blood":0,"CaptainsWheel":2,"Snecko Eye":34,"Molten Egg 2":43,"Mark of Pain":17,"Bottled Lightning":25,"InkBottle":14,"Red Skull":26},{"Blue Candle":4,"Dead Branch":25,"Thread and Needle":2,"Bottled Tornado":17,"MawBank":14,"Burning Blood":0,"CaptainsWheel":1,"Snecko Eye":19,"Molten Egg 2":26,"Mark of Pain":9,"Bottled Lightning":14,"InkBottle":8,"Red Skull":14},{"Blue Candle":10,"Dead Branch":121,"Thread and Needle":4,"Bottled Tornado":78,"MawBank":64,"Burning Blood":0,"CaptainsWheel":2,"Snecko Eye":91,"Molten Egg 2":126,"Mark of Pain":39,"Bottled Lightning":64,"InkBottle":27,"Red Skull":64}],"Burning Blood":154,"InkBottle":[52]},"card_choices":[{"not_picked":["Clash","Anger"],"picked":"Pommel Strike","floor":0},{"not_picked":["Body Slam","Cleave"],"picked":"Headbutt","floor":0},{"not_picked":["Warcry","Anger"],"picked":"Sword Boomerang","floor":0},{"not_picked":["Flex","Pummel"],"picked":"Rupture","floor":0},{"not_picked":["Dual Wield","Wild Strike"],"picked":"Ghostly Armor","floor":0},{"not_picked":["True Grit","Twin Strike"],"picked":"Ghostly Armor","floor":0},{"not_picked":["Bloodletting","Fire Breathing"],"picked":"Shrug It Off","floor":0},{"not_picked":["Warcry","Burning Pact"],"picked":"Twin Strike","floor":0},{"not_picked":["Havoc","Clash"],"picked":"Iron Wave","floor":0},{"not_picked":["Perfected Strike","Dropkick"],"picked":"Pommel Strike","floor":0},{"not_picked":["Pommel Strike","Body Slam"],"picked":"Shrug It Off","floor":0},{"not_picked":["Wild Strike","Perfected Strike"],"picked":"Flame Barrier","floor":0},{"not_picked":["Dual Wield","Pummel"],"picked":"Twin Strike","floor":0},{"not_picked":["Headbutt","Cleave"],"picked":"Thunderclap","floor":0},{"not_picked":["Flex","Fire Breathing"],"picked":"Infernal Blade","floor":0},{"not_picked":["Anger","Clothesline"],"picked":"Disarm","floor":1},{"not_picked":["Rage","Heavy Blade"],"picked":"Shockwave","floor":3},{"not_picked":["Havoc","Searing Blow"],"picked":"Clothesline","floor":5},{"not_picked":["Perfected Strike","Iron Wave"],"picked":"Metallicize","floor":7},{"not_picked":["Wild Strike","Cleave"],"picked":"Carnage","floor":10},{"not_picked":["Headbutt","Sword Boomerang"],"picked":"Rupture","floor":12},{"not_picked":["Carnage","Clash","Reckless Charge"],"picked":"SKIP","floor":13},{"not_picked":["Bloodletting","Thunderclap"],"picked":"Infernal Blade","floor":14},{"not_picked":["Impervious","Bludgeon"],"picked":"Barricade","floor":16},{"not_picked":["Sentinel","Pummel"],"picked":"Heavy Blade+1","floor":18},{"not_picked":["Infernal Blade+1","Thunderclap"],"picked":"Flex+1","floor":19},{"not_picked":["Dropkick","Rampage"],"picked":"Iron Wave","floor":20},{"not_picked":["Pommel Strike","Wild Strike"],"picked":"Infernal Blade","floor":22},{"not_picked":["Reckless Charge","Combust+1"],"picked":"Flame Barrier+1","floor":24},{"not_picked":["Reckless Charge+1","Cleave"],"picked":"Seeing Red","floor":28},{"not_picked":["Dropkick+1","Havoc"],"picked":"Thunderclap+1","floor":29},{"not_picked":["Double Tap","Shrug It Off+1"],"picked":"Combust","floor":30},{"not_picked":["Armaments","Wild Strike"],"picked":"Rupture","floor":31},{"not_picked":["Fiend Fire","Demon Form"],"picked":"Impervious","floor":33},{"not_picked":["Thunderclap+1","Body Slam"],"picked":"Uppercut+1","floor":35},{"not_picked":["Anger","Rampage"],"picked":"Clothesline+1","floor":36},{"not_picked":["Twin Strike+1","Pummel"],"picked":"Dark Embrace+1","floor":37},{"not_picked":["Cleave+1","Spot Weakness+1"],"picked":"Heavy Blade","floor":38},{"not_picked":["Twin Strike","Intimidate+1"],"picked":"Iron Wave+1","floor":39},{"not_picked":["Perfected Strike","Thunderclap"],"picked":"Spot Weakness+1","floor":40},{"not_picked":["Sever Soul+1","Searing Blow"],"picked":"Armaments+1","floor":42},{"not_picked":["Twin Strike+1","Disarm"],"picked":"Rupture+1","floor":44},{"not_picked":["Havoc","Heavy Blade+1"],"picked":"Sever Soul+1","floor":46},{"not_picked":["Carnage+1","Blood for Blood+1","Sword Boomerang+1"],"picked":"SKIP","floor":48}],"player_experience":1439071,"relics_obtained":[{"floor":9,"key":"Blue Candle"},{"floor":14,"key":"InkBottle"},{"floor":24,"key":"MawBank"},{"floor":26,"key":"Red Skull"},{"floor":30,"key":"Bottled Tornado"},{"floor":40,"key":"Dead Branch"},{"floor":43,"key":"Molten Egg 2"}],"event_choices":[{"damage_healed":0,"gold_gain":0,"player_choice":"Success","damage_taken":7,"relics_obtained":["CaptainsWheel"],"max_hp_gain":0,"max_hp_loss":0,"event_name":"Scrap Ooze","floor":2,"gold_loss":0},{"damage_healed":0,"gold_gain":0,"player_choice":"Box","damage_taken":0,"relics_obtained":["Thread and Needle"],"max_hp_gain":0,"max_hp_loss":0,"event_name":"Big Fish","floor":4,"gold_loss":0,"cards_obtained":["Regret"]},{"damage_healed":0,"gold_gain":0,"player_choice":"Obtain J.A.X.","damage_taken":0,"max_hp_gain":0,"max_hp_loss":0,"event_name":"Drug Dealer","floor":21,"gold_loss":0,"cards_obtained":["J.A.X."]},{"damage_healed":0,"gold_gain":0,"player_choice":"Ignored","damage_taken":0,"max_hp_gain":0,"max_hp_loss":0,"event_name":"NoteForYourself","floor":27,"gold_loss":0}],"is_beta":false,"boss_relics":[{"not_picked":["Tiny House","Astrolabe"],"picked":"Mark of Pain"},{"not_picked":["Velvet Choker","Sozu"],"picked":"Snecko Eye"}],"items_purged_floors":[],"is_endless":false,"potions_floor_spawned":[7,10,12,13,19,24,28,29,31,33,37,38,48],"ascension_level":0}}