{"host":"d5i1qeb9dejicw1z","time":1613434149,"event":{"mods":["AchievementEnabler","BaseMod","Better Note","BetterRewards","Evolution","Gold Saver","Minty Spire (QoL Compilation)","Permanent Neow","Relic Filter Mod","Reliquary","StSLib"],"gold_per_floor":[424,440,440,450,450,485,485,513,594,604,604,633,646,664,664,742,792,804,804,484,484,509,509,519,537,564,564,564],"floor_reached":27,"language":"ENG","playtime":810,"items_purged":["Strike_G"],"score":491,"play_id":"84ecd5d4-0732-4952-9a03-0fe2bd8636ac","local_time":"20210215160909","is_ascension_mode":true,"campfire_choices":[{"floor":7,"key":"REST"},{"floor":15,"key":"REST"},{"data":"Adrenaline","floor":23,"key":"SMITH"}],"circlet_count":0,"master_deck":["AscendersBane","Bane","Strike_G","Strike_G","Strike_G","Defend_G","Defend_G+1","Defend_G","Defend_G+1","Defend_G","Survivor+1","Neutralize","Flying Knee","Poisoned Stab","Footwork","Flying Knee","Caltrops","Noxious Fumes","Adrenaline+1","Crippling Poison","Backflip"],"relics":["Ring of the Snake","EVO:Axolotl","NeowsBlessing","Lizard Tail","War Paint","Pear","Tiny Chest","Tiny House","Anchor","reliquary:RadioactivePellet","MealTicket"],"acts_visited":["Exordium","TheCity"],"potions_floor_usage":[6,6,10,16,16,18,18,24],"damage_taken":[{"damage":0,"enemies":"Cultist","floor":1,"turns":1},{"damage":0,"enemies":"Jaw Worm","floor":2,"turns":1},{"damage":0,"enemies":"2 Louse","floor":4,"turns":1},{"damage":27,"enemies":"Lagavulin","floor":6,"turns":4},{"damage":27,"enemies":"Gremlin Nob","floor":8,"turns":4},{"damage":2,"enemies":"2 Fungi Beasts","floor":10,"turns":3},{"damage":46,"enemies":"3 Sentries","floor":12,"turns":16},{"damage":9,"enemies":"3 Louse","floor":13,"turns":4},{"damage":13,"enemies":"Blue Slaver","floor":14,"turns":4},{"damage":27,"enemies":"The Guardian","floor":16,"turns":10},{"damage":16,"enemies":"3 Byrds","floor":18,"turns":4},{"damage":5,"enemies":"Chosen","floor":24,"turns":5},{"damage":26,"enemies":"Snake Plant","floor":25,"turns":5},{"damage":37,"enemies":"Masked Bandits","floor":27,"turns":3}],"seed_played":"2955412284675564415","potions_obtained":[{"floor":1,"key":"Poison Potion"},{"floor":4,"key":"CultistPotion"},{"floor":8,"key":"SneckoOil"},{"floor":13,"key":"Explosive Potion"},{"floor":14,"key":"SteroidPotion"},{"floor":16,"key":"LiquidMemories"},{"floor":17,"key":"SkillPotion"}],"is_trial":false,"path_per_floor":["M","M","$","M","?","E","R","E","T","M","?","E","M","M","R","B",null,"M","?","$","?","T","R","M","M","T","?"],"character_chosen":"THE_SILENT","items_purchased":["Anchor","DuplicationPotion"],"campfire_rested":2,"item_purchase_floors":[20,20],"current_hp_per_floor":[59,59,59,59,64,37,58,31,41,39,39,40,31,18,42,15,70,54,54,54,54,54,54,49,23,23,0,0],"gold":564,"neow_bonus":"THREE_ENEMY_KILL","is_daily":false,"chose_seed":false,"campfire_upgraded":1,"win_rate":0.0,"timestamp":1613434149,"path_taken":["M","M","$","?","?","E","R","E","T","M","?","E","M","?","R","BOSS","M","?","$","?","?","R","M","M","T","?"],"items_purchased_type":["Relic","Potion"],"build_version":"2020-12-22","purchased_purges":1,"victory":false,"max_hp_per_floor":[66,66,66,66,71,71,71,71,81,81,81,81,81,81,81,81,86,86,86,86,86,86,86,86,86,86,86,86],"card_choices":[{"not_picked":["Tactician","Dagger Throw"],"picked":"Flying Knee","floor":1},{"not_picked":["Predator","Bane","Cloak And Dagger"],"picked":"SKIP","floor":2},{"not_picked":["Escape Plan","Tactician"],"picked":"Poisoned Stab","floor":4},{"not_picked":["PiercingWail","Leg Sweep"],"picked":"Footwork","floor":6},{"not_picked":["Acrobatics","Calculated Gamble"],"picked":"Flying Knee","floor":8},{"not_picked":["Riddle With Holes","Dodge and Roll","Acrobatics"],"picked":"SKIP","floor":10},{"not_picked":["Dash","Deflect"],"picked":"Caltrops","floor":12},{"not_picked":["Poisoned Stab","Prepared"],"picked":"Noxious Fumes","floor":13},{"not_picked":["Expertise","Blade Dance","Prepared"],"picked":"SKIP","floor":14},{"not_picked":["Doppelganger","Burst"],"picked":"Adrenaline","floor":16},{"not_picked":["Backstab","Deflect"],"picked":"Crippling Poison","floor":17},{"not_picked":["Slice","Distraction","Well Laid Plans"],"picked":"SKIP","floor":18},{"not_picked":["Deflect","Reflex","Quick Slash"],"picked":"SKIP","floor":24},{"not_picked":["Outmaneuver","Doppelganger","Quick Slash"],"picked":"SKIP","floor":25}],"player_experience":1272325,"relics_obtained":[{"floor":6,"key":"Lizard Tail"},{"floor":8,"key":"War Paint"},{"floor":9,"key":"Pear"},{"floor":12,"key":"Tiny Chest"},{"floor":22,"key":"reliquary:RadioactivePellet"},{"floor":26,"key":"MealTicket"}],"event_choices":[{"damage_healed":0,"gold_gain":0,"player_choice":"Donut","damage_taken":0,"max_hp_gain":5,"max_hp_loss":0,"event_name":"Big Fish","floor":5,"gold_loss":0},{"damage_healed":0,"gold_gain":0,"player_choice":"Ignored","damage_taken":0,"max_hp_gain":0,"max_hp_loss":0,"event_name":"Golden Idol","floor":11,"gold_loss":0},{"damage_healed":0,"gold_gain":0,"player_choice":"Ignored","damage_taken":0,"max_hp_gain":0,"max_hp_loss":0,"event_name":"betterNote:BetterNote","floor":19,"gold_loss":0,"cards_obtained":["Echo Form"]},{"damage_healed":0,"gold_gain":0,"player_choice":"Read","damage_taken":0,"max_hp_gain":0,"max_hp_loss":0,"event_name":"The Library","floor":21,"gold_loss":0,"cards_obtained":["Backflip"]},{"damage_healed":0,"gold_gain":0,"player_choice":"Fought Bandits","damage_taken":0,"max_hp_gain":0,"max_hp_loss":0,"event_name":"Masked Bandits","floor":27,"gold_loss":0}],"is_beta":false,"boss_relics":[{"not_picked":["Black Star","reliquary:WritOfMandamus"],"picked":"Tiny House"}],"items_purged_floors":[20],"is_endless":false,"potions_floor_spawned":[1,4,8,13,14,16],"killed_by":"Masked Bandits","ascension_level":20}}