{"host":"xu0zbcebhy6w9mdv","time":1613438978,"event":{"mods":["AchievementEnabler","Act Like it!","Aspiration","BaseMod","Better Match","Better Third Choice","BetterRewards","Colored Powertips","Downfall","Duelist Mod","Friendly Minions","Gensokyo","Hallownest","Hubris","Infinite Spire","Marisa????????","Minty Spire (QoL Compilation)","Potionbrewer","Quick Restart","READ ME - Guardian Mod","READ ME - Snecko Mod","Rare Cards Sparkle","Replay The Spire","Shop Mod","StSLib","The Animator","The Blackbeard","The Bug Knight","The Cursed","The Hierophant","The Necromancer","The Runesmith","The Servant 0.9.4"],"gold_per_floor":[141,157,157,157,177,6,6,41,41,52,52,71,71,90,90,162,162,176,176,101,119,119,119,119,119],"floor_reached":24,"language":"ENG","playtime":5708,"items_purged":["Decay"],"score":592,"play_id":"9afbf879-c5fe-4522-84c8-be089f251651","local_time":"20210215202938","is_ascension_mode":true,"campfire_choices":[{"data":"theDuelist:StatueAnguishPattern","floor":11,"key":"SMITH"},{"floor":13,"key":"REST"},{"floor":15,"key":"REST"},{"floor":23,"key":"REST"}],"circlet_count":0,"master_deck":["theDuelist:Sparks","theDuelist:BlizzardThunderbird","theDuelist:StatueAnguishPattern+1","theDuelist:Eva","theDuelist:KamionTimelord","theDuelist:Sparks","theDuelist:Nameless:War:ForbiddenLance","theDuelist:RainbowKuribohBasic","theDuelist:CastleWalls","theDuelist:Hayate","theDuelist:DunamesDarkWitch","AscendersBane","theDuelist:SuperSolarNutrient","theDuelist:CastleWalls","theDuelist:RainbowNeos","theDuelist:RainbowDragon","theDuelist:RainbowFlower","theDuelist:StatueAnguishPattern+1","theDuelist:ClearKuriboh"],"relics":["theDuelist:MillenniumPuzzle","theDuelist:ChallengePuzzle","theDuelist:CardPoolRelic","theDuelist:CardPoolBasicRelic","theDuelist:BoosterPackPoolRelic","theDuelist:CardPoolAddRelic","theDuelist:CardPoolMinusRelic","theDuelist:CardPoolSaveRelic","theDuelist:CardPoolOptionsRelic","Vampiric Spirits","Oddly Smooth Stone","theDuelist:NamelessPowerRelicB","theDuelist:SummonAnchor"],"acts_visited":["Exordium","TheCity"],"potions_floor_usage":[12,16,16],"damage_taken":[{"damage":0,"enemies":"Jaw Worm","floor":1,"turns":3},{"damage":0,"enemies":"Cultist","floor":2,"turns":4},{"damage":1,"enemies":"2 Louse","floor":5,"turns":3},{"damage":18,"enemies":"3 Sentries","floor":8,"turns":5},{"damage":0,"enemies":"Blue Slaver","floor":10,"turns":2},{"damage":19,"enemies":"3 Louse","floor":12,"turns":3},{"damage":29,"enemies":"Gremlin Gang","floor":14,"turns":4},{"damage":28,"enemies":"The Guardian","floor":16,"turns":7},{"damage":10,"enemies":"Chosen","floor":18,"turns":4},{"damage":29,"enemies":"Shell Parasite","floor":21,"turns":4},{"damage":42,"enemies":"Shelled Parasite and Fungi","floor":24,"turns":2}],"seed_played":"2874001688069818597","potions_obtained":[{"floor":8,"key":"BlessingOfTheForge"},{"floor":10,"key":"theDuelist:WaterBottle"},{"floor":12,"key":"EssenceOfDarkness"},{"floor":21,"key":"AttackPotion"}],"is_trial":false,"path_per_floor":["M","M","$","?","M","$","?","E","T","M","R","M","R","M","R","B",null,"M","?","$","M","?","R","M"],"character_chosen":"THE_DUELIST","items_purchased":["Vampiric Spirits","Oddly Smooth Stone"],"campfire_rested":3,"item_purchase_floors":[0,6],"current_hp_per_floor":[64,66,66,66,67,67,66,48,48,49,49,30,49,22,41,14,53,45,45,45,16,16,35,0,0],"gold":119,"neow_bonus":"","is_daily":false,"chose_seed":false,"campfire_upgraded":1,"win_rate":0.0,"timestamp":1613438978,"path_taken":["M","M","$","?","?","$","?","E","T","M","R","M","R","M","R","BOSS","M","?","$","M","?","R","M"],"items_purchased_type":["Relic","Relic"],"build_version":"2020-12-22","purchased_purges":1,"victory":false,"max_hp_per_floor":[70,70,70,70,70,70,66,66,66,66,66,66,66,66,66,66,66,66,66,66,66,66,66,66,66],"card_choices":[{"not_picked":["theDuelist:Jinzo","theDuelist:TyrantWing","theDuelist:Umi"],"picked":"theDuelist:StatueAnguishPattern","floor":1},{"not_picked":["theDuelist:TwinHeadedFire","theDuelist:GraydleSlimeJr","theDuelist:SuperSolarNutrient","theDuelist:FlyingSaucer"],"picked":"theDuelist:BlizzardThunderbird","floor":2},{"not_picked":["theDuelist:IronCall","theDuelist:CrystalEmeraldTortoise","theDuelist:CaveDragon","theDuelist:DunamesDarkWitch","theDuelist:Wingedtortoise"],"picked":"SKIP","floor":5},{"not_picked":["theDuelist:IronDraw","theDuelist:OhFish","theDuelist:RainbowGravity","theDuelist:RainbowLife"],"picked":"theDuelist:StatueAnguishPattern","floor":8},{"not_picked":["theDuelist:SpiralSpearStrike","theDuelist:GravityBlaster","theDuelist:IronCall","theDuelist:FluteSummoning"],"picked":"theDuelist:SuperSolarNutrient","floor":10},{"not_picked":["theDuelist:Pumpking","theDuelist:SummonedSkull","theDuelist:RainbowNeos","theDuelist:GadgetSoldier"],"picked":"theDuelist:RainbowDragon","floor":12},{"not_picked":["theDuelist:SevenColoredFish","theDuelist:BabyDragon","theDuelist:ShadowVampire","theDuelist:PatricianDarkness","theDuelist:FearFromDark"],"picked":"SKIP","floor":14},{"not_picked":["theDuelist:RainbowNeos","theDuelist:RainbowDarkDragon","theDuelist:RainbowMagician","theDuelist:RainbowOverdragon"],"picked":"theDuelist:KamionTimelord","floor":16},{"not_picked":["theDuelist:Pumpking","theDuelist:GraydleSlimeJr","theDuelist:BetaMagnet","theDuelist:DragonPiper","theDuelist:BigWhale"],"picked":"SKIP","floor":18},{"not_picked":["theDuelist:PatricianDarkness","theDuelist:SevenColoredFish","theDuelist:SangaThunder","theDuelist:CurseDragon"],"picked":"theDuelist:ClearKuriboh","floor":21}],"player_experience":665245,"relics_obtained":[{"floor":8,"key":"theDuelist:SummonAnchor"}],"event_choices":[{"damage_healed":0,"gold_gain":0,"player_choice":"Upgraded","damage_taken":0,"max_hp_gain":0,"max_hp_loss":0,"event_name":"Upgrade Shrine","floor":4,"gold_loss":0,"cards_upgraded":["theDuelist:StatueAnguishPattern"]},{"power_reward":3,"total_magic_score":45,"gold_gain":0,"duelist":true,"damage_taken":0,"relics_obtained":["theDuelist:NamelessPowerRelicB"],"points":9,"war_reward":4,"max_hp_gain":0,"max_hp_loss":4,"spent_points":{"magic":0,"greed":0,"war":4,"power":3,"hunger":2},"event_name":"Nameless Tomb","floor":7,"gold_loss":0,"cards_obtained":["theDuelist:Nameless:War:ForbiddenLance"]},{"damage_healed":0,"gold_gain":0,"player_choice":"Smashed Altar","damage_taken":0,"max_hp_gain":0,"max_hp_loss":0,"event_name":"Forgotten Altar","floor":19,"gold_loss":0,"cards_obtained":["Decay"]},{"damage_healed":0,"gold_gain":0,"player_choice":"Ignored","damage_taken":0,"max_hp_gain":0,"max_hp_loss":0,"event_name":"Ghosts","floor":22,"gold_loss":0}],"is_beta":false,"boss_relics":[{"not_picked":["Electric Blood","Ring of Chaos","hubris:BlackHole"]}],"items_purged_floors":[20],"is_endless":false,"potions_floor_spawned":[8,10,12,14,21],"killed_by":"Shelled Parasite and Fungi","ascension_level":20}}