{"host":"uv5ws9rdk87e8i5k","time":1613442187,"event":{"mods":["AchievementEnabler","BaseMod","Colored Map","Minty Spire (QoL Compilation)","Permanent Neow","Quick Restart","StSLib","SuperFastMode","The Necromancer"],"gold_per_floor":[10,21,41,41,51,87,104,104,104],"floor_reached":8,"language":"ENG","playtime":192,"items_purged":[],"score":75,"play_id":"d474d304-b518-4ccc-9d8a-288d4805d6f4","local_time":"20210215202307","is_ascension_mode":true,"campfire_choices":[],"circlet_count":0,"master_deck":["Strike_B","Strike_B","Strike_B","Defend_B","Defend_B","Defend_B","Zap","Dualcast","Double Energy","FTL","Conserve Battery","Compile Driver","White Noise"],"relics":["Cracked Core","Bag of Preparation","CeramicFish"],"acts_visited":["Exordium"],"potions_floor_usage":[8],"damage_taken":[{"damage":0.0,"enemies":"Cultist","floor":1.0,"turns":4.0},{"damage":7.0,"enemies":"Jaw Worm","floor":2.0,"turns":2.0},{"damage":7.0,"enemies":"Small Slimes","floor":3.0,"turns":2.0},{"damage":4.0,"enemies":"2 Fungi Beasts","floor":5.0,"turns":3.0},{"damage":18.0,"enemies":"Lagavulin","floor":6.0,"turns":4.0},{"damage":17.0,"enemies":"Lots of Slimes","floor":7.0,"turns":3.0},{"damage":17,"enemies":"Gremlin Nob","floor":8,"turns":3}],"seed_played":"-7388856326487494216","potions_obtained":[{"floor":1.0,"key":"Weak Potion"},{"floor":2.0,"key":"ColorlessPotion"},{"floor":3.0,"key":"Explosive Potion"},{"floor":6.0,"key":"DuplicationPotion"}],"is_trial":false,"path_per_floor":["M","M","M","?","M","E","M","E"],"character_chosen":"DEFECT","items_purchased":[],"campfire_rested":0,"item_purchase_floors":[],"current_hp_per_floor":[75,68,61,61,57,39,22,5,5],"gold":104,"neow_bonus":"REMOVE_TWO","is_daily":false,"chose_seed":false,"campfire_upgraded":0,"win_rate":0.0,"timestamp":1613442187,"path_taken":["M","M","M","?","?","E","M","E"],"items_purchased_type":[],"build_version":"2020-12-22","purchased_purges":0,"victory":false,"max_hp_per_floor":[75,75,75,75,75,75,75,75,75],"card_choices":[{"not_picked":["Fusion","Steam"],"picked":"Double Energy","floor":1.0},{"not_picked":["Coolheaded","Leap"],"picked":"FTL","floor":2.0},{"not_picked":["Lockon","Gash"],"picked":"Conserve Battery","floor":3.0},{"not_picked":["Genetic Algorithm","Leap"],"picked":"Compile Driver","floor":5.0},{"not_picked":["Stack","FTL"],"picked":"White Noise","floor":6.0},{"not_picked":["Barrage","Sunder","Beam Cell"],"picked":"SKIP","floor":7.0}],"player_experience":200873,"relics_obtained":[{"floor":6.0,"key":"CeramicFish"}],"event_choices":[{"damage_healed":0.0,"max_hp_gain":0.0,"max_hp_loss":0.0,"gold_gain":0.0,"event_name":"WeMeetAgain","player_choice":"Gave Potion","floor":4.0,"gold_loss":0.0,"damage_taken":0.0,"relics_obtained":["Bag of Preparation"]}],"is_beta":false,"boss_relics":[],"items_purged_floors":[],"is_endless":false,"potions_floor_spawned":[1,2,3,6],"killed_by":"Gremlin Nob","ascension_level":5}}