{"host":"5y2vm16xfq9gfmb2","time":1613461183,"event":{"mods":["AchievementEnabler","BaseMod","Better Third Choice","Colored Map","Colored Powertips","DeckTracker","Friendly Minions","Marisa????????","Minty Spire (QoL Compilation)","Rare Cards Sparkle","Relic Stats","StSLib","The Alterego","The Animator","The Marked","The Servant 0.9.4","Yohane!"],"gold_per_floor":[114,126,149,79,79,108,72,86,86,10,10,24,55,55,55,151,151,161,0,0,11,31,31,44,54,54,54,104,104],"floor_reached":28,"language":"ENG","playtime":1513,"items_purged":[],"score":222,"play_id":"46da124d-509b-495c-85e2-ed9823c019ee","local_time":"20210216023943","is_ascension_mode":false,"campfire_choices":[{"floor":11,"key":"RECALL"},{"floor":15,"key":"REST"},{"floor":23,"key":"REST"}],"circlet_count":0,"master_deck":["animator:Strike_Konosuba","animator:Defend_Konosuba","animator:Strike","animator:Strike","animator:Strike","animator:Defend","animator:Defend","animator:Defend","animator:Kazuma","animator:Aqua","animator:DolaSchwi","animator:Jibril","animator:Sloth","animator:Megumin+8","animator:EmiyaShirou","animator:Sebas","animator:Millim+1","animator:Albedo","animator:Benimaru","animator:Vanir","CurseOfTheBell","animator:Entoma","animator:Melzalgald","animator:Evileye","animator:Gluttony"],"relics":["animator:LivingPicture","animator:TheMissingPiece","animator:PurgingStone","NeowsBlessing","Gremlin Horn","Anchor","Calling Bell","Smiling Mask","Mercury Hourglass","TungstenRod","Nloth\u0027s Gift","SsserpentHead"],"acts_visited":["Exordium","TheCity"],"potions_floor_usage":[6,6,6,16,16,24,28,28],"damage_taken":[{"damage":0,"enemies":"Cultist","floor":1,"turns":1},{"damage":0,"enemies":"Jaw Worm","floor":2,"turns":1},{"damage":0,"enemies":"Small Slimes","floor":3,"turns":1},{"damage":16,"enemies":"3 Sentries","floor":6,"turns":6},{"damage":8,"enemies":"Blue Slaver","floor":8,"turns":5},{"damage":3,"enemies":"2 Fungi Beasts","floor":12,"turns":4},{"damage":9,"enemies":"Red Slaver","floor":13,"turns":5},{"damage":11,"enemies":"The Guardian","floor":16,"turns":11},{"damage":22,"enemies":"Shell Parasite","floor":18,"turns":7},{"damage":7,"enemies":"2 Thieves","floor":21,"turns":5},{"damage":35,"enemies":"Centurion and Healer","floor":22,"turns":7},{"damage":18,"enemies":"Snake Plant","floor":24,"turns":4},{"damage":14,"enemies":"Snecko","floor":25,"turns":5},{"damage":9,"enemies":"Centurion and Healer","floor":28,"turns":2}],"seed_played":"7961743887035345632","potions_obtained":[{"floor":1,"key":"SkillPotion"},{"floor":3,"key":"EntropicBrew"},{"floor":12,"key":"PowerPotion"},{"floor":18,"key":"Dexterity Potion"},{"floor":25,"key":"BlessingOfTheForge"}],"is_trial":false,"path_per_floor":["M","M","M","$","?","E","$","M","T","$","R","M","M","?","R","B",null,"M","?","?","M","M","R","M","M","T","?","M"],"character_chosen":"THE_ANIMATOR","items_purchased":["animator:Megumin","animator:Sebas","animator:Albedo"],"campfire_rested":2,"item_purchase_floors":[4,7,10],"current_hp_per_floor":[66,66,66,66,66,52,52,46,46,46,46,45,38,6,25,17,67,45,45,45,43,10,30,20,9,9,9,0,0],"gold":104,"neow_bonus":"THREE_ENEMY_KILL","is_daily":false,"chose_seed":false,"campfire_upgraded":0,"win_rate":0.0,"timestamp":1613461183,"path_taken":["M","M","M","$","?","E","$","M","T","?","R","?","M","?","R","BOSS","M","?","?","M","?","R","M","M","T","?","?"],"items_purchased_type":["Card","Card","Card"],"build_version":"2020-12-22","purchased_purges":0,"victory":false,"max_hp_per_floor":[66,66,66,66,66,66,66,66,66,66,66,66,66,66,66,67,67,67,67,67,67,67,67,67,68,68,68,68,68],"relic_stats":{"SsserpentHead":50,"Gremlin Horn":[3,3],"counters":[14,64],"Nloth\u0027s Gift":1,"Smiling Mask":0,"obtain_stats":[{"NeowsBlessing":0,"Gremlin Horn":6,"animator:TheMissingPiece":0,"Smiling Mask":17,"Mercury Hourglass":17,"Calling Bell":17,"SsserpentHead":27,"Anchor":14,"Matryoshka":9,"animator:PurgingStone":0,"animator:LivingPicture":0,"Nloth\u0027s Gift":20,"TungstenRod":17},{"NeowsBlessing":0,"Gremlin Horn":4,"animator:TheMissingPiece":0,"Smiling Mask":8,"Mercury Hourglass":8,"Calling Bell":8,"SsserpentHead":13,"Anchor":7,"Matryoshka":5,"animator:PurgingStone":0,"animator:LivingPicture":0,"Nloth\u0027s Gift":9,"TungstenRod":8},{"NeowsBlessing":0,"Gremlin Horn":9,"animator:TheMissingPiece":0,"Smiling Mask":34,"Mercury Hourglass":34,"Calling Bell":34,"SsserpentHead":62,"Anchor":23,"Matryoshka":14,"animator:PurgingStone":0,"animator:LivingPicture":0,"Nloth\u0027s Gift":41,"TungstenRod":34}],"TungstenRod":19,"Mercury Hourglass":[96]},"card_choices":[{"not_picked":["animator:Gluttony","animator:Togame"],"picked":"animator:DolaSchwi","floor":1},{"not_picked":["animator:Hakurou","animator:SakuraMatou"],"picked":"animator:Jibril","floor":2},{"not_picked":["animator:Kazuma","animator:SakuraMatou"],"picked":"animator:Sloth","floor":3},{"not_picked":["animator:Rider","animator:Assassin"],"picked":"animator:EmiyaShirou","floor":6},{"not_picked":["animator:ElricAlphonse","animator:DolaSchwi"],"picked":"animator:Millim","floor":8},{"not_picked":["animator:ElricEdward","animator:Verdia"],"picked":"animator:Benimaru","floor":12},{"not_picked":["animator:MumenRider","animator:FielNirvalen"],"picked":"animator:Vanir","floor":13},{"not_picked":["animator:Shiro","animator:Father"],"picked":"animator:Eris","floor":16},{"not_picked":["animator:Demiurge","animator:NarberalGamma"],"picked":"animator:Entoma","floor":18},{"not_picked":["animator:Shuna","animator:Cocytus+1"],"picked":"animator:Melzalgald","floor":21},{"not_picked":["animator:Alexander","animator:Azekura"],"picked":"animator:Millim","floor":22},{"not_picked":["animator:Shuna","animator:MaesHughes"],"picked":"animator:Evileye","floor":24},{"not_picked":["animator:ElricEdward","animator:MaesHughes"],"picked":"animator:Gluttony","floor":25}],"player_experience":131450,"relics_obtained":[{"floor":6,"key":"Gremlin Horn"},{"floor":9,"key":"Matryoshka"},{"floor":17,"key":"Smiling Mask"},{"floor":17,"key":"Mercury Hourglass"},{"floor":17,"key":"TungstenRod"}],"event_choices":[{"damage_healed":0,"gold_gain":0,"player_choice":"Leave","damage_taken":0,"max_hp_gain":0,"max_hp_loss":0,"event_name":"The Cleric","floor":5,"gold_loss":0},{"damage_healed":0,"gold_gain":1,"player_choice":"Relic ","damage_taken":32,"max_hp_gain":0,"max_hp_loss":0,"event_name":"betterThird:BetterScrap","floor":14,"gold_loss":0,"cards_obtained":["Amplify"]},{"damage_healed":0,"gold_gain":0,"player_choice":"Paid Fearfully","damage_taken":0,"max_hp_gain":0,"max_hp_loss":0,"event_name":"Masked Bandits","floor":19,"gold_loss":161},{"damage_healed":0,"gold_gain":0,"player_choice":"Traded Relic","damage_taken":0,"relics_obtained":["Nloth\u0027s Gift"],"max_hp_gain":0,"max_hp_loss":0,"event_name":"N\u0027loth","floor":20,"relics_lost":["Matryoshka"],"gold_loss":0},{"damage_healed":0,"gold_gain":0,"player_choice":"Trade","damage_taken":0,"relics_obtained":["SsserpentHead"],"max_hp_gain":0,"max_hp_loss":0,"event_name":"FaceTrader","floor":27,"gold_loss":0}],"is_beta":false,"boss_relics":[{"not_picked":["Philosopher\u0027s Stone","Sozu"],"picked":"Calling Bell"}],"items_purged_floors":[],"is_endless":false,"potions_floor_spawned":[1,3,12,18,25],"killed_by":"Centurion and Healer","ascension_level":0}}