{"host":"4lqqtboa3hvdze4c","time":1613503002,"event":{"mods":["AchievementEnabler","BaseMod","BetterRewards","Colored Map","DeckTracker","Minty Spire (QoL Compilation)","Permanent Neow","SuperFastMode"],"gold_per_floor":[119,134,144,161,171,210,251,293,318,354,79,79,116,151,151,263,263,275,294,310,25,38,78,78,113,194,231,265,265,294,394,394,500,500,512,512,547,50,50,80,110,446,470,497,536,536,563,195,195,195],"floor_reached":51,"language":"KOR","playtime":4257,"items_purged":["Masterful Stab","Deflect"],"score":1694,"play_id":"f07e8f23-0320-4dde-b713-abd1a572c116","local_time":"20210217041642","daily_mods":["Draft","Vintage","Heirloom","Flight","DeadlyEvents","Elite Swarm"],"is_ascension_mode":true,"campfire_choices":[{"data":"Tactician","floor":12,"key":"SMITH"},{"data":"Venomology","floor":15,"key":"SMITH"},{"data":"Venomology","floor":24,"key":"SMITH"},{"data":"Adrenaline","floor":29,"key":"SMITH"},{"data":"Prepared","floor":32,"key":"SMITH"},{"data":"Adrenaline","floor":46,"key":"SMITH"},{"data":"1","floor":49,"key":"LIFT"}],"circlet_count":0,"master_deck":["Blade Dance","Tactician+1","Reflex","Prepared+1","Quick Slash","Endless Agony","Blade Dance","Dagger Throw","Dagger Throw","Underhanded Strike","Underhanded Strike","Masterful Stab","Blade Dance","After Image","Unload","Grand Finale","Grand Finale","Dagger Throw","Acrobatics","Backstab","Venomology+1","Venomology+1","Grand Finale","Master of Strategy","Accuracy+1","Backflip","Die Die Die","A Thousand Cuts+1","Adrenaline+1","Wraith Form v2+1","Grand Finale","Adrenaline+1","Apotheosis","Venomology","A Thousand Cuts+1","Escape Plan+1","Prepared+1","Quick Slash+1"],"relics":["Ring of the Snake","Incense Burner","The Specimen","Shuriken","Peace Pipe","Art of War","CeramicFish","Centennial Puzzle","Sundial","Bottled Tornado","Oddly Smooth Stone","Snake Skull","Toy Ornithopter","Mercury Hourglass","Bird Faced Urn","SlaversCollar","Blue Candle","Frozen Egg 2","PreservedInsect","Kunai","Ginger","Tiny Chest","Ninja Scroll","Meat on the Bone","Mummified Hand","Eternal Feather","Philosopher\u0027s Stone","Bottled Lightning","Singing Bowl","InkBottle","Girya","Pear","Old Coin","Pen Nib","StrikeDummy","Toxic Egg 2","Tingsha","Lantern","Orrery"],"acts_visited":["Exordium","TheCity","TheBeyond"],"potions_floor_usage":[10,14,14,16,16,18,18,19,20,20,22,23,23,25,25,27,28,30,33,33,37,37,40,41,42,42,44,44,45,47,50,50,50,50,50],"damage_taken":[{"damage":0,"enemies":"Small Slimes","floor":1,"turns":1},{"damage":0,"enemies":"Cultist","floor":2,"turns":1},{"damage":0,"enemies":"2 Louse","floor":3,"turns":1},{"damage":0,"enemies":"Large Slime","floor":4,"turns":1},{"damage":0,"enemies":"Exordium Thugs","floor":5,"turns":1},{"damage":0,"enemies":"Lagavulin","floor":6,"turns":2},{"damage":0,"enemies":"3 Sentries","floor":7,"turns":2},{"damage":0,"enemies":"Gremlin Nob","floor":8,"turns":2},{"damage":0,"enemies":"Lagavulin","floor":10,"turns":2},{"damage":0,"enemies":"3 Sentries","floor":13,"turns":3},{"damage":0,"enemies":"Gremlin Nob","floor":14,"turns":2},{"damage":16,"enemies":"The Guardian","floor":16,"turns":2},{"damage":1,"enemies":"3 Byrds","floor":18,"turns":3},{"damage":0,"enemies":"Chosen","floor":19,"turns":3},{"damage":0,"enemies":"3 Cultists","floor":20,"turns":3},{"damage":0,"enemies":"Snake Plant","floor":22,"turns":2},{"damage":0,"enemies":"Book of Stabbing","floor":23,"turns":2},{"damage":14,"enemies":"Slavers","floor":25,"turns":2},{"damage":0,"enemies":"Book of Stabbing","floor":27,"turns":2},{"damage":6,"enemies":"Gremlin Leader","floor":28,"turns":2},{"damage":0,"enemies":"Slavers","floor":30,"turns":1},{"damage":0,"enemies":"Champ","floor":33,"turns":4},{"damage":0,"enemies":"3 Darklings","floor":35,"turns":1},{"damage":0,"enemies":"Giant Head","floor":37,"turns":2},{"damage":0,"enemies":"Nemesis","floor":40,"turns":1},{"damage":0,"enemies":"Reptomancer","floor":41,"turns":1},{"damage":0,"enemies":"Nemesis","floor":42,"turns":1},{"damage":0,"enemies":"Reptomancer","floor":44,"turns":1},{"damage":0,"enemies":"Nemesis","floor":45,"turns":1},{"damage":0,"enemies":"Reptomancer","floor":47,"turns":2},{"damage":0,"enemies":"Donu and Deca","floor":50,"turns":1}],"seed_played":"-7865712570924934245","potions_obtained":[{"floor":3,"key":"Poison Potion"},{"floor":7,"key":"PowerPotion"},{"floor":8,"key":"SkillPotion"},{"floor":13,"key":"Energy Potion"},{"floor":14,"key":"Energy Potion"},{"floor":20,"key":"ColorlessPotion"},{"floor":28,"key":"Fire Potion"},{"floor":42,"key":"BlessingOfTheForge"},{"floor":44,"key":"ColorlessPotion"}],"is_trial":true,"path_per_floor":["M","M","M","M","M","E","E","E","T","E","$","R","E","E","R","B",null,"M","M","M","$","M","E","R","E","T","E","E","R","E","?","R","B",null,"M","?","E","$","T","E","E","E","T","E","E","R","E","$","R","B",null],"character_chosen":"THE_SILENT","items_purchased":["Dagger Throw","Acrobatics","Backstab","Toy Ornithopter","Master of Strategy","Accuracy+1","Backflip","InkBottle","Apotheosis","Lantern","Orrery"],"campfire_rested":0,"item_purchase_floors":[11,11,11,11,21,21,21,38,38,48,48],"current_hp_per_floor":[70,70,70,70,70,70,70,70,70,70,70,70,70,70,70,54,70,69,70,70,70,70,70,70,56,56,67,64,64,70,70,70,70,70,70,70,70,70,70,72,84,84,84,86,86,86,88,92,92,92],"gold":195,"neow_bonus":"","is_daily":false,"chose_seed":false,"campfire_upgraded":6,"win_rate":0.0,"timestamp":1613503002,"path_taken":["M","M","M","M","M","E","E","E","T","E","$","R","E","E","R","BOSS","M","M","M","$","M","E","R","E","T","E","E","R","E","?","R","BOSS","M","?","?","$","?","E","E","E","T","E","E","R","E","$","R","BOSS"],"items_purchased_type":["Card","Card","Card","Relic","Card","Card","Card","Relic","Card","Relic","Relic"],"build_version":"2020-12-22","purchased_purges":2,"victory":true,"max_hp_per_floor":[70,70,70,70,70,70,70,70,70,70,70,70,70,70,70,70,70,70,70,70,70,70,70,70,70,70,70,70,70,70,70,70,70,70,70,70,70,70,70,72,84,84,84,86,86,86,88,92,92,92],"card_choices":[{"not_picked":["Deflect","Eviscerate"],"picked":"Blade Dance","floor":0},{"not_picked":["Prepared","Underhanded Strike"],"picked":"Tactician","floor":0},{"not_picked":["Acrobatics","Sucker Punch"],"picked":"Reflex","floor":0},{"not_picked":["Noxious Fumes","Deflect"],"picked":"Masterful Stab","floor":0},{"not_picked":["All Out Attack","Deadly Poison"],"picked":"Prepared","floor":0},{"not_picked":["Expertise","Dodge and Roll"],"picked":"Quick Slash","floor":0},{"not_picked":["Bane","Deadly Poison"],"picked":"Endless Agony","floor":0},{"not_picked":["Cloak And Dagger","Outmaneuver"],"picked":"Blade Dance","floor":0},{"not_picked":["Outmaneuver","Blade Dance"],"picked":"Dagger Throw","floor":0},{"not_picked":["Sucker Punch","Deflect"],"picked":"Dagger Throw","floor":0},{"not_picked":["Heel Hook","PiercingWail"],"picked":"Underhanded Strike","floor":0},{"not_picked":["Flying Knee","Eviscerate"],"picked":"Underhanded Strike","floor":0},{"not_picked":["Acrobatics","Setup"],"picked":"Masterful Stab","floor":0},{"not_picked":["Skewer","Bane"],"picked":"Deflect","floor":0},{"not_picked":["Skewer","Sucker Punch"],"picked":"Blade Dance","floor":0},{"not_picked":["Night Terror","Wraith Form v2"],"picked":"After Image","floor":6},{"not_picked":["Wraith Form v2","Glass Knife"],"picked":"Unload","floor":7},{"not_picked":["Malaise","Die Die Die"],"picked":"Grand Finale","floor":8},{"not_picked":["Doppelganger","Envenom"],"picked":"Grand Finale","floor":10},{"not_picked":["After Image","Envenom"],"picked":"Venomology","floor":13},{"not_picked":["Glass Knife","Tools of the Trade"],"picked":"Venomology","floor":14},{"not_picked":["Night Terror","Unload"],"picked":"Grand Finale","floor":16},{"not_picked":["Grand Finale","Glass Knife"],"picked":"Die Die Die","floor":23},{"not_picked":["Envenom+1","Die Die Die"],"picked":"A Thousand Cuts+1","floor":25},{"not_picked":["Grand Finale","Tools of the Trade+1"],"picked":"Adrenaline","floor":27},{"not_picked":["After Image+1","Phantasmal Killer"],"picked":"Wraith Form v2+1","floor":28},{"not_picked":["Unload","After Image+1","Wraith Form v2+1"],"picked":"SKIP","floor":30},{"not_picked":["Bullet Time","Envenom+1"],"picked":"Grand Finale","floor":33},{"not_picked":["After Image+1","A Thousand Cuts+1"],"picked":"Adrenaline","floor":37},{"not_picked":["Bullet Time","Wraith Form v2+1","Unload"],"picked":"Singing Bowl","floor":40},{"not_picked":["Doppelganger","Burst","Phantasmal Killer"],"picked":"Singing Bowl","floor":41},{"not_picked":["After Image+1","Glass Knife"],"picked":"Venomology","floor":42},{"not_picked":["Malaise","Burst","Glass Knife"],"picked":"Singing Bowl","floor":44},{"not_picked":["After Image+1","Wraith Form v2+1"],"picked":"A Thousand Cuts+1","floor":45},{"not_picked":["After Image+1","Glass Knife","Wraith Form v2+1"],"picked":"Singing Bowl","floor":47},{"not_picked":["Dodge and Roll+1","Acrobatics+1"],"picked":"Escape Plan+1","floor":48},{"not_picked":["Distraction+1","Masterful Stab+1","Slice+1"],"picked":"Singing Bowl","floor":48},{"not_picked":["Deadly Poison+1","Slice+1"],"picked":"Prepared+1","floor":48},{"not_picked":["Storm of Steel+1","Slice"],"picked":"Quick Slash+1","floor":48},{"not_picked":["All Out Attack+1","Poisoned Stab","Flying Knee+1"],"picked":"Singing Bowl","floor":48}],"player_experience":41767,"relics_obtained":[{"floor":1,"key":"The Specimen"},{"floor":2,"key":"Shuriken"},{"floor":3,"key":"Peace Pipe"},{"floor":4,"key":"Art of War"},{"floor":5,"key":"CeramicFish"},{"floor":6,"key":"Centennial Puzzle"},{"floor":7,"key":"Sundial"},{"floor":8,"key":"Bottled Tornado"},{"floor":9,"key":"Oddly Smooth Stone"},{"floor":10,"key":"Snake Skull"},{"floor":13,"key":"Mercury Hourglass"},{"floor":14,"key":"Bird Faced Urn"},{"floor":18,"key":"Blue Candle"},{"floor":19,"key":"Frozen Egg 2"},{"floor":20,"key":"PreservedInsect"},{"floor":22,"key":"Kunai"},{"floor":23,"key":"Ginger"},{"floor":25,"key":"Tiny Chest"},{"floor":26,"key":"Ninja Scroll"},{"floor":27,"key":"Meat on the Bone"},{"floor":28,"key":"Mummified Hand"},{"floor":30,"key":"Eternal Feather"},{"floor":35,"key":"Bottled Lightning"},{"floor":37,"key":"Singing Bowl"},{"floor":40,"key":"Girya"},{"floor":41,"key":"Pear"},{"floor":42,"key":"Old Coin"},{"floor":43,"key":"Pen Nib"},{"floor":44,"key":"StrikeDummy"},{"floor":45,"key":"Toxic Egg 2"},{"floor":47,"key":"Tingsha"}],"event_choices":[{"damage_healed":0,"gold_gain":100,"player_choice":"Pray","damage_taken":0,"max_hp_gain":0,"max_hp_loss":0,"event_name":"Golden Shrine","floor":31,"gold_loss":0},{"damage_healed":0,"gold_gain":0,"player_choice":"Bought 0 Potions","damage_taken":0,"max_hp_gain":0,"max_hp_loss":0,"event_name":"The Woman in Blue","floor":36,"gold_loss":0}],"is_beta":false,"boss_relics":[{"not_picked":["Ectoplasm","Ring of the Serpent"],"picked":"SlaversCollar"},{"not_picked":["Tiny House","Sozu"],"picked":"Philosopher\u0027s Stone"}],"items_purged_floors":[38,48],"is_endless":false,"potions_floor_spawned":[3,7,8,13,14,20,27,28,30,33,41,42,44,45],"ascension_level":1}}