{"host":"jwpp8hxpigr0nknu","time":1613444447,"event":{"mods":["BaseMod","BetterRewards","Colored Map","Colored Powertips","Minty Spire (QoL Compilation)","Rare Cards Sparkle","Shop Mod","StSLib"],"gold_per_floor":[111,111,61,61,24,50,77,103,103,136,163,189,214,240,240,341,341],"floor_reached":16,"language":"ENG","playtime":1491,"items_purged":[],"score":477,"play_id":"943d8bbb-c688-4859-a4be-e14458fe6a42","local_time":"20210215210047","daily_mods":["Draft","Heirloom","Flight","DeadlyEvents","Elite Swarm"],"is_ascension_mode":true,"campfire_choices":[{"data":"Feed","floor":15,"key":"SMITH"}],"circlet_count":0,"master_deck":["Warcry","Seeing Red","Shrug It Off","Rampage","Sword Boomerang","Pummel+1","Rupture","Dark Embrace+1","Warcry","Pummel","Cleave","Infernal Blade","Rage","Pummel","Power Through","Double Tap+1","Offering+1","Exhume+1","Reaper","Reaper","Feed+1","Limit Break+1","Fiend Fire"],"relics":["Burning Blood","Du-Vu Doll","Toxic Egg 2","MealTicket","FossilizedHelix","Shuriken","Toy Ornithopter","Art of War","Meat on the Bone","Blue Candle","Self Forming Clay"],"acts_visited":["Exordium"],"potions_floor_usage":[12,13,16],"damage_taken":[{"damage":0.0,"enemies":"Small Slimes","floor":1.0,"turns":2.0},{"damage":40.0,"enemies":"Lagavulin","floor":6.0,"turns":7.0},{"damage":13.0,"enemies":"3 Sentries","floor":7.0,"turns":5.0},{"damage":6.0,"enemies":"Lagavulin","floor":8.0,"turns":3.0},{"damage":22.0,"enemies":"3 Sentries","floor":10.0,"turns":4.0},{"damage":6.0,"enemies":"Lagavulin","floor":11.0,"turns":4.0},{"damage":22,"enemies":"Gremlin Nob","floor":12,"turns":4},{"damage":6,"enemies":"Lagavulin","floor":13,"turns":5},{"damage":6,"enemies":"Gremlin Nob","floor":14,"turns":3},{"damage":31,"enemies":"The Guardian","floor":16,"turns":7}],"seed_played":"-3357160672667321211","potions_obtained":[{"floor":6.0,"key":"AttackPotion"},{"floor":7.0,"key":"DistilledChaos"},{"floor":10.0,"key":"LiquidBronze"},{"floor":11.0,"key":"BlessingOfTheForge"},{"floor":14,"key":"Weak Potion"}],"is_trial":true,"path_per_floor":["M","?","?","?","$","E","E","E","T","E","E","E","E","E","R","B"],"character_chosen":"IRONCLAD","items_purchased":["Power Through"],"campfire_rested":0,"item_purchase_floors":[5],"current_hp_per_floor":[78,83,83,66,66,32,25,25,25,9,21,26,51,73,73,81,81],"gold":341,"neow_bonus":"","is_daily":false,"chose_seed":false,"campfire_upgraded":1,"win_rate":0.0,"timestamp":1613444447,"path_taken":["M","?","?","?","?","E","E","E","T","E","E","E","E","E","R","BOSS"],"items_purchased_type":["Card"],"build_version":"2020-12-22","purchased_purges":0,"victory":false,"max_hp_per_floor":[80,85,85,85,85,85,85,85,85,85,85,85,88,91,91,95,95],"card_choices":[{"not_picked":["True Grit","Body Slam"],"picked":"Warcry","floor":0.0},{"not_picked":["Thunderclap","Wild Strike"],"picked":"Seeing Red","floor":0.0},{"not_picked":["Warcry","Entrench"],"picked":"Cleave","floor":0.0},{"not_picked":["Battle Trance","Wild Strike"],"picked":"Shrug It Off","floor":0.0},{"not_picked":["Evolve","Warcry"],"picked":"Rampage","floor":0.0},{"not_picked":["Blood for Blood","Clothesline"],"picked":"Sword Boomerang","floor":0.0},{"not_picked":["Whirlwind","Clash"],"picked":"Pummel","floor":0.0},{"not_picked":["Iron Wave","Cleave"],"picked":"Rupture","floor":0.0},{"not_picked":["Whirlwind","Headbutt"],"picked":"Dark Embrace","floor":0.0},{"not_picked":["Armaments","Reckless Charge"],"picked":"Warcry","floor":0.0},{"not_picked":["Evolve","Reckless Charge"],"picked":"Pummel","floor":0.0},{"not_picked":["Anger","Blood for Blood"],"picked":"Cleave","floor":0.0},{"not_picked":["Sword Boomerang","Heavy Blade"],"picked":"Infernal Blade","floor":0.0},{"not_picked":["Thunderclap","Metallicize"],"picked":"Rage","floor":0.0},{"not_picked":["Shrug It Off","Sword Boomerang"],"picked":"Pummel","floor":0.0},{"not_picked":["Havoc","Headbutt","Body Slam"],"picked":"SKIP","floor":1.0},{"not_picked":["Berserk","Juggernaut"],"picked":"Double Tap+1","floor":6.0},{"not_picked":["Immolate","Fiend Fire"],"picked":"Offering+1","floor":7.0},{"not_picked":["Double Tap+1","Fiend Fire"],"picked":"Exhume+1","floor":8.0},{"not_picked":["Bludgeon","Double Tap+1"],"picked":"Reaper","floor":10.0},{"not_picked":["Brutality","Juggernaut"],"picked":"Reaper","floor":11.0},{"not_picked":["Bludgeon","Exhume+1"],"picked":"Feed","floor":12},{"not_picked":["Juggernaut","Immolate"],"picked":"Limit Break+1","floor":13},{"not_picked":["Corruption","Demon Form"],"picked":"Fiend Fire","floor":14}],"player_experience":381627,"relics_obtained":[{"floor":6.0,"key":"Toxic Egg 2"},{"floor":7.0,"key":"MealTicket"},{"floor":8.0,"key":"FossilizedHelix"},{"floor":9.0,"key":"Shuriken"},{"floor":10.0,"key":"Toy Ornithopter"},{"floor":11.0,"key":"Art of War"},{"floor":12,"key":"Meat on the Bone"},{"floor":13,"key":"Blue Candle"},{"floor":14,"key":"Self Forming Clay"}],"event_choices":[{"damage_healed":0.0,"max_hp_gain":5.0,"max_hp_loss":0.0,"gold_gain":0.0,"event_name":"Big Fish","player_choice":"Donut","floor":2.0,"gold_loss":0.0,"damage_taken":0.0},{"cards_removed":["Cleave"],"damage_healed":0.0,"max_hp_gain":0.0,"max_hp_loss":0.0,"gold_gain":0.0,"event_name":"The Cleric","player_choice":"Card Removal","floor":3.0,"gold_loss":50.0,"damage_taken":0.0},{"damage_healed":0.0,"max_hp_gain":0.0,"max_hp_loss":0.0,"gold_gain":0.0,"event_name":"Shining Light","player_choice":"Entered Light","floor":4.0,"gold_loss":0.0,"damage_taken":17.0,"cards_upgraded":["Dark Embrace","Pummel"]}],"is_beta":false,"boss_relics":[],"items_purged_floors":[],"is_endless":true,"potions_floor_spawned":[6,7,10,11,14],"killed_by":"The Guardian","ascension_level":9}}