{"host":"vyjryxuuuxkt43k4","time":1613461709,"event":{"mods":["AchievementEnabler","BaseMod","Colored Map","DeckTracker","Keyboard Shortcuts","Minty Spire (QoL Compilation)","Permanent Neow","Quick Restart","StSLib","SuperFastMode","everything is the same but u backflip on backflip"],"gold_per_floor":[114,128,128,144,162,162,179,210,237,237,264,27,27,44,44,116,116,133,58,58,58,73,73,123,123,149,149,168,199,199,26,26,26,26],"floor_reached":33,"language":"KOR","playtime":2418,"items_purged":["Strike_R"],"score":546,"play_id":"43fc0593-da12-4a28-9306-87d028ff6de6","local_time":"20210216164829","is_ascension_mode":true,"campfire_choices":[{"data":"Carnage","floor":6.0,"key":"SMITH"},{"data":"Inflame","floor":10.0,"key":"SMITH"},{"data":"Pommel Strike","floor":15.0,"key":"SMITH"},{"data":"Barricade","floor":23,"key":"SMITH"},{"data":"Fire Breathing","floor":25,"key":"SMITH"},{"floor":27,"key":"REST"},{"floor":30,"key":"REST"},{"floor":32,"key":"REST"}],"circlet_count":0,"master_deck":["AscendersBane","Strike_R","Strike_R","Defend_R","Defend_R","Defend_R+1","Defend_R","Bash+1","Carnage+1","Anger","Shrug It Off","Fire Breathing+1","Inflame+1","Pommel Strike+1","Ghostly Armor","Barricade+1","Shrug It Off","Sentinel","Decay","Reckless Charge","Blood for Blood","Bloodletting","Fiend Fire"],"relics":["Burning Blood","Oddly Smooth Stone","Dream Catcher","Potion Belt","Toy Ornithopter","Medical Kit","Cursed Key","Pen Nib","Magic Flower","Membership Card"],"acts_visited":["Exordium","TheCity"],"potions_floor_usage":[33],"damage_taken":[{"damage":6.0,"enemies":"Cultist","floor":1.0,"turns":3.0},{"damage":7.0,"enemies":"Small Slimes","floor":2.0,"turns":3.0},{"damage":1.0,"enemies":"2 Louse","floor":4.0,"turns":3.0},{"damage":11.0,"enemies":"Gremlin Gang","floor":5.0,"turns":4.0},{"damage":6.0,"enemies":"2 Fungi Beasts","floor":7.0,"turns":3.0},{"damage":13.0,"enemies":"Lagavulin","floor":8.0,"turns":7.0},{"damage":10.0,"enemies":"Gremlin Nob","floor":11.0,"turns":3.0},{"damage":16.0,"enemies":"Exordium Thugs","floor":14.0,"turns":3.0},{"damage":18.0,"enemies":"Slime Boss","floor":16.0,"turns":9.0},{"damage":18.0,"enemies":"Chosen","floor":18.0,"turns":5.0},{"damage":19,"enemies":"Spheric Guardian","floor":22,"turns":4},{"damage":22,"enemies":"Snecko","floor":28,"turns":5},{"damage":32,"enemies":"Gremlin Leader","floor":29,"turns":7},{"damage":83,"enemies":"Champ","floor":33,"turns":9}],"seed_played":"-4000365953378202971","potions_obtained":[{"floor":1.0,"key":"Strength Potion"},{"floor":4.0,"key":"SkillPotion"},{"floor":11.0,"key":"GamblersBrew"},{"floor":16.0,"key":"Swift Potion"},{"floor":22,"key":"SteroidPotion"}],"is_trial":false,"path_per_floor":["M","M","?","M","M","R","M","E","T","R","E","$","?","M","R","B",null,"M","?","?","$","M","R","?","R","T","R","M","E","R","$","R","B"],"character_chosen":"IRONCLAD","items_purchased":["Medical Kit","Membership Card"],"campfire_rested":3,"item_purchase_floors":[12,31],"current_hp_per_floor":[68,67,67,72,67,67,67,60,60,60,56,56,33,28,28,16,60,53,53,53,53,40,40,40,40,40,62,46,20,42,42,64,0,0],"gold":26,"neow_bonus":"REMOVE_CARD","is_daily":false,"chose_seed":false,"campfire_upgraded":5,"win_rate":0.0,"timestamp":1613461709,"path_taken":["M","M","?","M","M","R","?","E","T","R","E","$","?","M","R","BOSS","M","?","?","$","?","R","?","R","T","R","M","E","R","?","R","BOSS"],"items_purchased_type":["Relic","Relic"],"build_version":"2020-12-22","purchased_purges":1,"victory":false,"max_hp_per_floor":[75,75,75,75,75,75,75,75,75,75,75,75,75,75,75,75,75,75,75,75,75,75,75,75,75,75,75,75,75,75,75,75,75,75],"card_choices":[{"not_picked":["Thunderclap","Warcry"],"picked":"Carnage","floor":1.0},{"not_picked":["Body Slam","Combust"],"picked":"Anger","floor":2.0},{"not_picked":["Clothesline","Anger"],"picked":"Shrug It Off","floor":4.0},{"not_picked":["True Grit","Thunderclap","Entrench"],"picked":"SKIP","floor":5.0},{"not_picked":["Second Wind","Thunderclap"],"picked":"Fire Breathing","floor":7.0},{"not_picked":["Sever Soul","Infernal Blade"],"picked":"Inflame","floor":8.0},{"not_picked":["Limit Break","Juggernaut"],"picked":"Pommel Strike","floor":11.0},{"not_picked":["Metallicize","Heavy Blade"],"picked":"Ghostly Armor","floor":14.0},{"not_picked":["Immolate","Bludgeon"],"picked":"Barricade","floor":16.0},{"not_picked":["Sword Boomerang","Havoc"],"picked":"Shrug It Off","floor":18.0},{"not_picked":["Infernal Blade","Cleave","Clash"],"picked":"SKIP","floor":22},{"not_picked":["Metallicize","True Grit"],"picked":"Reckless Charge","floor":27},{"not_picked":["Heavy Blade","Flex","True Grit"],"picked":"SKIP","floor":28},{"not_picked":["Anger+1","Rampage+1"],"picked":"Blood for Blood","floor":29},{"not_picked":["Sever Soul","Cleave"],"picked":"Bloodletting","floor":30},{"not_picked":["Fire Breathing+1","Combust"],"picked":"Fiend Fire","floor":32}],"player_experience":993881,"relics_obtained":[{"floor":8.0,"key":"Dream Catcher"},{"floor":9.0,"key":"Potion Belt"},{"floor":11.0,"key":"Toy Ornithopter"},{"floor":26,"key":"Pen Nib"},{"floor":29,"key":"Magic Flower"}],"event_choices":[{"damage_healed":0.0,"max_hp_gain":0.0,"max_hp_loss":0.0,"gold_gain":0.0,"event_name":"WeMeetAgain","player_choice":"Gave Potion","floor":3.0,"gold_loss":0.0,"damage_taken":0.0,"relics_obtained":["Oddly Smooth Stone"]},{"damage_healed":0.0,"max_hp_gain":0.0,"max_hp_loss":0.0,"gold_gain":0.0,"event_name":"Shining Light","player_choice":"Entered Light","floor":13.0,"gold_loss":0.0,"damage_taken":23.0,"cards_upgraded":["Bash","Defend_R"]},{"cards_removed":["Strike_R"],"damage_healed":0.0,"max_hp_gain":0.0,"max_hp_loss":0.0,"gold_gain":0.0,"event_name":"Beggar","player_choice":"Gave Gold","floor":19.0,"gold_loss":75.0,"damage_taken":0.0},{"damage_healed":0,"gold_gain":0,"player_choice":"1 cards matched","damage_taken":0,"max_hp_gain":0,"max_hp_loss":0,"event_name":"Match and Keep!","floor":20,"gold_loss":0,"cards_obtained":["Sentinel"]},{"damage_healed":0,"gold_gain":50,"player_choice":"Pray","damage_taken":0,"max_hp_gain":0,"max_hp_loss":0,"event_name":"Golden Shrine","floor":24,"gold_loss":0}],"is_beta":false,"boss_relics":[{"not_picked":["SlaversCollar","Astrolabe"],"picked":"Cursed Key"}],"items_purged_floors":[12],"is_endless":false,"potions_floor_spawned":[1,4,11,16,22],"killed_by":"Champ","ascension_level":20}}