{"host":"l2lylj0omvglf5x0","time":1613474218,"event":{"mods":["2.2 Compatiblity","BaseMod","Bestiary","Block Reminder","Colored Map","Colored Powertips","Curses Come First","Highlight Path","Keyboard Shortcuts","Minty Spire (QoL Compilation)","Relic Sorter","Relic Stats","Slay the Relics Exporter","StSLib","SuperFastMode"],"gold_per_floor":[112,127,145,145,145,183,283,304,304,304,304],"floor_reached":10,"language":"ENG","playtime":245,"items_purged":[],"score":71,"play_id":"70cc3cf7-692e-46b8-83cd-1a34c60211ff","local_time":"20210216121658","is_ascension_mode":true,"campfire_choices":[],"circlet_count":0,"master_deck":["Strike_P","Strike_P","Strike_P","Strike_P","Defend_P","Defend_P","Defend_P","Defend_P","Eruption","Vigilance","FlurryOfBlows","Swivel","CrushJoints","Evaluate","EmptyFist"],"relics":["Runic Dome","Golden Idol","CaptainsWheel","Unceasing Top"],"acts_visited":["Exordium"],"potions_floor_usage":[],"damage_taken":[{"damage":10,"enemies":"2 Louse","floor":1,"turns":2},{"damage":17,"enemies":"Jaw Worm","floor":2,"turns":2},{"damage":0,"enemies":"Small Slimes","floor":3,"turns":2},{"damage":31,"enemies":"3 Sentries","floor":6,"turns":8},{"damage":6,"enemies":"Red Slaver","floor":8,"turns":5},{"damage":26,"enemies":"Gremlin Nob","floor":10,"turns":2}],"seed_played":"7434428526853015517","potions_obtained":[{"floor":2,"key":"LiquidBronze"},{"floor":8,"key":"BlessingOfTheForge"}],"is_trial":false,"path_per_floor":["M","M","M","?","?","E","?","M","T","E"],"character_chosen":"WATCHER","items_purchased":[],"campfire_rested":0,"item_purchase_floors":[],"current_hp_per_floor":[62,45,45,45,50,19,19,13,13,0,0],"gold":304,"neow_bonus":"BOSS_RELIC","is_daily":false,"chose_seed":false,"campfire_upgraded":0,"win_rate":0.0,"timestamp":1613474218,"path_taken":["M","M","M","?","?","E","?","M","T","E"],"items_purchased_type":[],"build_version":"2020-12-22","purchased_purges":0,"victory":false,"max_hp_per_floor":[72,72,72,67,72,72,72,72,72,72,72],"relic_stats":{"counters":[6,21],"Golden Idol":12,"obtain_stats":[{"Runic Dome":0,"CaptainsWheel":6,"Golden Idol":4,"PureWater":0,"Unceasing Top":9},{"Runic Dome":0,"CaptainsWheel":4,"Golden Idol":3,"PureWater":0,"Unceasing Top":5},{"Runic Dome":0,"CaptainsWheel":14,"Golden Idol":6,"PureWater":0,"Unceasing Top":19}],"Unceasing Top":[0]},"card_choices":[{"not_picked":["Halt","Indignation"],"picked":"FlurryOfBlows","floor":1},{"not_picked":["Evaluate","ThirdEye"],"picked":"Swivel","floor":2},{"not_picked":["Crescendo","EmptyBody"],"picked":"CrushJoints","floor":3},{"not_picked":["CrushJoints","Crescendo"],"picked":"Evaluate","floor":6},{"not_picked":["ForeignInfluence","EmptyBody"],"picked":"EmptyFist","floor":8}],"player_experience":951208,"relics_obtained":[{"floor":6,"key":"CaptainsWheel"},{"floor":9,"key":"Unceasing Top"}],"event_choices":[{"damage_healed":0,"gold_gain":0,"player_choice":"Lose Max HP","damage_taken":0,"relics_obtained":["Golden Idol"],"max_hp_gain":0,"max_hp_loss":5,"event_name":"Golden Idol","floor":4,"gold_loss":0},{"damage_healed":0,"gold_gain":0,"player_choice":"Donut","damage_taken":0,"max_hp_gain":5,"max_hp_loss":0,"event_name":"Big Fish","floor":5,"gold_loss":0},{"damage_healed":0,"gold_gain":100,"player_choice":"Pray","damage_taken":0,"max_hp_gain":0,"max_hp_loss":0,"event_name":"Golden Shrine","floor":7,"gold_loss":0}],"is_beta":false,"boss_relics":[],"items_purged_floors":[],"is_endless":false,"potions_floor_spawned":[2,8],"killed_by":"Gremlin Nob","ascension_level":1}}