{"host":"nx6ib2o6hmd449ys","time":1613458527,"event":{"mods":["2.2 Compatiblity","Act Like it!","Aspiration","BaseMod","BetterRewards","CCEM","Colorless Booster Pack","Conjunction","Conspire","Dota2Spire","Downfall","Energized Spire","Fox Events","Friendly Minions","Gensokyo","GifTheSpireLib","GungeonMod","Halation","Hubris","Infinite Spire","Jedi Mod","Marisa????????","Minty Spire (QoL Compilation)","MostiFishMod","Quick Restart","RRrroohrrRGHHhhh!!","Rare Cards Sparkle","RatMod","Reliquary","Replay The Spire","Retaliation","Ruina","RumiaBox-????????","Shapeshifter Mod","Shop Mod","Small Relic Pack","Spicy Shops","Spikes Relics","Spire Arcade","StS++","StSLib","Stuff the Spire","SuperFastMode","TestMod","The Blue Laboratory","The Exalted","The Factory","The Jungle","Wandering Minibosses","Wide Potions","[IsaacMod]????","noobMod","sanctuary","vexMod","??????REMEMod"],"gold_per_floor":[111,111,111,126,176,209,63,98,98,117,147,157,15,34,34,132,132,132,132],"floor_reached":18,"language":"ENG","playtime":1599,"items_purged":[],"score":255,"play_id":"ef7be470-ed7a-4656-8e42-c10fb1720e47","local_time":"20210216075527","is_ascension_mode":false,"campfire_choices":[{"floor":15,"key":"DIG"}],"circlet_count":0,"master_deck":["StSShapeShifter:ShapeShifter_Strike","StSShapeShifter:ShapeShifter_Strike","StSShapeShifter:ShapeShifter_Strike","StSShapeShifter:ShapeShifter_Strike","StSShapeShifter:ShapeShifter_Strike","StSShapeShifter:ShapeShifter_Defend","StSShapeShifter:ShapeShifter_Defend","StSShapeShifter:ShapeShifter_Defend","StSShapeShifter:ShapeShifter_Defend","StSShapeShifter:ShapeShifter_Defend","StSShapeShifter:Tortoise_Form","StSShapeShifter:Lynx_Form","BettingIsNotGood","ruina:LoveAndHate","StSShapeShifter:MonkeyForm","Gensokyo:CrescentMoonSlash","StSShapeShifter:ReplenishingNectar","StSShapeShifter:DeerForm","StSShapeShifter:BloomingSlash","REME_PuzzleBox","StSShapeShifter:Roar","StSShapeShifter:PoisonIvy","Gensokyo:TarnishedGold","Gensokyo:MysteriousEgg","Gensokyo:Shovel","StSShapeShifter:Bonk","StSShapeShifter:BurrBomb"],"relics":["StSShapeShifter:AnimalHeart","StSShapeShifter:TheShapeShiftersMagnolia","testmod-TestBox","ice","HushsDoor","DaveBox","REME_ComplimentaryCards","Leech","testmod-InjuryResistance","ChiXiaoBlade","Dodecahedron","DemoMod:GnawedKey","jedi:firstaidkit","conspire:TreasureMap","SpikesRelics:DaevaFist","SynthV:TestCard","halation:BottledLove","Blue Doll","HowToJump","Chemical X","Sanctuary:OrderPad","Replay:Mystery Machine","BookOfRevelations","Dota2Spire:LotusOrb","DemoMod:GlassGuonStoneRelic","energizedSpire:CursedPentagram"],"acts_visited":["Exordium","Gensokyo:Gensokyo"],"potions_floor_usage":[5,11,12],"damage_taken":[{"damage":3,"enemies":"Gensokyo:2_Kodama","floor":1,"turns":3},{"damage":1,"enemies":"Gensokyo:3_Fairies","floor":4,"turns":2},{"damage":25,"enemies":"Hiden Room Battle","floor":5,"turns":4},{"damage":16,"enemies":"Gensokyo:Aya","floor":6,"turns":8},{"damage":3,"enemies":"Gensokyo:Cirno","floor":8,"turns":5},{"damage":0,"enemies":"Gensokyo:Python","floor":10,"turns":2},{"damage":1,"enemies":"Gensokyo:Mamizou","floor":11,"turns":6},{"damage":1,"enemies":"Gensokyo:2_Rabbits","floor":12,"turns":3},{"damage":0,"enemies":"Gensokyo:5_Fairies","floor":14,"turns":3},{"damage":6,"enemies":"Gensokyo:Reimu","floor":16,"turns":11},{"damage":0,"enemies":"Gensokyo:CosmicMonolith","floor":18,"turns":1}],"seed_played":"1907021777403949570","potions_obtained":[{"floor":4,"key":"PowerPotion"},{"floor":6,"key":"Energy Potion"},{"floor":11,"key":"Languid Potion"},{"floor":14,"key":"blueLaboratory:BubblePotion"}],"is_trial":false,"path_per_floor":["M","?","?","M","?","E","$","E","T","M","E","M","COS","M","R","B",null,"M"],"character_chosen":"SHAPESHIFTER","items_purchased":["Dodecahedron","DemoMod:GnawedKey","conspire:TreasureMap","SpikesRelics:DaevaFist","Chemical X","REME_PuzzleBox"],"campfire_rested":0,"item_purchase_floors":[0,0,0,0,7,7],"current_hp_per_floor":[41,31,39,38,17,23,23,34,34,39,48,61,61,61,61,73,78,78,78],"gold":132,"neow_bonus":"","is_daily":false,"chose_seed":false,"campfire_upgraded":0,"win_rate":0.0,"timestamp":1613458527,"path_taken":["M","?","?","?","?","E","$","E","T","M","E","M","COS","M","R","BOSS","M"],"items_purchased_type":["Relic","Relic","Relic","Relic","Relic","Card"],"build_version":"2020-12-13","purchased_purges":0,"victory":false,"max_hp_per_floor":[78,78,78,78,78,78,78,78,78,78,78,78,78,78,78,78,78,78,78],"card_choices":[{"not_picked":[],"picked":"BettingIsNotGood","floor":0},{"not_picked":["StSShapeShifter:FesteringBite","StSShapeShifter:FlowerShield"],"picked":"StSShapeShifter:MonkeyForm","floor":1},{"not_picked":["StSShapeShifter:SunflowerShuriken","StSShapeShifter:Bonk","StSShapeShifter:BarkSkin","StSShapeShifter:DragonForm"],"picked":"StSShapeShifter:ReplenishingNectar","floor":4},{"not_picked":["StSShapeShifter:OakBlade","StSShapeShifter:FesteringBite","StSShapeShifter:SquirrelForm","StSShapeShifter:FallingLeaves"],"picked":"StSShapeShifter:DeerForm","floor":5},{"not_picked":["StSShapeShifter:AdaptiveStrikes","StSShapeShifter:FlamingoForm","StSShapeShifter:RockSlide","StSShapeShifter:Rabid"],"picked":"StSShapeShifter:BloomingSlash","floor":6},{"not_picked":["StSShapeShifter:OakBlade","StSShapeShifter:ThornToss","StSShapeShifter:Garden","StSShapeShifter:FlowerShield"],"picked":"StSShapeShifter:Roar","floor":8},{"not_picked":["StSShapeShifter:EagleForm","StSShapeShifter:Sapling","StSShapeShifter:Guard","StSShapeShifter:BarkSkin","StSShapeShifter:WolfForm"],"picked":"SKIP","floor":10},{"not_picked":["StSShapeShifter:EntForm","StSShapeShifter:Guard","StSShapeShifter:HippoForm","StSShapeShifter:PhoenixForm"],"picked":"StSShapeShifter:PoisonIvy","floor":11},{"not_picked":["StSShapeShifter:WiltingWrath","StSShapeShifter:BladeOfGrass","StSShapeShifter:DeepWound","StSShapeShifter:SpiritOfTheEarth","StSShapeShifter:Flourish"],"picked":"SKIP","floor":12},{"not_picked":["StSShapeShifter:DeepWound","StSShapeShifter:Flourish","StSShapeShifter:Garden","StSShapeShifter:PoisonIvy"],"picked":"StSShapeShifter:Bonk","floor":14},{"not_picked":["StSShapeShifter:Spring","StSShapeShifter:Summer","StSShapeShifter:Autumn","StSShapeShifter:Earthquake"],"picked":"StSShapeShifter:BurrBomb","floor":16}],"player_experience":342318,"relics_obtained":[{"floor":1,"key":"SynthV:TestCard"},{"floor":5,"key":"halation:BottledLove"},{"floor":5,"key":"Blue Doll"},{"floor":6,"key":"HowToJump"},{"floor":8,"key":"Sanctuary:OrderPad"},{"floor":9,"key":"Replay:Mystery Machine"},{"floor":11,"key":"BookOfRevelations"},{"floor":15,"key":"Dota2Spire:LotusOrb"}],"event_choices":[{"damage_healed":0,"gold_gain":0,"player_choice":"Fight","damage_taken":0,"max_hp_gain":0,"max_hp_loss":0,"event_name":"HidenRoomEvent","floor":5,"gold_loss":0}],"is_beta":false,"boss_relics":[{"not_picked":["ChampionBelt","Snecko Eye"],"picked":"energizedSpire:CursedPentagram"},{"not_picked":[]}],"items_purged_floors":[],"is_endless":false,"potions_floor_spawned":[4,6,11,14],"killed_by":"Gensokyo:CosmicMonolith","ascension_level":0}}