{"host":"f9ntswufr8mq3t4y","time":1613507351,"event":{"mods":["AchievementEnabler","BaseMod","Best Route Mod","Block Reminder","Colored Map","Colored Powertips","Curses Come First","DeckTracker","Displayed Cursed Tome","Highlight Path","Minty Spire (QoL Compilation)","Permanent Neow","Quick Restart","Slay-I","StSLib"],"gold_per_floor":[16,16,16,31,47,47,83,102,147,147,163,199,199,219,219,339,339,353,377,377,401,426,426,460,460,460,503,167,167,192,206,206,337,337,352,352,368,387,407,407,148,148,148,171,209,233,233,566,566,566],"floor_reached":51,"language":"ENG","playtime":3113,"items_purged":[],"score":999,"play_id":"f546b501-0a5c-4635-8fd2-2544b3eab61f","local_time":"20210216232911","is_ascension_mode":true,"campfire_choices":[{"data":"Dualcast","floor":6,"key":"SMITH"},{"floor":10,"key":"REST"},{"data":"Go for the Eyes","floor":13,"key":"SMITH"},{"data":"Machine Learning","floor":15,"key":"SMITH"},{"data":"Reboot","floor":23,"key":"SMITH"},{"floor":25,"key":"REST"},{"data":"Sweeping Beam","floor":29,"key":"SMITH"},{"floor":32,"key":"REST"},{"floor":40,"key":"REST"},{"data":"Ball Lightning","floor":42,"key":"SMITH"},{"floor":47,"key":"REST"},{"data":"Rip and Tear","floor":49,"key":"SMITH"}],"circlet_count":0,"master_deck":["Strike_B+1","Strike_B+1","Strike_B+1","Defend_B+1","Defend_B+1","Defend_B+1","Zap+1","Dualcast+1","Cold Snap","Sweeping Beam+1","Ball Lightning+1","Rip and Tear+1","Go for the Eyes+1","Machine Learning+1","Reboot+1","Beam Cell+1","Fission+1","BootSequence+1","Rainbow+1","Static Discharge+1","Coolheaded+1","Conserve Battery+1","Parasite","Self Repair+1","Seek+1"],"relics":["Cracked Core","Meat on the Bone","Orichalcum","MealTicket","Inserter","PreservedInsect","Toxic Egg 2","Bottled Tornado","Toy Ornithopter","Pen Nib","Membership Card","SacredBark","Pear","Molten Egg 2","Lizard Tail","Anchor"],"acts_visited":["TheCity","TheBeyond"],"potions_floor_usage":[7,19,24,27,33,38,45,46,50,50],"damage_taken":[{"damage":5,"enemies":"Jaw Worm","floor":1,"turns":4},{"damage":0,"enemies":"Cultist","floor":4,"turns":2},{"damage":0,"enemies":"2 Louse","floor":5,"turns":2},{"damage":34,"enemies":"Lagavulin","floor":7,"turns":4},{"damage":7,"enemies":"Exordium Wildlife","floor":8,"turns":2},{"damage":0,"enemies":"Large Slime","floor":11,"turns":3},{"damage":8,"enemies":"3 Sentries","floor":12,"turns":4},{"damage":5,"enemies":"Gremlin Gang","floor":14,"turns":3},{"damage":10,"enemies":"Hexaghost","floor":16,"turns":7},{"damage":11,"enemies":"Chosen","floor":18,"turns":4},{"damage":11,"enemies":"3 Byrds","floor":19,"turns":4},{"damage":18,"enemies":"Snake Plant","floor":21,"turns":4},{"damage":36,"enemies":"Slavers","floor":24,"turns":3},{"damage":21,"enemies":"Book of Stabbing","floor":27,"turns":4},{"damage":7,"enemies":"Snecko","floor":30,"turns":5},{"damage":4,"enemies":"Chosen and Byrds","floor":31,"turns":4},{"damage":56,"enemies":"Collector","floor":33,"turns":7},{"damage":0,"enemies":"Orb Walker","floor":35,"turns":2},{"damage":15,"enemies":"3 Darklings","floor":37,"turns":3},{"damage":14,"enemies":"4 Shapes","floor":38,"turns":3},{"damage":28,"enemies":"Sphere and 2 Shapes","floor":39,"turns":4},{"damage":8,"enemies":"Writhing Mass","floor":44,"turns":6},{"damage":25,"enemies":"Giant Head","floor":45,"turns":6},{"damage":26,"enemies":"Maw","floor":46,"turns":5},{"damage":94,"enemies":"Time Eater","floor":50,"turns":13}],"seed_played":"-489423639906499591","potions_obtained":[{"floor":1,"key":"Regen Potion"},{"floor":4,"key":"Strength Potion"},{"floor":11,"key":"Block Potion"},{"floor":12,"key":"ColorlessPotion"},{"floor":19,"key":"GamblersBrew"},{"floor":21,"key":"Weak Potion"},{"floor":27,"key":"PotionOfCapacity"},{"floor":30,"key":"BlessingOfTheForge"},{"floor":35,"key":"LiquidMemories"},{"floor":38,"key":"GamblersBrew"},{"floor":45,"key":"Ancient Potion"},{"floor":46,"key":"Weak Potion"}],"is_trial":false,"path_per_floor":["M","?","?","M","M","R","E","M","T","R","M","E","R","M","R","B",null,"M","M","?","M","T","R","E","R","T","E","$","R","M","M","R","B",null,"M","?","M","M","M","R","$","R","T","M","E","M","R","?","R","B",null],"character_chosen":"DEFECT","items_purchased":["Pen Nib","Membership Card","AttackPotion","Pear","Molten Egg 2"],"campfire_rested":5,"item_purchase_floors":[28,28,28,41,41],"current_hp_per_floor":[70,52,52,52,52,52,27,32,32,54,54,46,46,41,41,43,67,56,45,45,39,39,39,15,37,37,28,43,43,48,44,66,27,63,63,63,48,39,23,45,70,70,70,62,64,53,78,78,78,64],"gold":566,"neow_bonus":"TRANSFORM_TWO_CARDS","is_daily":false,"chose_seed":false,"campfire_upgraded":7,"win_rate":0.0,"timestamp":1613507351,"path_taken":["M","?","?","M","M","R","E","M","T","R","M","E","R","?","R","BOSS","M","M","?","M","?","R","E","R","T","E","$","R","M","M","R","BOSS","M","?","M","?","M","R","$","R","T","?","E","M","R","?","R","BOSS"],"items_purchased_type":["Relic","Relic","Potion","Relic","Relic"],"build_version":"2020-12-22","purchased_purges":0,"victory":true,"max_hp_per_floor":[75,75,75,75,75,75,75,75,75,75,75,75,75,75,75,75,75,75,75,75,75,75,75,75,75,75,75,75,75,75,75,75,75,75,75,75,75,75,75,75,85,85,85,85,85,85,85,85,85,85],"card_choices":[{"not_picked":["FTL","Turbo"],"picked":"Ball Lightning","floor":1},{"not_picked":["Capacitor","Go for the Eyes","Rip and Tear"],"picked":"SKIP","floor":4},{"not_picked":["Streamline","Go for the Eyes"],"picked":"Rip and Tear","floor":5},{"not_picked":["Go for the Eyes","Stack","Compile Driver"],"picked":"SKIP","floor":7},{"not_picked":["Stack","Hologram","Static Discharge"],"picked":"SKIP","floor":8},{"not_picked":["Lockon","Double Energy"],"picked":"Go for the Eyes","floor":11},{"not_picked":["Leap","Multi-Cast"],"picked":"Machine Learning","floor":12},{"not_picked":["Go for the Eyes","Gash","Rip and Tear"],"picked":"SKIP","floor":14},{"not_picked":["Core Surge","Machine Learning"],"picked":"Reboot","floor":16},{"not_picked":["Cold Snap","Stack","Hologram"],"picked":"SKIP","floor":18},{"not_picked":["Coolheaded","FTL"],"picked":"Beam Cell+1","floor":19},{"not_picked":["Aggregate","Gash+1","Barrage+1"],"picked":"SKIP","floor":21},{"not_picked":["Streamline","Steam+1","Sunder"],"picked":"SKIP","floor":24},{"not_picked":["Hologram+1","Darkness+1","Streamline"],"picked":"SKIP","floor":27},{"not_picked":["Coolheaded+1","Redo+1"],"picked":"Fission+1","floor":30},{"not_picked":["Streamline","Sweeping Beam"],"picked":"BootSequence+1","floor":31},{"not_picked":["Multi-Cast+1","Echo Form"],"picked":"Rainbow+1","floor":33},{"not_picked":["Glacier+1","Storm"],"picked":"Static Discharge+1","floor":35},{"not_picked":["Capacitor","Sweeping Beam","Leap+1"],"picked":"SKIP","floor":37},{"not_picked":["Sweeping Beam","Gash+1"],"picked":"Coolheaded+1","floor":38},{"not_picked":["Storm+1","Double Energy+1"],"picked":"Conserve Battery+1","floor":39},{"not_picked":["Stack+1","Melter+1"],"picked":"Self Repair+1","floor":44},{"not_picked":["Turbo+1","Rip and Tear+1","Storm"],"picked":"SKIP","floor":45},{"not_picked":["Streamline+1","Scrape+1"],"picked":"Seek+1","floor":46}],"player_experience":447019,"relics_obtained":[{"floor":7,"key":"Meat on the Bone"},{"floor":9,"key":"Orichalcum"},{"floor":12,"key":"MealTicket"},{"floor":22,"key":"PreservedInsect"},{"floor":24,"key":"Toxic Egg 2"},{"floor":26,"key":"Bottled Tornado"},{"floor":27,"key":"Toy Ornithopter"},{"floor":43,"key":"Lizard Tail"},{"floor":45,"key":"Anchor"}],"event_choices":[{"damage_healed":0,"gold_gain":0,"player_choice":"Take Damage","damage_taken":18,"relics_obtained":["Golden Idol"],"max_hp_gain":0,"max_hp_loss":0,"event_name":"Golden Idol","floor":2,"gold_loss":0},{"damage_healed":0,"gold_gain":0,"player_choice":"Upgraded","damage_taken":0,"max_hp_gain":0,"max_hp_loss":0,"event_name":"Upgrade Shrine","floor":3,"gold_loss":0,"cards_upgraded":["Zap"]},{"damage_healed":0,"gold_gain":0,"player_choice":"Simplicity","damage_taken":0,"max_hp_gain":0,"max_hp_loss":0,"event_name":"Back to Basics","floor":20,"gold_loss":0,"cards_upgraded":["Strike_B","Strike_B","Strike_B","Defend_B","Defend_B","Defend_B"]},{"damage_healed":0,"gold_gain":0,"player_choice":"Ignored","damage_taken":0,"max_hp_gain":0,"max_hp_loss":0,"event_name":"SecretPortal","floor":36,"gold_loss":0},{"damage_healed":0,"gold_gain":333,"player_choice":"Gave Idol","damage_taken":0,"max_hp_gain":0,"max_hp_loss":0,"event_name":"The Moai Head","floor":48,"relics_lost":["Golden Idol"],"gold_loss":0}],"is_beta":false,"boss_relics":[{"not_picked":["Fusion Hammer","Snecko Eye"],"picked":"Inserter"},{"not_picked":["Pandora\u0027s Box","Runic Dome"],"picked":"SacredBark"}],"items_purged_floors":[],"is_endless":false,"potions_floor_spawned":[1,4,11,12,19,21,27,30,35,38,45,46],"ascension_level":5}}