{"host":"nmrs76mlgy8izz05","time":1613456355,"event":{"mods":["2.2 Compatiblity","BaseMod","Bestiary","Colored Map","Colored Powertips","Curses Come First","Highlight Path","Keyboard Shortcuts","Minty Spire (QoL Compilation)","Relic Stats","Slay the Relics Exporter","StSLib","SuperFastMode"],"gold_per_floor":[114,114,129,129,144,144,144,159,159,159,159,159,174,12,12,112,112,127,142,157,157,157,157],"floor_reached":22,"language":"ZHS","playtime":1185,"items_purged":[],"score":201,"play_id":"3ec3f507-1209-4206-87d3-4560feadf973","local_time":"20210216141915","daily_mods":["Specialized","ControlledChaos","Lethality"],"is_ascension_mode":false,"campfire_choices":[{"data":"ClearTheMind","floor":6,"key":"SMITH"},{"floor":12,"key":"REST"},{"data":"Scrawl","floor":15,"key":"SMITH"}],"circlet_count":0,"master_deck":["Strike_P","Strike_P","Strike_P","Defend_P","Defend_P","Defend_P+1","Defend_P","Eruption","Vigilance","Pray+1","Pray","Pray","Pray","Pray","FollowUp","FearNoEvil+1","ClearTheMind+1","Scrawl+1","Indignation","ClearTheMind","LessonLearned","Devotion","SashWhip","FollowUp","Tantrum"],"relics":["HolyWater","Frozen Eye","Omamori","War Paint","Bag of Preparation","Yang","Gambling Chip"],"acts_visited":["Exordium","TheCity"],"potions_floor_usage":[8,16,16],"damage_taken":[{"damage":0,"enemies":"Small Slimes","floor":1,"turns":2},{"damage":9,"enemies":"Jaw Worm","floor":3,"turns":3},{"damage":0,"enemies":"Cultist","floor":5,"turns":2},{"damage":14,"enemies":"3 Louse","floor":8,"turns":2},{"damage":0,"enemies":"2 Fungi Beasts","floor":13,"turns":2},{"damage":54,"enemies":"The Guardian","floor":16,"turns":9},{"damage":0,"enemies":"Shell Parasite","floor":18,"turns":2},{"damage":13,"enemies":"Spheric Guardian","floor":19,"turns":3},{"damage":56,"enemies":"Snake Plant","floor":20,"turns":5},{"damage":0,"enemies":"Shelled Parasite and Fungi","floor":22,"turns":1}],"seed_played":"2711566965655028651","potions_obtained":[{"floor":1,"key":"PowerPotion"},{"floor":3,"key":"PowerPotion"},{"floor":13,"key":"Swift Potion"},{"floor":16,"key":"Strength Potion"},{"floor":19,"key":"DistilledChaos"}],"is_trial":false,"path_per_floor":["M","?","M","T","M","R","?","M","T","?","?","R","M","$","R","B",null,"M","M","M","?","M"],"character_chosen":"WATCHER","items_purchased":["LessonLearned"],"campfire_rested":1,"item_purchase_floors":[14],"current_hp_per_floor":[72,72,63,63,63,63,63,49,49,42,35,56,56,56,56,2,72,72,59,3,3,3,3],"gold":157,"neow_bonus":"","is_daily":true,"chose_seed":false,"campfire_upgraded":2,"win_rate":0.0,"timestamp":1613456355,"path_taken":["M","?","M","?","M","R","?","?","T","?","?","R","M","?","R","BOSS","M","?","M","?","M"],"items_purchased_type":["Card"],"build_version":"2020-12-22","purchased_purges":0,"victory":false,"max_hp_per_floor":[72,72,72,72,72,72,72,72,72,72,72,72,72,72,72,72,72,72,72,72,72,72,72],"relic_stats":{"counters":[10,31],"Gambling Chip":[2],"Yang":[36],"Bag of Preparation":[12],"War Paint":["Pray","Defend_P"],"obtain_stats":[{"Frozen Eye":0,"Gambling Chip":21,"HolyWater":17,"Yang":10,"Omamori":2,"Bag of Preparation":9,"PureWater":0,"War Paint":4},{"Frozen Eye":0,"Gambling Chip":9,"HolyWater":6,"Yang":4,"Omamori":1,"Bag of Preparation":4,"PureWater":0,"War Paint":2},{"Frozen Eye":0,"Gambling Chip":30,"HolyWater":20,"Yang":9,"Omamori":2,"Bag of Preparation":9,"PureWater":0,"War Paint":5}]},"card_choices":[{"not_picked":["DeceiveReality","ForeignInfluence"],"picked":"FollowUp","floor":1},{"not_picked":["CrushJoints","ThirdEye"],"picked":"FearNoEvil","floor":3},{"not_picked":["CutThroughFate","SignatureMove"],"picked":"ClearTheMind","floor":5},{"not_picked":["Collect","EmptyFist"],"picked":"Indignation","floor":8},{"not_picked":["Evaluate","BowlingBash"],"picked":"ClearTheMind","floor":13},{"not_picked":["Judgement","LessonLearned"],"picked":"Devotion","floor":16},{"not_picked":["ThirdEye+1","EmptyMind"],"picked":"SashWhip","floor":18},{"not_picked":["BowlingBash","Protect"],"picked":"FollowUp","floor":19},{"not_picked":["Protect","JustLucky+1"],"picked":"Tantrum","floor":20}],"player_experience":26645,"relics_obtained":[{"floor":4,"key":"War Paint"},{"floor":9,"key":"Bag of Preparation"}],"event_choices":[{"damage_healed":0,"gold_gain":0,"player_choice":"Box","damage_taken":0,"relics_obtained":["Omamori"],"max_hp_gain":0,"max_hp_loss":0,"event_name":"Big Fish","floor":2,"gold_loss":0,"cards_obtained":["Regret"]},{"damage_healed":0,"gold_gain":0,"cards_transformed":["Strike_P"],"player_choice":"Transformed","damage_taken":0,"max_hp_gain":0,"max_hp_loss":0,"event_name":"Transmorgrifier","floor":7,"gold_loss":0,"cards_obtained":["Scrawl"]},{"damage_healed":0,"gold_gain":0,"player_choice":"Success","damage_taken":7,"relics_obtained":["Yang"],"max_hp_gain":0,"max_hp_loss":0,"event_name":"Scrap Ooze","floor":10,"gold_loss":0},{"cards_removed":["Regret"],"damage_healed":0,"gold_gain":0,"player_choice":"Card Removal","damage_taken":7,"max_hp_gain":0,"max_hp_loss":0,"event_name":"Golden Wing","floor":11,"gold_loss":0},{"damage_healed":0,"gold_gain":0,"player_choice":"Opened","damage_taken":0,"relics_obtained":["Gambling Chip"],"max_hp_gain":0,"max_hp_loss":0,"event_name":"The Mausoleum","floor":21,"gold_loss":0}],"is_beta":false,"boss_relics":[{"not_picked":["Black Star","Calling Bell"],"picked":"HolyWater"}],"items_purged_floors":[],"is_endless":false,"potions_floor_spawned":[1,3,13,16,19],"killed_by":"Shelled Parasite and Fungi","ascension_level":0}}