{"host":"3rg09hpez9dvrrmz","time":1613506039,"event":{"mods":["Act Like it!","Ascension Reborn","BaseMod","Beaked The Cultist","Better Altar","Better Match","Better Note","Better Sensory Stone","Better Skull","Better Third Choice","BetterRewards","Colored Map","Downfall","Hallownest","Hermit","Hubris","Infinite Spire","Minty Spire (QoL Compilation)","Replay The Spire","Shade Mod","StSLib","The Bug Knight","TheSwordswoman","slay the spire mod where everything is the same but ironclad has a cowboy hat"],"gold_per_floor":[99,99,99,99,99,99,123,123,108,108,93,93,93,144,161,258,258,258,277,297,297,308,337,406,417,417,430,449,469,469,488,504,504,504,504],"floor_reached":33,"language":"ENG","playtime":5510,"items_purged":[],"score":255,"play_id":"ca02c987-85b7-460a-94f4-52f8db6d9fde","local_time":"20210216150719","is_ascension_mode":true,"campfire_choices":[{"data":"Slimebound:Split","floor":1,"key":"SMITH"},{"data":"Slimebound:SelfFormingGoo","floor":10,"key":"SMITH"},{"data":"Slimebound:PrepareCrush","floor":18,"key":"SMITH"},{"floor":30,"key":"REST"}],"circlet_count":0,"master_deck":["Slimebound:Strike_Slimebound","Slimebound:Tackle","Slimebound:Defend_Slimebound","Slimebound:Defend_Slimebound","Slimebound:Defend_Slimebound","Slimebound:Defend_Slimebound","Slimebound:Split+1","Slimebound:CorrosiveSpit","Slimebound:Equalize","hubris:DuctTapeCard","Slimebound:SelfFormingGoo+1","Slimebound:LeechingTouch+1","Slimebound:LeechEnergy","Slimebound:RainOfGoop","Slimebound:PrepareCrush+1","Slimebound:MassFeed","Slimebound:LevelUp+1","Slimebound:FinishingTackle","ReplayTheSpireMod:Black Plague","Slimebound:Schlurp+1","Slimebound:SplitMire","Slimebound:SamplingLick","Slimebound:SplitMire+1","Slimebound:AcidTongue"],"relics":["Slimebound:AbsorbEndCombat","downfall:HeartsMalice","Eternal Feather","Juzu Bracelet","hubris:DuctTape","ReplayTheSpireMod:Ring of Challenge","Ring of Misfortune","Ornamental Fan","Replay:Bronze Core","CaptainsWheel","Mirror","infinitespire:Broken Mirror"],"acts_visited":["Exordium","TheCity"],"potions_floor_usage":[16,25,25,31,33],"damage_taken":[{"damage":0,"enemies":"Cultist","floor":2,"turns":1},{"damage":0,"enemies":"2 Louse","floor":4,"turns":1},{"damage":0,"enemies":"Jaw Worm","floor":5,"turns":1},{"damage":5,"enemies":"downfall:FleeingMerchant","floor":9,"turns":4},{"damage":15,"enemies":"downfall:FleeingMerchant","floor":11,"turns":4},{"damage":4,"enemies":"Exordium Wildlife","floor":15,"turns":4},{"damage":36,"enemies":"IC_STATUS_ARCHETYPE","floor":16,"turns":6},{"damage":24,"enemies":"3 Byrds","floor":19,"turns":5},{"damage":28,"enemies":"downfall:LooterAlt2","floor":20,"turns":4},{"damage":23,"enemies":"Centurion and Healer","floor":22,"turns":5},{"damage":22,"enemies":"Book of Stabbing","floor":23,"turns":6},{"damage":0,"enemies":"Snecko","floor":25,"turns":4},{"damage":0,"enemies":"3 Cultists","floor":27,"turns":4},{"damage":5,"enemies":"Chosen and Byrds","floor":28,"turns":6},{"damage":30,"enemies":"Centurion and Healer","floor":29,"turns":7},{"damage":0,"enemies":"Shelled Parasite and Fungi","floor":31,"turns":4},{"damage":34,"enemies":"Cultist and Chosen","floor":32,"turns":7},{"damage":47,"enemies":"DF_ARCHETYPE_CLAW","floor":33,"turns":5}],"seed_played":"6849476174442536907","potions_obtained":[{"floor":15,"key":"Slimebound:SlimedPotion"},{"floor":16,"key":"Strength Potion"},{"floor":20,"key":"Strength Potion"},{"floor":25,"key":"hexamod:SoulburnPotion"},{"floor":28,"key":"LiquidBronze"},{"floor":29,"key":"Explosive Potion"},{"floor":31,"key":"Dexterity Potion"}],"is_trial":false,"path_per_floor":["R","M","T","M","M","?","T","T","$","R","$","?","?","?","M","B",null,"R","M","M","AVR","M","E","T","M","?","M","M","M","R","M","M","B"],"character_chosen":"SLIMEBOUND","items_purchased":[],"campfire_rested":1,"item_purchase_floors":[],"current_hp_per_floor":[65,65,65,65,65,65,65,65,64,65,54,54,49,23,33,13,65,65,50,38,38,31,17,17,21,21,29,32,18,49,57,35,0,0,0],"gold":504,"neow_bonus":"THREE_ENEMY_KILL","is_daily":false,"chose_seed":false,"campfire_upgraded":3,"win_rate":0.0,"timestamp":1613506039,"path_taken":["R","M","?","M","?","?","T","?","?","R","$","?","?","?","M","BOSS","R","M","M","AVR","M","E","T","M","?","M","M","M","R","M","M","BOSS"],"items_purchased_type":[],"build_version":"2020-12-22","purchased_purges":0,"victory":false,"max_hp_per_floor":[65,65,65,65,65,65,65,65,65,65,65,65,65,65,65,65,65,65,65,65,65,65,65,65,65,65,65,65,65,65,65,65,65,65,65],"card_choices":[{"not_picked":["Slimebound:SplitLeeching","Slimebound:AcidTongue"],"picked":"Slimebound:Equalize","floor":2},{"not_picked":["Slimebound:Schlurp","Slimebound:Dissolve"],"picked":"Slimebound:SplitMire","floor":4},{"not_picked":["Slimebound:LeechingTouch","Slimebound:SlimeSpikes"],"picked":"Slimebound:GoopSpray","floor":5},{"not_picked":["Slimebound:GoopTackle","Slimebound:GrowthPunch"],"picked":"Slimebound:SelfFormingGoo","floor":9},{"not_picked":["Slimebound:SelfFormingGoo","Slimebound:TongueLash"],"picked":"Slimebound:LeechingTouch","floor":11},{"not_picked":["Slimebound:RollThrough","Slimebound:SamplingLick"],"picked":"Slimebound:LeechEnergy","floor":14},{"not_picked":["Slimebound:LeechEnergy","Slimebound:Nibble"],"picked":"Slimebound:RainOfGoop","floor":14},{"not_picked":["Slimebound:FormOfPuddle","Slimebound:RainOfGoop"],"picked":"Slimebound:PrepareCrush","floor":15},{"not_picked":["Slimebound:OneTwoCombo","Slimebound:OozeBath"],"picked":"Slimebound:MassFeed","floor":16},{"not_picked":["Slimebound:Equalize+1","Slimebound:Nibble"],"picked":"Slimebound:LevelUp+1","floor":19},{"not_picked":["Slimebound:Prepare","Slimebound:LivingWall"],"picked":"Slimebound:FinishingTackle","floor":20},{"not_picked":["Slimebound:Gluttony+1","Slimebound:Dissolve"],"picked":"Slimebound:Schlurp+1","floor":22},{"not_picked":["Slimebound:RejuvenatingLick+1","Slimebound:ComboTackle"],"picked":"Slimebound:SplitMire","floor":23},{"not_picked":["Slimebound:Nibble","Slimebound:LeechEnergy","Slimebound:GoopTackle"],"picked":"SKIP","floor":25},{"not_picked":["Slimebound:PressTheAttack","Slimebound:ComboTackle"],"picked":"Slimebound:SamplingLick","floor":27},{"not_picked":["Slimebound:LivingWall","Slimebound:LeechingTouch","Slimebound:ComboTackle+1"],"picked":"SKIP","floor":28},{"not_picked":["Slimebound:RollThrough+1","Slimebound:HauntingLick"],"picked":"Slimebound:SplitMire+1","floor":29},{"not_picked":["Slimebound:SplitLeeching","Slimebound:SlimeSpikes"],"picked":"Slimebound:AcidTongue","floor":31},{"not_picked":["Slimebound:SplitMire","Slimebound:SlimeBrawl","Slimebound:Chomp"],"picked":"SKIP","floor":32}],"player_experience":265185,"relics_obtained":[{"floor":3,"key":"Eternal Feather"},{"floor":7,"key":"Juzu Bracelet"},{"floor":8,"key":"hubris:DuctTape"},{"floor":12,"key":"ReplayTheSpireMod:Ring of Challenge"},{"floor":12,"key":"Ring of Misfortune"},{"floor":14,"key":"Ornamental Fan"},{"floor":23,"key":"Mirror"},{"floor":24,"key":"infinitespire:Broken Mirror"}],"event_choices":[{"cards_removed":["ReplayTheSpireMod:Black Plague"],"damage_healed":0,"gold_gain":0,"player_choice":"Give","damage_taken":0,"max_hp_gain":0,"max_hp_loss":0,"event_name":"betterNote:BetterNote","floor":26,"gold_loss":0,"cards_obtained":["Clothesline"]}],"is_beta":false,"boss_relics":[{"not_picked":["Fusion Hammer","Slimebound:TarBlob"],"picked":"Replay:Bronze Core"}],"items_purged_floors":[],"is_endless":false,"potions_floor_spawned":[15,16,20,25,28,29,31,32],"killed_by":"DF_ARCHETYPE_CLAW","ascension_level":0}}