{"host":"msmkw03x1o7nq45i","time":1613435486,"event":{"mods":["AchievementEnabler","BaseMod","Bestiary","Colored Powertips","GifTheSpireLib","Highlight Path","Minty Spire (QoL Compilation)","Random Character Button","StSLib","everything is the same but u backflip on backflip"],"gold_per_floor":[110,110,110,260,279,307,321,59,59,59,59,59,102,102,102,198,261,284,284,209,134,159,193,193,236,236,236,275,295,210,210,210,304,304,320,336,8,29,29,29,67,67,67,100,121,454,471,500,500,500,500,500,500,14,49,49],"floor_reached":57,"language":"ENG","playtime":5161,"items_purged":["Doubt","Strike_G","Endless Agony"],"score":3054,"play_id":"0e937f7a-c258-4000-ba08-a302245445af","local_time":"20210216023126","is_ascension_mode":true,"campfire_choices":[{"data":"Dagger Spray","floor":10.0,"key":"SMITH"},{"data":"Dodge and Roll","floor":15.0,"key":"SMITH"},{"data":"Tools of the Trade","floor":24.0,"key":"SMITH"},{"data":"Finisher","floor":32,"key":"SMITH"},{"floor":40,"key":"RECALL"},{"data":"Backflip","floor":42,"key":"SMITH"},{"data":"Survivor","floor":49,"key":"SMITH"},{"data":"Endless Agony","floor":53,"key":"SMITH"}],"circlet_count":0,"master_deck":["AscendersBane","Strike_G","Strike_G","Defend_G+1","Defend_G","Defend_G","Defend_G","Defend_G","Survivor+1","Neutralize+1","Blade Dance+1","Dodge and Roll+1","Dagger Spray+1","Tools of the Trade+1","Dagger Spray+1","Backflip+1","Calculated Gamble+1","Leg Sweep+1","Finisher+1","Endless Agony+1","Venomology+1","Dodge and Roll+1","Deflect+1","Blur+1","Cloak And Dagger+1","Blur+1","Adrenaline+1","Tactician+1","Escape Plan+1","Blur+1","Dark Shackles+1","Acrobatics+1","Outmaneuver+1","Noxious Fumes+1"],"relics":["Ring of the Snake","NeowsBlessing","Torii","Shuriken","Thread and Needle","MealTicket","Tiny House","Matryoshka","Art of War","Toxic Egg 2","Toy Ornithopter","Pantograph","Oddly Smooth Stone","HoveringKite","Membership Card","Bag of Preparation","HornCleat","Lantern","Regal Pillow","Ice Cream","ClockworkSouvenir","Boot","Eternal Feather","Strawberry"],"acts_visited":["Exordium","TheCity","TheBeyond","TheEnding"],"potions_floor_usage":[28,35,36,38,41,44,44,45,45,47,48,51,51,55,56,56,56],"damage_taken":[{"damage":0.0,"enemies":"2 Louse","floor":1.0,"turns":1.0},{"damage":0.0,"enemies":"Small Slimes","floor":5.0,"turns":1.0},{"damage":0.0,"enemies":"Gremlin Nob","floor":6.0,"turns":1.0},{"damage":0.0,"enemies":"Jaw Worm","floor":7.0,"turns":4.0},{"damage":2.0,"enemies":"Lagavulin","floor":13.0,"turns":5.0},{"damage":31.0,"enemies":"Hexaghost","floor":16.0,"turns":11.0},{"damage":6.0,"enemies":"Spheric Guardian","floor":18.0,"turns":5.0},{"damage":2.0,"enemies":"Shell Parasite","floor":22.0,"turns":6.0},{"damage":0.0,"enemies":"Gremlin Leader","floor":23.0,"turns":5.0},{"damage":50.0,"enemies":"Book of Stabbing","floor":25.0,"turns":7.0},{"damage":10,"enemies":"Gremlin Leader","floor":28,"turns":5},{"damage":1,"enemies":"Shelled Parasite and Fungi","floor":29,"turns":5},{"damage":72,"enemies":"Automaton","floor":33,"turns":11},{"damage":11,"enemies":"3 Darklings","floor":35,"turns":4},{"damage":0,"enemies":"Orb Walker","floor":36,"turns":4},{"damage":15,"enemies":"Spire Growth","floor":38,"turns":6},{"damage":2,"enemies":"Giant Head","floor":41,"turns":7},{"damage":16,"enemies":"Reptomancer","floor":44,"turns":6},{"damage":12,"enemies":"Transient","floor":45,"turns":6},{"damage":0,"enemies":"Jaw Worm Horde","floor":47,"turns":3},{"damage":0,"enemies":"Nemesis","floor":48,"turns":7},{"damage":0,"enemies":"Awakened One","floor":50,"turns":19},{"damage":38,"enemies":"Donu and Deca","floor":51,"turns":11},{"damage":11,"enemies":"Shield and Spear","floor":55,"turns":8},{"damage":93,"enemies":"The Heart","floor":56,"turns":13}],"seed_played":"-7228364796352705039","potions_obtained":[{"floor":5.0,"key":"AttackPotion"},{"floor":7.0,"key":"Weak Potion"},{"floor":16.0,"key":"EntropicBrew"},{"floor":17.0,"key":"FairyPotion"},{"floor":28,"key":"FairyPotion"},{"floor":33,"key":"BlessingOfTheForge"},{"floor":35,"key":"BlessingOfTheForge"},{"floor":38,"key":"CunningPotion"},{"floor":44,"key":"GamblersBrew"}],"is_trial":false,"path_per_floor":["M","?","?","?","M","E","M","$","T","R","$","?","E","?","R","B",null,"M","?","$","?","M","E","R","E","T","?","E","M","?","?","R","B",null,"M","M","$","M","?","R","E","R","T","E","M","?","M","E","R","B","B",null,"R","$","E","B",null],"character_chosen":"THE_SILENT","items_purchased":["Shuriken","Membership Card","Blur+1","Bag of Preparation","Dark Shackles+1","DistilledChaos","Acrobatics+1","Outmaneuver+1","ClockworkSouvenir","Boot","Eternal Feather"],"campfire_rested":0,"item_purchase_floors":[8,37,37,37,54,54,54,54,54,54,54],"current_hp_per_floor":[59,52,32,32,32,32,32,32,32,32,32,32,30,35,35,4,55,49,49,64,64,62,62,62,12,12,12,7,6,6,6,6,21,58,52,57,70,55,55,55,58,58,58,52,50,50,55,60,60,70,32,61,61,70,66,9],"gold":49,"neow_bonus":"THREE_ENEMY_KILL","is_daily":false,"chose_seed":false,"campfire_upgraded":7,"win_rate":0.0,"timestamp":1613435486,"path_taken":["M","?","?","?","M","E","M","$","T","R","?","?","E","?","R","BOSS","M","?","$","?","M","E","R","E","T","?","E","M","?","?","R","BOSS","M","?","$","M","?","R","E","R","T","E","?","?","M","E","R","BOSS","BOSS","R","$","E","BOSS"],"items_purchased_type":["Relic","Relic","Card","Relic","Card","Potion","Card","Card","Relic","Relic","Relic"],"build_version":"2020-12-22","purchased_purges":3,"victory":true,"max_hp_per_floor":[66,66,66,66,66,66,66,66,66,66,66,60,60,65,65,65,70,70,70,70,70,70,70,70,70,70,70,70,70,70,70,70,70,70,70,70,70,70,70,70,70,70,70,70,70,70,70,70,70,70,70,70,70,70,77,77],"card_choices":[{"not_picked":["Flechettes","Quick Slash"],"picked":"Blade Dance","floor":1.0},{"not_picked":["Deflect","Bullet Time"],"picked":"Dodge and Roll","floor":5.0},{"not_picked":["Quick Slash","Phantasmal Killer"],"picked":"Dagger Spray","floor":6.0},{"not_picked":["Flying Knee","Outmaneuver","Dodge and Roll"],"picked":"SKIP","floor":7.0},{"not_picked":["Concentrate","Deadly Poison"],"picked":"Endless Agony","floor":13.0},{"not_picked":["Venomology","Corpse Explosion"],"picked":"Tools of the Trade","floor":16.0},{"not_picked":["Cloak And Dagger","PiercingWail"],"picked":"Dagger Spray+1","floor":18.0},{"not_picked":["Deadly Poison","Flying Knee"],"picked":"Backflip","floor":22.0},{"not_picked":["Deadly Poison","Underhanded Strike","Outmaneuver"],"picked":"SKIP","floor":23.0},{"not_picked":["Flying Knee+1","Tactician"],"picked":"Calculated Gamble","floor":25.0},{"not_picked":["Flying Knee","Crippling Poison+1"],"picked":"Finisher","floor":28},{"not_picked":["Noxious Fumes","Riddle With Holes"],"picked":"Endless Agony","floor":29},{"not_picked":["Tools of the Trade","Grand Finale"],"picked":"Venomology+1","floor":33},{"not_picked":["Bane+1","Skewer"],"picked":"Dodge and Roll+1","floor":35},{"not_picked":["Eviscerate","Expertise+1"],"picked":"Deflect+1","floor":36},{"not_picked":["PiercingWail+1","Deadly Poison+1"],"picked":"Cloak And Dagger+1","floor":38},{"not_picked":["Catalyst+1","Dodge and Roll+1"],"picked":"Blur+1","floor":41},{"not_picked":["Bane+1","Backflip+1"],"picked":"Adrenaline+1","floor":44},{"not_picked":["Reflex+1","Bane+1"],"picked":"Tactician+1","floor":45},{"not_picked":["Backflip+1","Dodge and Roll+1"],"picked":"Escape Plan+1","floor":47},{"not_picked":["Sucker Punch+1","Choke"],"picked":"Blur+1","floor":48},{"not_picked":["A Thousand Cuts","Backstab"],"picked":"Noxious Fumes+1","floor":55}],"player_experience":545520,"relics_obtained":[{"floor":6.0,"key":"Torii"},{"floor":9.0,"key":"Thread and Needle"},{"floor":13.0,"key":"MealTicket"},{"floor":23.0,"key":"Matryoshka"},{"floor":25.0,"key":"Art of War"},{"floor":26.0,"key":"Toxic Egg 2"},{"floor":26.0,"key":"Toy Ornithopter"},{"floor":28,"key":"Pantograph"},{"floor":41,"key":"HornCleat"},{"floor":43,"key":"Lantern"},{"floor":44,"key":"Regal Pillow"},{"floor":48,"key":"Ice Cream"},{"floor":55,"key":"Strawberry"}],"event_choices":[{"cards_removed":["Strike_G"],"damage_healed":0.0,"max_hp_gain":0.0,"max_hp_loss":0.0,"gold_gain":0.0,"event_name":"Golden Wing","player_choice":"Card Removal","floor":2.0,"gold_loss":0.0,"damage_taken":7.0},{"damage_healed":0.0,"max_hp_gain":0.0,"max_hp_loss":0.0,"gold_gain":0.0,"event_name":"Shining Light","player_choice":"Entered Light","floor":3.0,"gold_loss":0.0,"damage_taken":20.0,"cards_upgraded":["Neutralize","Blade Dance"]},{"damage_healed":0.0,"max_hp_gain":0.0,"max_hp_loss":0.0,"gold_gain":150.0,"event_name":"Liars Game","player_choice":"AGREE","floor":4.0,"gold_loss":0.0,"damage_taken":0.0,"cards_obtained":["Doubt"]},{"damage_healed":0.0,"max_hp_gain":0.0,"max_hp_loss":6.0,"gold_gain":0.0,"event_name":"Golden Idol","player_choice":"Lose Max HP","floor":12.0,"gold_loss":0.0,"damage_taken":0.0,"relics_obtained":["Golden Idol"]},{"damage_healed":0.0,"max_hp_gain":5.0,"max_hp_loss":0.0,"gold_gain":0.0,"event_name":"Big Fish","player_choice":"Donut","floor":14.0,"gold_loss":0.0,"damage_taken":0.0},{"damage_healed":0.0,"max_hp_gain":0.0,"max_hp_loss":0.0,"gold_gain":0.0,"event_name":"The Mausoleum","player_choice":"Ignored","floor":19.0,"gold_loss":0.0,"damage_taken":0.0},{"cards_removed":["Strike_G"],"damage_healed":0.0,"max_hp_gain":0.0,"max_hp_loss":0.0,"gold_gain":0.0,"event_name":"Beggar","player_choice":"Gave Gold","floor":21.0,"gold_loss":75.0,"damage_taken":0.0},{"damage_healed":0,"gold_gain":0,"player_choice":"Read","damage_taken":0,"max_hp_gain":0,"max_hp_loss":0,"event_name":"The Library","floor":27,"gold_loss":0,"cards_obtained":["Leg Sweep"]},{"damage_healed":0,"gold_gain":0,"player_choice":"Obtained Relic","damage_taken":0,"relics_obtained":["Oddly Smooth Stone"],"max_hp_gain":0,"max_hp_loss":0,"event_name":"Addict","floor":30,"gold_loss":85},{"damage_healed":0,"gold_gain":0,"player_choice":"Got Potions","damage_taken":0,"max_hp_gain":0,"max_hp_loss":0,"event_name":"Lab","floor":31,"gold_loss":0},{"damage_healed":0,"gold_gain":0,"player_choice":"Forge","damage_taken":0,"max_hp_gain":0,"max_hp_loss":0,"event_name":"Accursed Blacksmith","floor":39,"gold_loss":0,"cards_upgraded":["Calculated Gamble"]},{"damage_healed":0,"gold_gain":333,"player_choice":"Gave Idol","damage_taken":0,"max_hp_gain":0,"max_hp_loss":0,"event_name":"The Moai Head","floor":46,"relics_lost":["Golden Idol"],"gold_loss":0}],"is_beta":false,"boss_relics":[{"not_picked":["Runic Dome","Sozu"],"picked":"Tiny House"},{"not_picked":["Empty Cage","Calling Bell"],"picked":"HoveringKite"}],"items_purged_floors":[20,37,54],"is_endless":false,"potions_floor_spawned":[5,7,16,22,28,29,33,35,38,44,55],"ascension_level":20}}