{"host":"ga4s3hj9m6nkn6gp","time":1613498097,"event":{"mods":["AchievementEnabler","BaseMod","Bestiary","Colored Powertips","Highlight Path","Minty Spire (QoL Compilation)","Relic Stats","everything is the same but u backflip on backflip"],"gold_per_floor":[10,10,20,20,40,70,70,101,182,201,220,248,260,260,260,350,350,364,564,587,587,587,618,281,309,335,335,345,377,377,377,377,377,377],"floor_reached":33,"language":"ENG","playtime":1478,"items_purged":["Writhe"],"score":896,"play_id":"d2a20ad7-db45-45a7-9a33-44199938f9cc","local_time":"20210216185457","is_ascension_mode":true,"campfire_choices":[{"data":"Predator","floor":7.0,"key":"SMITH"},{"floor":15.0,"key":"REST"},{"data":"Wraith Form v2","floor":30.0,"key":"SMITH"},{"data":"Survivor","floor":32.0,"key":"PURGE"}],"circlet_count":0,"master_deck":["AscendersBane","Strike_G+1","Strike_G+1","Strike_G+1","Strike_G+1","Defend_G+1","Defend_G+1","Defend_G+1","Neutralize","Quick Slash","Corpse Explosion+1","Leg Sweep","Bouncing Flask","Predator+1","Wraith Form v2+1","Footwork","Adrenaline","CurseOfTheBell","Blade Dance+1"],"relics":["Ring of the Snake","CaptainsWheel","Ancient Tea Set","Nunchaku","Bloody Idol","Calling Bell","Bag of Marbles","Mercury Hourglass","Peace Pipe","Oddly Smooth Stone","Bronze Scales","Meat on the Bone","MealTicket","Lantern","White Beast Statue"],"acts_visited":["Exordium","TheCity"],"potions_floor_usage":[33],"damage_taken":[{"damage":2.0,"enemies":"2 Louse","floor":1.0,"turns":2.0},{"damage":1.0,"enemies":"Jaw Worm","floor":3.0,"turns":3.0},{"damage":1.0,"enemies":"Cultist","floor":5.0,"turns":3.0},{"damage":11.0,"enemies":"Lagavulin","floor":6.0,"turns":5.0},{"damage":9.0,"enemies":"3 Sentries","floor":8.0,"turns":4.0},{"damage":3.0,"enemies":"2 Fungi Beasts","floor":10.0,"turns":3.0},{"damage":7.0,"enemies":"3 Louse","floor":11.0,"turns":3.0},{"damage":17.0,"enemies":"Gremlin Nob","floor":12.0,"turns":4.0},{"damage":3.0,"enemies":"Red Slaver","floor":13.0,"turns":4.0},{"damage":3.0,"enemies":"Slime Boss","floor":16.0,"turns":8.0},{"damage":0.0,"enemies":"Spheric Guardian","floor":18.0,"turns":4.0},{"damage":4.0,"enemies":"3 Byrds","floor":20.0,"turns":2.0},{"damage":15.0,"enemies":"Gremlin Leader","floor":23.0,"turns":6.0},{"damage":50.0,"enemies":"Book of Stabbing","floor":25.0,"turns":6.0},{"damage":4.0,"enemies":"Snecko","floor":28.0,"turns":4.0},{"damage":0.0,"enemies":"Slavers","floor":29.0,"turns":2.0},{"damage":70,"enemies":"Champ","floor":33,"turns":15}],"seed_played":"4754117665395187150","potions_obtained":[{"floor":1.0,"key":"LiquidBronze"},{"floor":3.0,"key":"SkillPotion"},{"floor":12.0,"key":"FearPotion"},{"floor":13.0,"key":"LiquidMemories"},{"floor":16.0,"key":"GhostInAJar"},{"floor":20.0,"key":"EntropicBrew"},{"floor":23.0,"key":"FairyPotion"},{"floor":28.0,"key":"Block Potion"}],"is_trial":false,"path_per_floor":["M","?","M","$","M","E","R","E","T","M","M","E","M","?","R","B",null,"M","?","M","?","?","E","$","E","T","?","M","E","R","?","R","B"],"character_chosen":"THE_SILENT","items_purchased":["Meat on the Bone"],"campfire_rested":1,"item_purchase_floors":[24],"current_hp_per_floor":[57,57,56,56,55,44,44,35,35,32,25,8,5,5,23,20,50,50,50,46,46,46,36,36,25,30,30,43,48,48,48,48,0,0],"gold":377,"neow_bonus":"TRANSFORM_TWO_CARDS","is_daily":false,"chose_seed":false,"campfire_upgraded":2,"win_rate":0.0,"timestamp":1613498097,"path_taken":["M","?","M","?","?","E","R","E","T","M","M","E","M","?","R","BOSS","M","?","?","?","?","E","$","E","T","?","?","E","R","?","R","BOSS"],"items_purchased_type":["Relic"],"build_version":"2020-12-22","purchased_purges":1,"victory":false,"max_hp_per_floor":[66,66,66,66,66,66,66,66,66,66,66,66,66,60,60,60,60,60,60,60,60,60,60,60,60,60,60,60,60,60,60,60,60,60],"relic_stats":{"Peace Pipe":1,"Nunchaku":[10],"counters":[17,78],"Bloody Idol":25,"Bronze Scales":[81],"MealTicket":0,"obtain_stats":[{"Lantern":26,"Golden Idol":14,"Oddly Smooth Stone":22,"Ancient Tea Set":8,"White Beast Statue":29,"Mercury Hourglass":17,"Calling Bell":17,"Peace Pipe":17,"CaptainsWheel":6,"Nunchaku":12,"Bloody Idol":21,"Bronze Scales":23,"MealTicket":25,"Bag of Marbles":17,"Ring of the Snake":0,"Meat on the Bone":24},{"Lantern":14,"Golden Idol":9,"Oddly Smooth Stone":12,"Ancient Tea Set":5,"White Beast Statue":16,"Mercury Hourglass":10,"Calling Bell":10,"Peace Pipe":10,"CaptainsWheel":4,"Nunchaku":8,"Bloody Idol":12,"Bronze Scales":13,"MealTicket":14,"Bag of Marbles":10,"Ring of the Snake":0,"Meat on the Bone":13},{"Lantern":57,"Golden Idol":31,"Oddly Smooth Stone":45,"Ancient Tea Set":17,"White Beast Statue":63,"Mercury Hourglass":39,"Calling Bell":39,"Peace Pipe":39,"CaptainsWheel":13,"Nunchaku":27,"Bloody Idol":45,"Bronze Scales":51,"MealTicket":57,"Bag of Marbles":39,"Ring of the Snake":0,"Meat on the Bone":51}],"Ring of the Snake":[34],"Mercury Hourglass":[105],"Meat on the Bone":24},"card_choices":[{"not_picked":["Crippling Poison","Dagger Throw"],"picked":"Leg Sweep","floor":1.0},{"not_picked":["Finisher","Sucker Punch","Accuracy"],"picked":"SKIP","floor":3.0},{"not_picked":["Sucker Punch","Flechettes"],"picked":"Bouncing Flask","floor":5.0},{"not_picked":["Noxious Fumes","Skewer"],"picked":"Predator","floor":6.0},{"not_picked":["Backstab","Caltrops"],"picked":"Wraith Form v2","floor":8.0},{"not_picked":["Quick Slash","Bane","Backflip"],"picked":"SKIP","floor":10.0},{"not_picked":["All Out Attack","Choke"],"picked":"Footwork","floor":11.0},{"not_picked":["Storm of Steel","Flying Knee","Sucker Punch"],"picked":"SKIP","floor":12.0},{"not_picked":["Outmaneuver","PiercingWail","Acrobatics"],"picked":"SKIP","floor":13.0},{"not_picked":["Malaise","Phantasmal Killer"],"picked":"Adrenaline","floor":16.0},{"not_picked":["Dagger Spray","Heel Hook","Bouncing Flask"],"picked":"SKIP","floor":18.0},{"not_picked":["Cloak And Dagger","Dash"],"picked":"Blade Dance+1","floor":20.0},{"not_picked":["Night Terror","Flying Knee","Dagger Spray"],"picked":"SKIP","floor":23.0},{"not_picked":["Blur","Dash","Flying Knee"],"picked":"SKIP","floor":25.0},{"not_picked":["Quick Slash","Eviscerate+1","Deadly Poison"],"picked":"SKIP","floor":28.0},{"not_picked":["Sucker Punch","Bane","Deadly Poison"],"picked":"SKIP","floor":29.0}],"player_experience":780472,"relics_obtained":[{"floor":6.0,"key":"CaptainsWheel"},{"floor":8.0,"key":"Ancient Tea Set"},{"floor":12.0,"key":"Nunchaku"},{"floor":17.0,"key":"Bag of Marbles"},{"floor":17.0,"key":"Mercury Hourglass"},{"floor":17.0,"key":"Peace Pipe"},{"floor":23.0,"key":"Bronze Scales"},{"floor":25.0,"key":"MealTicket"},{"floor":26.0,"key":"Lantern"},{"floor":29.0,"key":"White Beast Statue"}],"event_choices":[{"damage_healed":0.0,"max_hp_gain":0.0,"max_hp_loss":0.0,"gold_gain":0.0,"event_name":"Living Wall","player_choice":"Grow","floor":2.0,"gold_loss":0.0,"damage_taken":0.0,"cards_upgraded":["Corpse Explosion"]},{"damage_healed":0.0,"max_hp_gain":0.0,"max_hp_loss":6.0,"gold_gain":0.0,"event_name":"Golden Idol","player_choice":"Lose Max HP","floor":14.0,"gold_loss":0.0,"damage_taken":0.0,"relics_obtained":["Golden Idol"]},{"damage_healed":0.0,"max_hp_gain":0.0,"max_hp_loss":0.0,"gold_gain":250.0,"event_name":"The Joust","player_choice":"Bet on Owner","floor":19.0,"gold_loss":50.0,"damage_taken":0.0},{"damage_healed":0.0,"max_hp_gain":0.0,"max_hp_loss":0.0,"gold_gain":0.0,"event_name":"Forgotten Altar","player_choice":"Gave Idol","floor":21.0,"relics_lost":["Golden Idol"],"gold_loss":0.0,"damage_taken":0.0,"relics_obtained":["Bloody Idol"]},{"damage_healed":0.0,"max_hp_gain":0.0,"max_hp_loss":0.0,"gold_gain":0.0,"event_name":"The Mausoleum","player_choice":"Opened","floor":22.0,"gold_loss":0.0,"damage_taken":0.0,"relics_obtained":["Oddly Smooth Stone"],"cards_obtained":["Writhe"]},{"cards_removed":["Strike_G"],"damage_healed":0.0,"max_hp_gain":0.0,"max_hp_loss":0.0,"gold_gain":0.0,"event_name":"Purifier","player_choice":"Purged","floor":27.0,"gold_loss":0.0,"damage_taken":0.0},{"damage_healed":0.0,"max_hp_gain":0.0,"max_hp_loss":0.0,"gold_gain":0.0,"event_name":"Back to Basics","player_choice":"Simplicity","floor":31.0,"gold_loss":0.0,"damage_taken":0.0,"cards_upgraded":["Strike_G","Strike_G","Strike_G","Strike_G","Defend_G","Defend_G","Defend_G"]}],"is_beta":false,"boss_relics":[{"not_picked":["Empty Cage","Ring of the Serpent"],"picked":"Calling Bell"}],"items_purged_floors":[24],"is_endless":false,"potions_floor_spawned":[1,3,12,13,16,20,23,28],"killed_by":"Champ","ascension_level":20}}