{"host":"juqmwis5balotvcq","time":1613443656,"event":{"mods":["AchievementEnabler","Aspiration","BaseMod","Better Altar","Better Match","Better Note","Better Sensory Stone","Better Skull","Better Third Choice","BetterRewards","CCEM2","Colored Map","Conspire","Downfall","GifTheSpireLib","Googly Eyes","Highlight Path","Minty Spire (QoL Compilation)","Permanent Neow","Replay The Spire","Spicy Shops","StSLib","The IronCluck","Unceasing Turn Reminder","everything is the same but u backflip on backflip"],"gold_per_floor":[99,114,114,158,5,5,5,21,6,18,36,36,21,55,74,74,74,74],"floor_reached":16,"language":"ENG","playtime":1118,"items_purged":[],"score":125,"play_id":"646611c5-5bbb-43ec-b7a9-e0ffaf869ad5","local_time":"20210215184736","is_ascension_mode":false,"campfire_choices":[{"data":"bronze:Goto","floor":1.0,"key":"SMITH"},{"data":"bronze:Virus","floor":6.0,"key":"SMITH"}],"circlet_count":0,"master_deck":["bronze:Strike","bronze:Strike","bronze:Strike","bronze:Strike","bronze:Defend","bronze:Defend","bronze:Defend","bronze:Defend","bronze:Replicate","bronze:Goto+1","bronze:Optimize","bronze:ItsAFeature","bronze:Return","bronze:Virus+1","bronze:Shield","bronze:DelayedGuard","bronze:OilSpill","bronze:MaxOutput","bronze:Turbo","bronze:Shell","bronze:Deprecate"],"relics":["Runic Pyramid","Blue Candle","Peace Pipe","CCEMRelics:DerglesHeadphones","Strawberry"],"acts_visited":["Exordium"],"potions_floor_usage":[],"damage_taken":[{"damage":3.0,"enemies":"2 Louse","floor":2.0,"turns":3.0},{"damage":25.0,"enemies":"conspire:MimicChest","floor":4.0,"turns":10.0},{"damage":0.0,"enemies":"downfall:FleeingMerchant","floor":5.0,"turns":4.0},{"damage":6.0,"enemies":"Jaw Worm","floor":8.0,"turns":3.0},{"damage":0.0,"enemies":"downfall:FleeingMerchant","floor":9.0,"turns":4.0},{"damage":0.0,"enemies":"Cultist","floor":10.0,"turns":3.0},{"damage":7.0,"enemies":"Blue Slaver","floor":11.0,"turns":3.0},{"damage":0.0,"enemies":"downfall:FleeingMerchant","floor":13.0,"turns":4.0},{"damage":0.0,"enemies":"Lagavulin","floor":14.0,"turns":4.0},{"damage":14,"enemies":"Exordium Wildlife","floor":15,"turns":4},{"damage":8,"enemies":"IC_STATUS_ARCHETYPE","floor":16,"turns":1}],"seed_played":"8480642568862384812","potions_obtained":[{"floor":2.0,"key":"PowerPotion"},{"floor":8.0,"key":"Reflective Coating"},{"floor":10.0,"key":"Swift Potion"},{"floor":11.0,"key":"Energy Potion"}],"is_trial":false,"path_per_floor":["R","M","?","?","$","R","T","M","$","M","M","?","$","E","M","B"],"character_chosen":"THE_AUTOMATON","items_purchased":["bronze:Virus"],"campfire_rested":0,"item_purchase_floors":[5],"current_hp_per_floor":[70,67,62,37,37,37,37,31,31,31,24,12,12,19,5,0,0,0],"gold":74,"neow_bonus":"BOSS_RELIC","is_daily":false,"chose_seed":false,"campfire_upgraded":2,"win_rate":0.0,"timestamp":1613443656,"path_taken":["R","M","?","?","?","R","T","M","?","M","?","?","$","E","M","BOSS"],"items_purchased_type":["Card"],"build_version":"2020-12-22","purchased_purges":0,"victory":false,"max_hp_per_floor":[70,70,70,70,70,70,70,70,70,70,70,70,70,77,77,77,77,77],"card_choices":[{"not_picked":["bronze:Return","bronze:Frontload"],"picked":"bronze:Optimize","floor":2.0},{"not_picked":["bronze:Fortify","bronze:FineTuning"],"picked":"bronze:ItsAFeature","floor":4.0},{"not_picked":["bronze:CutThrough","bronze:Turbo"],"picked":"bronze:Return","floor":5.0},{"not_picked":["bronze:WildBeam","bronze:Branch"],"picked":"bronze:Shield","floor":8.0},{"not_picked":["bronze:BronzeArmor","bronze:OilSpill"],"picked":"bronze:DelayedGuard","floor":9.0},{"not_picked":["bronze:Branch","bronze:BugBarrage"],"picked":"bronze:OilSpill","floor":10.0},{"not_picked":["bronze:Invalidate","bronze:Shield"],"picked":"bronze:MaxOutput","floor":11.0},{"not_picked":["bronze:OilSpill","bronze:Deprecate"],"picked":"bronze:Turbo","floor":13.0},{"not_picked":["bronze:RecursiveStrike","bronze:Safeguard"],"picked":"bronze:Shell","floor":14.0},{"not_picked":["bronze:Separator","bronze:Constructor"],"picked":"bronze:Deprecate","floor":15}],"player_experience":334685,"relics_obtained":[{"floor":4.0,"key":"Peace Pipe"},{"floor":7.0,"key":"CCEMRelics:DerglesHeadphones"},{"floor":14.0,"key":"Strawberry"}],"event_choices":[{"damage_healed":0.0,"max_hp_gain":0.0,"max_hp_loss":0.0,"gold_gain":1.0,"event_name":"betterThird:BetterScrap","player_choice":"LEAVE","floor":12.0,"gold_loss":0.0,"damage_taken":12.0,"cards_obtained":["Life Link"]}],"is_beta":false,"boss_relics":[],"items_purged_floors":[],"is_endless":false,"potions_floor_spawned":[2,8,10,11],"killed_by":"IC_STATUS_ARCHETYPE","ascension_level":0}}