{"host":"9zznonz1olisd4fd","time":1613478435,"event":{"mods":["BaseMod","Keyboard Shortcuts","Minty Spire (QoL Compilation)","StSLib","SuperFastMode"],"gold_per_floor":[119,294,394,408,159,185,185,185,185,198,148,148,55,104,104,206,206,217,33,33,33,47,47,72,43,43,43,43,62,62,62],"floor_reached":30,"language":"KOR","playtime":2829,"items_purged":["Doubt","Strike_B","Strike_B"],"score":427,"play_id":"4e2f93f6-4a9b-4566-bb01-b59dee07bd17","local_time":"20210216212715","is_ascension_mode":true,"campfire_choices":[{"data":"Coolheaded","floor":7.0,"key":"SMITH"},{"data":"Chaos","floor":12.0,"key":"SMITH"},{"data":"Coolheaded","floor":15.0,"key":"SMITH"},{"data":"Defragment","floor":23.0,"key":"SMITH"},{"data":"Fusion","floor":28.0,"key":"SMITH"}],"circlet_count":0,"master_deck":["AscendersBane","Zap","Dualcast+1","Coolheaded+1","BootSequence","Coolheaded+1","Ball Lightning","Chaos+1","Sunder+1","Buffer","Fusion+1","Reinforced Body","Conserve Battery","Sunder+1","Compile Driver+1","Barrage+1","Defragment+1","Darkness+1","Defragment+1"],"relics":["Cracked Core","NeowsBlessing","Membership Card","The Courier","Molten Egg 2","Orichalcum","Pandora\u0027s Box","Frozen Eye","Pocketwatch","Eternal Feather","Cables"],"acts_visited":["Exordium","TheCity"],"potions_floor_usage":[],"damage_taken":[{"damage":0.0,"enemies":"Jaw Worm","floor":1.0,"turns":1.0},{"damage":0.0,"enemies":"Small Slimes","floor":4.0,"turns":1.0},{"damage":0.0,"enemies":"Lagavulin","floor":6.0,"turns":1.0},{"damage":0.0,"enemies":"Cultist","floor":10.0,"turns":3.0},{"damage":35.0,"enemies":"The Guardian","floor":16.0,"turns":13.0},{"damage":0.0,"enemies":"Shell Parasite","floor":18.0,"turns":5.0},{"damage":0.0,"enemies":"Chosen","floor":22.0,"turns":4.0},{"damage":23.0,"enemies":"Book of Stabbing","floor":24.0,"turns":6.0},{"damage":18.0,"enemies":"Centurion and Healer","floor":29.0,"turns":5.0},{"damage":44,"enemies":"Gremlin Leader","floor":30,"turns":5}],"seed_played":"8074585469393736307","potions_obtained":[{"floor":4.0,"key":"LiquidMemories"},{"floor":6.0,"key":"FocusPotion"}],"is_trial":false,"path_per_floor":["M","?","?","M","$","E","R","?","T","M","$","R","$","T","R","B",null,"M","$","?","?","M","R","E","$","T","?","R","M","E"],"character_chosen":"DEFECT","items_purchased":["Membership Card","Coolheaded","Sunder+1","Frozen Eye","Pocketwatch","Defragment"],"campfire_rested":0,"item_purchase_floors":[5,5,13,19,19,25],"current_hp_per_floor":[68,68,68,68,68,68,68,68,68,68,68,68,68,68,68,33,65,65,65,65,65,65,65,42,42,42,42,51,33,0,0],"gold":62,"neow_bonus":"THREE_ENEMY_KILL","is_daily":false,"chose_seed":false,"campfire_upgraded":5,"win_rate":0.0,"timestamp":1613478435,"path_taken":["M","?","?","?","$","E","R","?","T","?","$","R","$","?","R","BOSS","M","$","?","?","M","R","E","?","T","?","R","?","E"],"items_purchased_type":["Relic","Card","Card","Relic","Relic","Card"],"build_version":"2020-12-22","purchased_purges":3,"victory":false,"max_hp_per_floor":[75,75,75,75,75,75,75,75,75,75,75,75,75,75,75,75,75,75,75,75,75,75,75,75,75,75,75,75,75,75,75],"card_choices":[{"not_picked":["Stack","Sweeping Beam"],"picked":"Coolheaded","floor":1.0},{"not_picked":["Self Repair","Go for the Eyes"],"picked":"BootSequence","floor":4.0},{"not_picked":["Fission","Leap"],"picked":"Ball Lightning","floor":6.0},{"not_picked":["Ball Lightning+1","Loop"],"picked":"Chaos","floor":10.0},{"not_picked":["Reboot","Machine Learning"],"picked":"Buffer","floor":16.0},{"not_picked":["Steam Power","Reinforced Body"],"picked":"Defragment","floor":18.0},{"not_picked":["Sunder+1","Auto Shields","Conserve Battery+1"],"picked":"SKIP","floor":22.0},{"not_picked":["Machine Learning","Heatsinks"],"picked":"Darkness+1","floor":24.0},{"not_picked":["Barrage+1","BootSequence","Beam Cell+1"],"picked":"SKIP","floor":29.0}],"player_experience":551897,"relics_obtained":[{"floor":6.0,"key":"The Courier"},{"floor":9.0,"key":"Molten Egg 2"},{"floor":14.0,"key":"Orichalcum"},{"floor":24.0,"key":"Eternal Feather"},{"floor":26.0,"key":"Cables"}],"event_choices":[{"damage_healed":0.0,"max_hp_gain":0.0,"max_hp_loss":0.0,"gold_gain":175.0,"event_name":"Liars Game","player_choice":"AGREE","floor":2.0,"gold_loss":0.0,"damage_taken":0.0,"cards_obtained":["Doubt"]},{"damage_healed":0.0,"max_hp_gain":0.0,"max_hp_loss":0.0,"gold_gain":100.0,"event_name":"Golden Shrine","player_choice":"Pray","floor":3.0,"gold_loss":0.0,"damage_taken":0.0},{"damage_healed":0.0,"max_hp_gain":0.0,"max_hp_loss":0.0,"gold_gain":0.0,"event_name":"Upgrade Shrine","player_choice":"Upgraded","floor":8.0,"gold_loss":0.0,"damage_taken":0.0,"cards_upgraded":["Dualcast"]},{"damage_healed":0.0,"max_hp_gain":0.0,"max_hp_loss":0.0,"gold_gain":0.0,"event_name":"Vampires","player_choice":"Ignored","floor":20.0,"gold_loss":0.0,"damage_taken":0.0},{"damage_healed":0.0,"max_hp_gain":0.0,"max_hp_loss":0.0,"gold_gain":0.0,"event_name":"Ghosts","player_choice":"Ignored","floor":21.0,"gold_loss":0.0,"damage_taken":0.0},{"damage_healed":0.0,"max_hp_gain":0.0,"max_hp_loss":0.0,"gold_gain":0.0,"event_name":"Accursed Blacksmith","player_choice":"Forge","floor":27.0,"gold_loss":0.0,"damage_taken":0.0,"cards_upgraded":["Defragment"]}],"is_beta":false,"boss_relics":[{"not_picked":["Ectoplasm","Fusion Hammer"],"picked":"Pandora\u0027s Box"}],"items_purged_floors":[5,11,13],"is_endless":false,"potions_floor_spawned":[4,6,18,24],"killed_by":"Gremlin Leader","ascension_level":12}}