{"host":"2fgwwnzqc97k7iys","time":1613497628,"event":{"mods":["BaseMod","Colored Map","Minty Spire (QoL Compilation)","Quick Restart","Relic Stats"],"gold_per_floor":[114,125,141,156,169,169,182,216,216,216,91,104,104,114,114,114,114],"floor_reached":16,"language":"ENG","playtime":1113,"items_purged":["Strike_B"],"score":159,"play_id":"8664272a-f7f1-4189-a100-4c54bdb29ebb","local_time":"20210216114708","is_ascension_mode":true,"campfire_choices":[{"data":"Scrape","floor":6,"key":"SMITH"},{"data":"Zap","floor":10,"key":"SMITH"},{"data":"Turbo","floor":15,"key":"SMITH"}],"circlet_count":0,"master_deck":["AscendersBane","Strike_B","Strike_B","Defend_B","Defend_B","Defend_B+1","Zap+1","Dualcast+1","Self Repair","Go for the Eyes","Cold Snap","Gash","Sweeping Beam","Scrape+1","All For One","Steam","Steam","Beam Cell","Turbo+1"],"relics":["Cracked Core","War Paint","Darkstone Periapt"],"acts_visited":["Exordium"],"potions_floor_usage":[13],"damage_taken":[{"damage":6,"enemies":"Cultist","floor":1,"turns":4},{"damage":0,"enemies":"2 Louse","floor":2,"turns":3},{"damage":9,"enemies":"Jaw Worm","floor":3,"turns":3},{"damage":2,"enemies":"Exordium Wildlife","floor":4,"turns":4},{"damage":7,"enemies":"Lots of Slimes","floor":5,"turns":3},{"damage":10,"enemies":"2 Fungi Beasts","floor":7,"turns":3},{"damage":40,"enemies":"3 Sentries","floor":8,"turns":7},{"damage":4,"enemies":"Large Slime","floor":12,"turns":3},{"damage":0,"enemies":"Red Slaver","floor":14,"turns":2},{"damage":34,"enemies":"Hexaghost","floor":16,"turns":9}],"seed_played":"2961826717207862133","potions_obtained":[{"floor":4,"key":"Ancient Potion"},{"floor":5,"key":"SneckoOil"},{"floor":7,"key":"Strength Potion"},{"floor":13,"key":"Fruit Juice"},{"floor":13,"key":"BlessingOfTheForge"},{"floor":13,"key":"EssenceOfDarkness"}],"is_trial":false,"path_per_floor":["M","M","M","M","M","R","M","E","T","R","$","M","?","M","R","B"],"character_chosen":"DEFECT","items_purchased":["Steam"],"campfire_rested":0,"item_purchase_floors":[11],"current_hp_per_floor":[68,68,66,68,61,61,58,25,25,25,25,28,33,33,33,0,0],"gold":114,"neow_bonus":"TRANSFORM_TWO_CARDS","is_daily":false,"chose_seed":false,"campfire_upgraded":3,"win_rate":0.0,"timestamp":1613497628,"path_taken":["M","M","M","M","M","R","?","E","T","R","?","M","?","M","R","BOSS"],"items_purchased_type":["Card"],"build_version":"2020-12-22","purchased_purges":1,"victory":false,"max_hp_per_floor":[68,68,68,68,68,68,68,68,68,68,68,68,73,73,73,73,73],"relic_stats":{"Darkstone Periapt":0,"counters":[10,41],"War Paint":["Dualcast","Defend_B"],"obtain_stats":[{"Darkstone Periapt":9,"War Paint":8,"Cracked Core":0},{"Darkstone Periapt":7,"War Paint":7,"Cracked Core":0},{"Darkstone Periapt":27,"War Paint":27,"Cracked Core":0}]},"card_choices":[{"not_picked":["Barrage","Beam Cell"],"picked":"Cold Snap","floor":1},{"not_picked":["Aggregate","Heatsinks"],"picked":"Gash","floor":2},{"not_picked":["Beam Cell","Steam"],"picked":"Sweeping Beam","floor":3},{"not_picked":["Static Discharge","Streamline","Go for the Eyes"],"picked":"SKIP","floor":4},{"not_picked":["Redo","Streamline"],"picked":"Scrape","floor":5},{"not_picked":["Rebound","Reinforced Body"],"picked":"All For One","floor":7},{"not_picked":["Static Discharge","Hologram"],"picked":"Steam","floor":8},{"not_picked":["Sunder","Self Repair"],"picked":"Beam Cell","floor":12},{"not_picked":["Redo","Coolheaded"],"picked":"Turbo","floor":14}],"player_experience":582605,"relics_obtained":[{"floor":8,"key":"War Paint"},{"floor":9,"key":"Darkstone Periapt"}],"event_choices":[{"damage_healed":0,"gold_gain":0,"player_choice":"Got Potions","damage_taken":0,"max_hp_gain":0,"max_hp_loss":0,"event_name":"Lab","floor":13,"gold_loss":0}],"is_beta":false,"boss_relics":[],"items_purged_floors":[11],"is_endless":false,"potions_floor_spawned":[4,5,7,12],"killed_by":"Hexaghost","ascension_level":10}}