{"host":"15ff3ltgpietarej","time":1613503210,"event":{"mods":["BaseMod","Bestiary","Downfall","Highlight Path","Minty Spire (QoL Compilation)","Relic Stats","StSLib"],"gold_per_floor":[99,115,128,303,303,334,334,334,334,334],"floor_reached":8,"language":"ENG","playtime":495,"items_purged":[],"score":78,"play_id":"2875c3a4-900e-4f8a-aafe-e0e83c5a7a0d","local_time":"20210216202010","is_ascension_mode":true,"campfire_choices":[{"data":"Guardian:TwinSlam","floor":1,"key":"SMITH"}],"circlet_count":0,"master_deck":["Guardian:Strike_Guardian","Guardian:Strike_Guardian","Guardian:Strike_Guardian","Guardian:Strike_Guardian","Guardian:Defend_Guardian","Guardian:Defend_Guardian","Guardian:Defend_Guardian","Guardian:Defend_Guardian","Guardian:CurlUp","Guardian:TwinSlam+1","Guardian:EvasiveProtocol","Guardian:ArmoredProtocol","Guardian:Gem_Green"],"relics":["Guardian:ModeShifter","Unceasing Top","Eternal Feather","Vajra"],"acts_visited":["Exordium"],"potions_floor_usage":[],"damage_taken":[{"damage":8,"enemies":"Small Slimes","floor":2,"turns":4},{"damage":0,"enemies":"2 Louse","floor":3,"turns":3},{"damage":30,"enemies":"3 Sentries","floor":6,"turns":14},{"damage":38,"enemies":"Gremlin Nob","floor":8,"turns":5}],"seed_played":"-1992188762383714701","potions_obtained":[{"floor":2,"key":"bronze:BurnAndBuffPotion"}],"is_trial":false,"path_per_floor":["R","M","M","?","?","E","T","E"],"character_chosen":"GUARDIAN","items_purchased":[],"campfire_rested":0,"item_purchase_floors":[],"current_hp_per_floor":[72,64,64,64,64,34,34,0,0,0],"gold":334,"neow_bonus":"ONE_RARE_RELIC","is_daily":false,"chose_seed":false,"campfire_upgraded":1,"win_rate":0.0,"timestamp":1613503210,"path_taken":["R","M","M","?","?","E","T","E"],"items_purchased_type":[],"build_version":"2020-12-22","purchased_purges":0,"victory":false,"max_hp_per_floor":[72,72,72,72,72,72,72,72,72,72],"relic_stats":{"counters":[4,26],"Eternal Feather":0,"obtain_stats":[{"Guardian:ModeShifter":0,"Vajra":7,"Eternal Feather":6,"Unceasing Top":0},{"Guardian:ModeShifter":0,"Vajra":3,"Eternal Feather":3,"Unceasing Top":0},{"Guardian:ModeShifter":0,"Vajra":21,"Eternal Feather":21,"Unceasing Top":0}],"Unceasing Top":[0]},"card_choices":[{"not_picked":["Guardian:Repulse","Guardian:Reroute"],"picked":"Guardian:EvasiveProtocol","floor":2},{"not_picked":["Guardian:Gem_Yellow","Guardian:Recover"],"picked":"Guardian:ArmoredProtocol","floor":3},{"not_picked":["Guardian:BronzeOrb","Guardian:Planning"],"picked":"Guardian:Gem_Green","floor":6}],"player_experience":470268,"relics_obtained":[{"floor":6,"key":"Eternal Feather"},{"floor":7,"key":"Vajra"}],"event_choices":[{"cards_removed":["Doubt"],"damage_healed":0,"gold_gain":0,"player_choice":"Forget","damage_taken":0,"max_hp_gain":0,"max_hp_loss":0,"event_name":"Living Wall","floor":5,"gold_loss":0}],"is_beta":false,"boss_relics":[],"items_purged_floors":[],"is_endless":false,"potions_floor_spawned":[2],"killed_by":"Gremlin Nob","ascension_level":9}}