{"host":"61s3c1o1s4fng5dr","time":1613439659,"event":{"mods":["AchievementEnabler","Alarm Clock","AlwaysNeverKeys","BaseMod","Bestiary","Block Reminder","Colored Map","Googly Eyes","Highlight Path","Minty Spire (QoL Compilation)","Permanent Neow","Quick Restart","Random Character Button","Spire Birthday Party"],"gold_per_floor":[117,117,67,81,81,81,6,21,21,21,96,96,69,104,104,204,204,216,236,236,64,81,81,81,81,105,105,204,219,250,267,267,370,370,390,390,169,180,180,198,48,67,67,87,0,29,47,47,47,47,47],"floor_reached":50,"language":"ENG","playtime":2729,"items_purged":["Regret","Defend_R","Shame","Defend_R"],"score":563,"play_id":"dbd65e67-8540-42f2-9351-a661d015f316","local_time":"20210215204059","is_ascension_mode":false,"campfire_choices":[{"data":"Body Slam","floor":6.0,"key":"SMITH"},{"floor":12.0,"key":"REST"},{"data":"Berserk","floor":15.0,"key":"SMITH"},{"data":"1","floor":23.0,"key":"LIFT"},{"data":"Entrench","floor":27.0,"key":"SMITH"},{"data":"Brutality","floor":32.0,"key":"SMITH"},{"floor":49.0,"key":"REST"}],"circlet_count":0,"master_deck":["Strike_R+1","Defend_R+1","Defend_R","Bash","Body Slam+1","Rage","Entrench+1","Berserk+1","Brutality+1","Dropkick+1","Clothesline+1","Fire Breathing+1","Shrug It Off+1","Evolve","Ghostly Armor+1","Reaper","CurseOfTheBell","Entrench+1","Shrug It Off+1","Madness+1","Madness+1"],"relics":["Burning Blood","TungstenRod","Incense Burner","Bag of Preparation","Girya","Astrolabe","Red Skull","Bag of Marbles","Toy Ornithopter","Lantern","Pear","Calling Bell","Dream Catcher","Toxic Egg 2","StoneCalendar","Pantograph","Red Mask","Nunchaku"],"acts_visited":["Exordium","TheCity","TheBeyond"],"potions_floor_usage":[],"damage_taken":[{"damage":9.0,"enemies":"2 Louse","floor":1.0,"turns":3.0},{"damage":3.0,"enemies":"Jaw Worm","floor":4.0,"turns":5.0},{"damage":4.0,"enemies":"Small Slimes","floor":8.0,"turns":3.0},{"damage":21.0,"enemies":"Gremlin Nob","floor":14.0,"turns":5.0},{"damage":3.0,"enemies":"The Guardian","floor":16.0,"turns":12.0},{"damage":14.0,"enemies":"Spheric Guardian","floor":18.0,"turns":6.0},{"damage":1.0,"enemies":"Chosen","floor":19.0,"turns":4.0},{"damage":15.0,"enemies":"3 Cultists","floor":22.0,"turns":7.0},{"damage":4.0,"enemies":"Snake Plant","floor":29.0,"turns":3.0},{"damage":10.0,"enemies":"Book of Stabbing","floor":30.0,"turns":6.0},{"damage":10.0,"enemies":"Centurion and Healer","floor":31.0,"turns":6.0},{"damage":21.0,"enemies":"Automaton","floor":33.0,"turns":9.0},{"damage":0.0,"enemies":"Orb Walker","floor":35.0,"turns":3.0},{"damage":20.0,"enemies":"3 Shapes","floor":38.0,"turns":4.0},{"damage":0.0,"enemies":"Writhing Mass","floor":40.0,"turns":7.0},{"damage":6.0,"enemies":"Maw","floor":42.0,"turns":8.0},{"damage":0.0,"enemies":"Sphere and 2 Shapes","floor":44.0,"turns":3.0},{"damage":51.0,"enemies":"Nemesis","floor":46.0,"turns":7.0},{"damage":21.0,"enemies":"Writhing Mass","floor":47.0,"turns":7.0},{"damage":91,"enemies":"Awakened One","floor":50,"turns":7}],"seed_played":"8271220342441411727","potions_obtained":[{"floor":1.0,"key":"Energy Potion"},{"floor":8.0,"key":"AttackPotion"},{"floor":14.0,"key":"Fire Potion"},{"floor":30.0,"key":"SmokeBomb"},{"floor":31.0,"key":"PowerPotion"},{"floor":38.0,"key":"EssenceOfSteel"},{"floor":39.0,"key":"EntropicBrew"},{"floor":39.0,"key":"LiquidBronze"},{"floor":40.0,"key":"Explosive Potion"},{"floor":46.0,"key":"FairyPotion"}],"is_trial":false,"path_per_floor":["M","?","?","M","?","R","$","M","T","?","?","R","$","E","R","B",null,"M","M","?","$","M","R","?","T","T","R","?","M","E","M","R","B",null,"M","?","$","M","?","M","$","M","T","M","?","E","M","?","R","B"],"character_chosen":"IRONCLAD","items_purchased":["Shrug It Off","Evolve","Fruit Juice"],"campfire_rested":2,"item_purchase_floors":[13,21,37],"current_hp_per_floor":[77,61,61,64,64,64,64,66,66,57,47,71,71,56,56,59,80,72,77,77,77,68,68,68,68,68,68,68,70,76,72,72,62,90,90,90,90,86,86,95,95,95,95,95,95,73,62,51,79,21,21],"gold":47,"neow_bonus":"TRANSFORM_CARD","is_daily":false,"chose_seed":false,"campfire_upgraded":4,"win_rate":0.0,"timestamp":1613439659,"path_taken":["M","?","?","M","?","R","$","M","T","?","?","R","?","E","R","BOSS","M","?","?","$","M","R","?","?","T","R","?","M","E","M","R","BOSS","M","?","$","M","?","?","?","?","T","M","?","E","M","?","R","BOSS"],"items_purchased_type":["Card","Card","Potion"],"build_version":"2020-12-22","purchased_purges":4,"victory":false,"max_hp_per_floor":[80,80,80,80,80,80,80,80,80,80,80,80,80,80,80,80,80,80,80,80,80,80,80,80,80,80,80,80,80,90,90,90,90,90,90,90,90,95,95,95,95,95,95,95,95,95,95,95,95,95,95],"card_choices":[{"not_picked":["Evolve","Shrug It Off"],"picked":"Body Slam","floor":1.0},{"not_picked":["Uppercut","Whirlwind"],"picked":"Rage","floor":4.0},{"not_picked":["Power Through","Armaments"],"picked":"Entrench","floor":8.0},{"not_picked":["Bludgeon","Searing Blow"],"picked":"Berserk","floor":14.0},{"not_picked":["Limit Break","Berserk"],"picked":"Brutality","floor":16.0},{"not_picked":["Anger","True Grit"],"picked":"Shrug It Off+1","floor":18.0},{"not_picked":["Shrug It Off","Intimidate","Disarm"],"picked":"SKIP","floor":19.0},{"not_picked":["Clothesline","Havoc","True Grit+1"],"picked":"SKIP","floor":22.0},{"not_picked":["Havoc+1","Rampage+1"],"picked":"Ghostly Armor+1","floor":29.0},{"not_picked":["Heavy Blade+1","Immolate","Rampage"],"picked":"SKIP","floor":30.0},{"not_picked":["Anger","Clothesline","Wild Strike"],"picked":"SKIP","floor":31.0},{"not_picked":["Immolate","Brutality"],"picked":"Reaper","floor":33.0},{"not_picked":["Sword Boomerang+1","Perfected Strike","Warcry+1"],"picked":"SKIP","floor":35.0},{"not_picked":["Clash+1","Second Wind+1"],"picked":"Entrench+1","floor":38.0},{"not_picked":["Limit Break+1","Cleave","True Grit+1"],"picked":"SKIP","floor":40.0},{"not_picked":["Sentinel+1","Body Slam+1","Disarm+1"],"picked":"SKIP","floor":42.0},{"not_picked":["Clothesline","Iron Wave+1"],"picked":"Shrug It Off+1","floor":44.0},{"not_picked":["Perfected Strike+1","Fire Breathing","Hemokinesis"],"picked":"SKIP","floor":46.0},{"not_picked":["Clothesline","Bloodletting+1","Reaper"],"picked":"SKIP","floor":47.0}],"player_experience":459316,"relics_obtained":[{"floor":9.0,"key":"Incense Burner"},{"floor":14.0,"key":"Girya"},{"floor":25.0,"key":"Toy Ornithopter"},{"floor":26.0,"key":"Lantern"},{"floor":30.0,"key":"Pear"},{"floor":34.0,"key":"Dream Catcher"},{"floor":34.0,"key":"Toxic Egg 2"},{"floor":34.0,"key":"StoneCalendar"},{"floor":43.0,"key":"Pantograph"},{"floor":46.0,"key":"Nunchaku"}],"event_choices":[{"damage_healed":0.0,"max_hp_gain":0.0,"max_hp_loss":0.0,"gold_gain":0.0,"event_name":"Shining Light","player_choice":"Entered Light","floor":2.0,"gold_loss":0.0,"damage_taken":16.0,"cards_upgraded":["Strike_R","Defend_R"]},{"cards_removed":["Strike_R"],"damage_healed":0.0,"max_hp_gain":0.0,"max_hp_loss":0.0,"gold_gain":0.0,"event_name":"The Cleric","player_choice":"Card Removal","floor":3.0,"gold_loss":50.0,"damage_taken":0.0},{"damage_healed":0.0,"max_hp_gain":0.0,"max_hp_loss":0.0,"gold_gain":0.0,"event_name":"Big Fish","player_choice":"Box","floor":5.0,"gold_loss":0.0,"damage_taken":0.0,"relics_obtained":["TungstenRod"],"cards_obtained":["Regret"]},{"damage_healed":0.0,"max_hp_gain":0.0,"max_hp_loss":0.0,"gold_gain":0.0,"event_name":"Scrap Ooze","player_choice":"Success","floor":10.0,"gold_loss":0.0,"damage_taken":12.0,"relics_obtained":["Bag of Preparation"]},{"damage_healed":0.0,"max_hp_gain":0.0,"max_hp_loss":0.0,"gold_gain":75.0,"event_name":"World of Goop","player_choice":"Gather Gold","floor":11.0,"gold_loss":0.0,"damage_taken":11.0},{"damage_healed":0.0,"max_hp_gain":0.0,"max_hp_loss":0.0,"gold_gain":0.0,"event_name":"The Mausoleum","player_choice":"Opened","floor":20.0,"gold_loss":0.0,"damage_taken":0.0,"relics_obtained":["Red Skull"]},{"damage_healed":0.0,"max_hp_gain":0.0,"max_hp_loss":0.0,"gold_gain":0.0,"event_name":"Addict","player_choice":"Stole Relic","floor":24.0,"gold_loss":0.0,"damage_taken":0.0,"relics_obtained":["Bag of Marbles"],"cards_obtained":["Shame"]},{"damage_healed":0.0,"max_hp_gain":0.0,"max_hp_loss":0.0,"gold_gain":99.0,"event_name":"Nest","player_choice":"Stole From Cult","floor":28.0,"gold_loss":0.0,"damage_taken":0.0},{"cards_removed":["Shrug It Off"],"damage_healed":0.0,"max_hp_gain":0.0,"max_hp_loss":0.0,"gold_gain":0.0,"event_name":"Falling","player_choice":"Removed Skill","floor":36.0,"gold_loss":0.0,"damage_taken":0.0},{"damage_healed":0.0,"max_hp_gain":0.0,"max_hp_loss":0.0,"gold_gain":0.0,"event_name":"Lab","player_choice":"Got Potions","floor":39.0,"gold_loss":0.0,"damage_taken":0.0},{"damage_healed":0.0,"max_hp_gain":0.0,"max_hp_loss":0.0,"gold_gain":0.0,"event_name":"Tomb of Lord Red Mask","player_choice":"Paid","floor":45.0,"gold_loss":87.0,"damage_taken":0.0,"relics_obtained":["Red Mask"]},{"damage_healed":0.0,"max_hp_gain":0.0,"max_hp_loss":0.0,"gold_gain":0.0,"event_name":"Winding Halls","player_choice":"Embrace Madness","floor":48.0,"gold_loss":0.0,"damage_taken":12.0,"cards_obtained":["Madness","Madness"]}],"is_beta":false,"boss_relics":[{"not_picked":["Pandora\u0027s Box","Sozu"],"picked":"Astrolabe"},{"not_picked":["Snecko Eye","Busted Crown"],"picked":"Calling Bell"}],"items_purged_floors":[7,21,37,41],"is_endless":false,"potions_floor_spawned":[1,8,14,30,31,38,40,46],"killed_by":"Awakened One","ascension_level":0}}