{"host":"vyiqbz5w606ur92t","time":1613445543,"event":{"mods":["BaseMod","Downfall","Minty Spire (QoL Compilation)","Relic Stats","StSLib"],"gold_per_floor":[114,129,144,144,136,174,197,197,197,167,190,228,250,265,265,373,373,396,396,396,419,419,457,480,480,505,543,566,589,627,627,627,727,727,750,750,450,410,425,425,440,463,463,52,75,113,136,136,136,136],"floor_reached":51,"language":"ENG","playtime":4576,"items_purged":[],"score":776,"play_id":"f10909e8-3397-48a1-9a08-024fbc675f28","local_time":"20210216031903","daily_mods":["downfall:Improvised","Green Cards","Night Terrors"],"is_ascension_mode":false,"campfire_choices":[{"data":"hexamod:Float","floor":15,"key":"SMITH"},{"data":"hexamod:NecessarySacrifice","floor":25,"key":"SMITH"},{"data":"Infinite Blades","floor":32,"key":"SMITH"},{"data":"Malaise","floor":40,"key":"SMITH"},{"data":"Panache","floor":49,"key":"SMITH"}],"circlet_count":0,"master_deck":["hexamod:Sear","hexamod:Float+1","sneckomod:UnknownCommonAttack","sneckomod:UnknownCommonAttack","sneckomod:UnknownCommonAttack","sneckomod:UnknownCommonSkill","sneckomod:UnknownCommonSkill","sneckomod:UnknownUncommonAttack","sneckomod:UnknownUncommonSkill","sneckomod:UnknownUncommonPower","sneckomod:Unknown","hexamod:AdvancingGuard","hexamod:SpectersWail","Quick Slash","hexamod:PowerFromBeyond","Malaise+1","hexamod:FlamesFromBeyond","hexamod:NecessarySacrifice+1","Infinite Blades+1","hexamod:GhostflameBarrier","hexamod:SecondSeal","hexamod:EmpoweredFlame","hexamod:HexaLevel+1","Skewer","Noxious Fumes","hexamod:FourthSeal","Dodge and Roll","Dagger Spray","hexamod:FastForward","Accuracy","Ghostly","Ghostly","Ghostly","hexamod:CouncilsJustice","hexamod:CouncilsJustice","hexamod:CouncilsJustice","hexamod:ShieldOfDarkness+1","hexamod:BurningTouch+1","hexamod:Haunt+1","hexamod:Rewind+1","hexamod:ForkedFlame","hexamod:Rewind+1","hexamod:BurningTouch+1","hexamod:GhostShield+1","hexamod:PhantomFireball","Panache+1","hexamod:ExtraCrispy","Prepared+1","Night Terror"],"relics":["hexamod:SpiritBrand","Lantern","Oddly Smooth Stone","Ancient Tea Set","Matryoshka","hexamod:TheBrokenSeal","Pandora\u0027s Box","hexamod:SoulConsumer","Darkstone Periapt","PreservedInsect","Guardian:PocketSentry","Boot","bronze:MakeshiftBattery","Torii","Potion Belt","Eternal Feather","bronze:BronzeIdol","Slimebound:StickyStick","downfall:ExtraCursedKey"],"acts_visited":["Exordium","TheCity","TheBeyond"],"potions_floor_usage":[6,12,13,16,24,27,41,50,50,50],"damage_taken":[{"damage":0,"enemies":"Small Slimes","floor":1,"turns":3},{"damage":0,"enemies":"Jaw Worm","floor":2,"turns":5},{"damage":0,"enemies":"Cultist","floor":3,"turns":2},{"damage":27,"enemies":"Gremlin Nob","floor":6,"turns":4},{"damage":0,"enemies":"3 Louse","floor":7,"turns":5},{"damage":1,"enemies":"2 Fungi Beasts","floor":11,"turns":4},{"damage":16,"enemies":"3 Sentries","floor":12,"turns":6},{"damage":23,"enemies":"Exordium Wildlife","floor":13,"turns":6},{"damage":0,"enemies":"Gremlin Gang","floor":14,"turns":3},{"damage":16,"enemies":"The Guardian","floor":16,"turns":7},{"damage":4,"enemies":"Shell Parasite","floor":18,"turns":5},{"damage":2,"enemies":"Spheric Guardian","floor":21,"turns":5},{"damage":14,"enemies":"Gremlin Leader","floor":23,"turns":7},{"damage":4,"enemies":"Snake Plant","floor":24,"turns":3},{"damage":0,"enemies":"Book of Stabbing","floor":27,"turns":4},{"damage":1,"enemies":"Shelled Parasite and Fungi","floor":28,"turns":4},{"damage":1,"enemies":"Cultist and Chosen","floor":29,"turns":6},{"damage":17,"enemies":"Gremlin Leader","floor":30,"turns":5},{"damage":48,"enemies":"Champ","floor":33,"turns":10},{"damage":16,"enemies":"3 Darklings","floor":35,"turns":4},{"damage":0,"enemies":"Orb Walker","floor":39,"turns":3},{"damage":0,"enemies":"Writhing Mass","floor":41,"turns":6},{"damage":1,"enemies":"Maw","floor":42,"turns":9},{"damage":14,"enemies":"Spire Growth","floor":45,"turns":5},{"damage":0,"enemies":"Reptomancer","floor":46,"turns":5},{"damage":2,"enemies":"4 Shapes","floor":47,"turns":5},{"damage":21,"enemies":"Donu and Deca","floor":50,"turns":6}],"seed_played":"2711566965655028651","potions_obtained":[{"floor":1,"key":"hexamod:EctoCoolerPotion"},{"floor":3,"key":"sneckomod:MuddlingPotion"},{"floor":7,"key":"CultistPotion"},{"floor":10,"key":"champ:CounterPotion"},{"floor":10,"key":"FairyPotion"},{"floor":12,"key":"SpeedPotion"},{"floor":13,"key":"Ancient Potion"},{"floor":18,"key":"Dexterity Potion"},{"floor":24,"key":"LiquidBronze"},{"floor":29,"key":"SpeedPotion"},{"floor":33,"key":"SteroidPotion"},{"floor":35,"key":"Block Potion"},{"floor":41,"key":"Ancient Potion"},{"floor":45,"key":"Regen Potion"},{"floor":46,"key":"champ:CounterPotion"},{"floor":47,"key":"GamblersBrew"},{"floor":47,"key":"GamblersBrew"}],"is_trial":false,"path_per_floor":["M","M","M","$","?","E","M","T","T","?","M","E","M","M","R","B",null,"M","?","?","M","$","E","M","R","T","E","M","M","E","?","R","B",null,"M","?","$","?","M","R","M","M","T","$","M","E","M","?","R","B",null],"character_chosen":"THE_SPIRIT","items_purchased":["Torii","bronze:BronzeIdol","Panache","hexamod:ExtraCrispy"],"campfire_rested":0,"item_purchase_floors":[37,44,44,44],"current_hp_per_floor":[70,70,70,70,63,43,50,50,50,50,56,47,80,80,80,64,80,76,40,40,38,38,24,24,24,24,28,31,34,21,34,34,16,40,28,28,28,28,28,28,32,35,35,35,25,29,31,31,40,35],"gold":136,"neow_bonus":"","is_daily":true,"chose_seed":false,"campfire_upgraded":5,"win_rate":0.0,"timestamp":1613445543,"path_taken":["M","M","M","$","?","E","M","?","T","?","?","E","M","M","R","BOSS","M","?","?","M","?","E","M","R","T","E","?","M","E","?","R","BOSS","M","?","$","?","M","R","M","M","T","$","M","E","?","?","R","BOSS"],"items_purchased_type":["Relic","Relic","Card","Card"],"build_version":"2020-12-22","purchased_purges":0,"victory":true,"max_hp_per_floor":[70,70,70,70,70,70,70,70,70,70,70,70,80,80,80,80,80,80,40,40,40,40,40,40,40,40,40,40,40,40,40,40,40,40,40,40,40,40,40,40,40,40,40,40,40,40,40,40,40,40],"relic_stats":{"Darkstone Periapt":0,"Torii":0,"counters":[27,136],"Pandora\u0027s Box":["Skewer","Noxious Fumes","hexamod:FourthSeal","Dodge and Roll","Dagger Spray","hexamod:UnleashSpirits","hexamod:FastForward","Accuracy"],"Eternal Feather":9,"PreservedInsect":149,"Boot":[11],"obtain_stats":[{"Darkstone Periapt":26,"Potion Belt":43,"Lantern":6,"Torii":37,"Oddly Smooth Stone":8,"hexamod:TheBrokenSeal":13,"Eternal Feather":43,"PreservedInsect":26,"Guardian:PocketSentry":27,"Ancient Tea Set":9,"Boot":30,"bronze:BronzeIdol":44,"Matryoshka":12,"Slimebound:StickyStick":46,"Pandora\u0027s Box":17,"downfall:ExtraCursedKey":48,"hexamod:SoulConsumer":23,"hexamod:SpiritBrand":0,"bronze:MakeshiftBattery":34},{"Darkstone Periapt":14,"Potion Belt":23,"Lantern":4,"Torii":20,"Oddly Smooth Stone":5,"hexamod:TheBrokenSeal":8,"Eternal Feather":23,"PreservedInsect":14,"Guardian:PocketSentry":15,"Ancient Tea Set":5,"Boot":18,"bronze:BronzeIdol":23,"Matryoshka":7,"Slimebound:StickyStick":25,"Pandora\u0027s Box":10,"downfall:ExtraCursedKey":26,"hexamod:SoulConsumer":13,"hexamod:SpiritBrand":0,"bronze:MakeshiftBattery":19},{"Darkstone Periapt":65,"Potion Belt":115,"Lantern":14,"Torii":98,"Oddly Smooth Stone":19,"hexamod:TheBrokenSeal":35,"Eternal Feather":115,"PreservedInsect":65,"Guardian:PocketSentry":69,"Ancient Tea Set":19,"Boot":84,"bronze:BronzeIdol":115,"Matryoshka":29,"Slimebound:StickyStick":125,"Pandora\u0027s Box":45,"downfall:ExtraCursedKey":130,"hexamod:SoulConsumer":62,"hexamod:SpiritBrand":0,"bronze:MakeshiftBattery":94}]},"card_choices":[{"not_picked":["Quick Slash","hexamod:EmpoweredFlame"],"picked":"hexamod:AdvancingGuard","floor":1},{"not_picked":["Dodge and Roll","hexamod:NightmareGuise"],"picked":"hexamod:SpectersWail","floor":2},{"not_picked":["hexamod:Firestarter","hexamod:AdvancingGuard"],"picked":"Quick Slash","floor":3},{"not_picked":["hexamod:SkipABeat","Outmaneuver"],"picked":"hexamod:PowerFromBeyond","floor":6},{"not_picked":["hexamod:GhostShield","Underhanded Strike"],"picked":"Malaise","floor":6},{"not_picked":["hexamod:SwordOfDarkness","hexamod:EmpoweredFlame"],"picked":"hexamod:FlamesFromBeyond","floor":7},{"not_picked":["Outmaneuver","hexamod:InspiringFlames","Slice"],"picked":"SKIP","floor":7},{"not_picked":["hexamod:BacktrackSmack","Blade Dance"],"picked":"hexamod:FifthSeal","floor":11},{"not_picked":["Dagger Throw","hexamod:GhostShield"],"picked":"hexamod:NecessarySacrifice","floor":11},{"not_picked":["hexamod:SecondSeal","hexamod:ThirdSeal"],"picked":"hexamod:SixthSeal","floor":12},{"not_picked":["Caltrops","hexamod:NightmareGuise"],"picked":"Infinite Blades","floor":12},{"not_picked":["Poisoned Stab","hexamod:FastForward"],"picked":"hexamod:GhostflameBarrier","floor":12},{"not_picked":["Flying Knee","Unload"],"picked":"hexamod:SecondSeal","floor":13},{"not_picked":["Reflex","PiercingWail"],"picked":"hexamod:EmpoweredFlame","floor":14},{"not_picked":["Envenom","hexamod:TimeOfNeed"],"picked":"hexamod:HexaLevel","floor":16},{"not_picked":["hexamod:HauntingEcho","hexamod:Firestarter","Backstab"],"picked":"SKIP","floor":18},{"not_picked":["hexamod:GhostLash","hexamod:AdvancingGuard"],"picked":"hexamod:ShieldOfDarkness+1","floor":21},{"not_picked":["Infinite Blades","hexamod:EmpoweredFlame","hexamod:RadiantFlame"],"picked":"SKIP","floor":23},{"not_picked":["hexamod:NightmareGuise","Flying Knee"],"picked":"hexamod:BurningTouch+1","floor":24},{"not_picked":["PiercingWail","Distraction","hexamod:BurningTouch"],"picked":"SKIP","floor":27},{"not_picked":["Blur","Tactician","hexamod:Again"],"picked":"SKIP","floor":28},{"not_picked":["Bane","hexamod:NightmareGuise"],"picked":"hexamod:Haunt+1","floor":29},{"not_picked":["Escape Plan+1","hexamod:SuperheatedStrike"],"picked":"hexamod:Rewind+1","floor":30},{"not_picked":["hexamod:ApocalypticArmor","Venomology"],"picked":"hexamod:ForkedFlame","floor":33},{"not_picked":["All Out Attack+1","PiercingWail"],"picked":"hexamod:Rewind+1","floor":35},{"not_picked":["hexamod:BurningTouch+1","hexamod:ShieldOfDarkness+1","Dagger Throw"],"picked":"SKIP","floor":39},{"not_picked":["hexamod:ShieldOfDarkness+1","Dagger Throw"],"picked":"hexamod:BurningTouch+1","floor":39},{"not_picked":["hexamod:ThermalTransfer","hexamod:FourthSeal"],"picked":"hexamod:GhostShield+1","floor":41},{"not_picked":["PiercingWail+1","Backflip+1"],"picked":"hexamod:PhantomFireball","floor":42},{"not_picked":["hexamod:TimeOfNeed","Flying Knee"],"picked":"Prepared+1","floor":45},{"not_picked":["hexamod:ThirdSeal","hexamod:FlamesFromBeyond","hexamod:SecondSeal"],"picked":"SKIP","floor":46},{"not_picked":["Deflect+1","hexamod:InspiringFlames"],"picked":"Night Terror","floor":47}],"player_experience":1800012,"relics_obtained":[{"floor":6,"key":"Lantern"},{"floor":8,"key":"Oddly Smooth Stone"},{"floor":9,"key":"Ancient Tea Set"},{"floor":12,"key":"Matryoshka"},{"floor":23,"key":"hexamod:SoulConsumer"},{"floor":26,"key":"Darkstone Periapt"},{"floor":26,"key":"PreservedInsect"},{"floor":27,"key":"Guardian:PocketSentry"},{"floor":30,"key":"Boot"},{"floor":43,"key":"Potion Belt"},{"floor":43,"key":"Eternal Feather"},{"floor":46,"key":"Slimebound:StickyStick"}],"event_choices":[{"damage_healed":0,"gold_gain":0,"player_choice":"Bought 2 Potions","damage_taken":0,"max_hp_gain":0,"max_hp_loss":0,"event_name":"The Woman in Blue","floor":10,"gold_loss":0},{"damage_healed":13,"gold_gain":0,"player_choice":"Heal","damage_taken":0,"max_hp_gain":0,"max_hp_loss":0,"event_name":"The Library","floor":31,"gold_loss":0},{"damage_healed":0,"gold_gain":0,"player_choice":"Ignored","damage_taken":0,"max_hp_gain":0,"max_hp_loss":0,"event_name":"Tomb of Lord Red Mask","floor":36,"gold_loss":0},{"damage_healed":0,"gold_gain":0,"player_choice":"Upgrade","damage_taken":0,"max_hp_gain":0,"max_hp_loss":0,"event_name":"Designer","floor":38,"gold_loss":40,"cards_upgraded":["hexamod:HexaLevel"]}],"is_beta":false,"boss_relics":[{"not_picked":["Ectoplasm","Sozu"],"picked":"Pandora\u0027s Box"},{"not_picked":["hexamod:UnbrokenSoul","Runic Dome"],"picked":"bronze:MakeshiftBattery"}],"items_purged_floors":[],"is_endless":false,"potions_floor_spawned":[1,3,11,13,14,18,23,24,29,35,46,47],"ascension_level":0}}