{"host":"c6xy0a74zz7y4nf6","time":1613444429,"event":{"mods":["BaseMod","Minty Spire (QoL Compilation)","StSLib","The Exalted"],"gold_per_floor":[109,34,209,226,245,274,343,361,388,388,404,237,237,271,271,369,369,379,397,397,397,124,124,152,152,175,175,187,207,219,144,144,249,249,263,263,263,263,275,305,305,317,363,363,363],"floor_reached":44,"language":"ENG","playtime":2968,"items_purged":["Bromod:Strike_Bro","Doubt"],"score":620,"play_id":"341abf8f-09c0-49db-8486-fdf49a2c23d9","local_time":"20210215210029","is_ascension_mode":true,"campfire_choices":[{"data":"Bromod:RadialBlind","floor":13,"key":"SMITH"},{"floor":15,"key":"REST"},{"floor":23,"key":"RECALL"},{"data":"Bromod:FastHands","floor":25,"key":"SMITH"},{"data":"Bromod:Stretch","floor":32,"key":"SMITH"},{"floor":41,"key":"REST"}],"circlet_count":0,"master_deck":["Bromod:SlashDash","Bromod:SlashDash","Bromod:SlashDash","Bromod:Stretch+1","Bromod:PointStrike","Bromod:FastHands+1","Bromod:RadialBlind+1","Bromod:FinishingTouch","Bromod:Frostbite+1","Bromod:Stormbringer","Bromod:SlashDash","Bromod:CollisionForce","Bromod:Redirection+1","Bromod:Blaze","Bromod:Redirection","Bromod:Blaze","Bromod:ExaltedBlade+1","Bromod:BriefRespite","Bromod:Intensify","Thinking Ahead"],"relics":["Bromod:Ordis","Bromod:AscarisDevice","Bag of Marbles","Bronze Scales","Bromod:ArcaneVictory","Juzu Bracelet","Eternal Feather","Omamori","Busted Crown","PreservedInsect","HornCleat","Boot","Pandora\u0027s Box","Ancient Tea Set"],"acts_visited":["Exordium","TheCity","TheBeyond"],"potions_floor_usage":[6,6,14,16,29,33,33,40,40,42],"damage_taken":[{"damage":7,"enemies":"Small Slimes","floor":1,"turns":2},{"damage":7,"enemies":"Jaw Worm","floor":4,"turns":4},{"damage":0,"enemies":"Cultist","floor":5,"turns":3},{"damage":8,"enemies":"3 Sentries","floor":6,"turns":7},{"damage":9,"enemies":"2 Fungi Beasts","floor":8,"turns":4},{"damage":12,"enemies":"Looter","floor":11,"turns":3},{"damage":13,"enemies":"Gremlin Nob","floor":14,"turns":4},{"damage":14,"enemies":"Slime Boss","floor":16,"turns":10},{"damage":7,"enemies":"Spheric Guardian","floor":18,"turns":4},{"damage":11,"enemies":"2 Thieves","floor":19,"turns":4},{"damage":10,"enemies":"Slavers","floor":24,"turns":5},{"damage":2,"enemies":"Centurion and Healer","floor":28,"turns":6},{"damage":0,"enemies":"3 Cultists","floor":29,"turns":2},{"damage":1,"enemies":"Snake Plant","floor":30,"turns":4},{"damage":0,"enemies":"Collector","floor":33,"turns":11},{"damage":38,"enemies":"3 Shapes","floor":35,"turns":4},{"damage":24,"enemies":"3 Darklings","floor":39,"turns":3},{"damage":0,"enemies":"Reptomancer","floor":40,"turns":4},{"damage":55,"enemies":"Transient","floor":42,"turns":5},{"damage":25,"enemies":"Nemesis","floor":44,"turns":4}],"seed_played":"-3183156323273741594","potions_obtained":[{"floor":4,"key":"Explosive Potion"},{"floor":5,"key":"Fire Potion"},{"floor":8,"key":"Bromod:ShieldRestore"},{"floor":14,"key":"AttackPotion"},{"floor":19,"key":"EssenceOfSteel"},{"floor":24,"key":"AttackPotion"},{"floor":28,"key":"Block Potion"},{"floor":29,"key":"Bromod:HealthRestore"},{"floor":39,"key":"Bromod:EnergyRestore"},{"floor":40,"key":"Bromod:ClemClone"}],"is_trial":false,"path_per_floor":["M","$","?","M","M","E","T","M","T","T","M","$","R","E","R","B",null,"M","M","?","?","$","R","E","R","T","?","M","M","M","?","R","B",null,"M","?","?","?","M","E","R","M","T","E"],"character_chosen":"THE_EXALTED","items_purchased":["Bromod:FinishingTouch","Bromod:Stormbringer","PreservedInsect","Bromod:SlashDash"],"campfire_rested":2,"item_purchase_floors":[12,22,22,22],"current_hp_per_floor":[68,68,68,61,61,53,53,46,46,46,35,35,41,29,57,47,75,69,60,60,60,60,69,62,71,71,71,71,73,73,73,75,75,75,40,40,40,59,37,47,75,21,21,0,0],"gold":363,"neow_bonus":"RANDOM_COMMON_RELIC","is_daily":false,"chose_seed":false,"campfire_upgraded":3,"win_rate":0.0,"timestamp":1613444429,"path_taken":["M","$","?","M","M","E","?","M","T","?","M","$","R","E","R","BOSS","M","M","?","?","$","R","E","R","T","?","M","M","M","?","R","BOSS","M","?","?","?","M","E","R","M","T","E"],"items_purchased_type":["Card","Card","Relic","Card"],"build_version":"2020-12-22","purchased_purges":2,"victory":false,"max_hp_per_floor":[75,75,75,75,75,75,75,75,75,75,75,75,75,75,75,75,75,75,75,75,75,75,75,75,75,75,75,75,75,75,75,75,75,75,75,75,75,75,75,75,75,75,75,75,75],"card_choices":[{"not_picked":["Bromod:SlipMagazine","Bromod:Vitality"],"picked":"Bromod:Stretch","floor":1},{"not_picked":["Bromod:PressurePoint","Bromod:OrganShatter"],"picked":"Bromod:PointStrike","floor":4},{"not_picked":["Bromod:Vitality","Bromod:KillingBlow","Bromod:ShatteringImpact"],"picked":"SKIP","floor":5},{"not_picked":["Bromod:Reflection","Bromod:Berserker"],"picked":"Bromod:FastHands","floor":6},{"not_picked":["Bromod:HornetStrike","Bromod:SteelFiber","Bromod:QuickDraw"],"picked":"SKIP","floor":8},{"not_picked":["Bromod:ShatteringImpact","Bromod:QuickDraw"],"picked":"Bromod:RadialBlind","floor":11},{"not_picked":["Bromod:FinishingTouch","Bromod:PressurePoint","Bromod:BodyCount"],"picked":"SKIP","floor":14},{"not_picked":["Bromod:FashionFrame","Bromod:QuickThinking"],"picked":"Bromod:Frostbite","floor":16},{"not_picked":["Bromod:Foundry"],"picked":"SKIP","floor":18},{"not_picked":["Bromod:ShatteringImpact"],"picked":"SKIP","floor":19},{"not_picked":[],"picked":"Bromod:CollisionForce","floor":24},{"not_picked":["Bromod:SteelFiber"],"picked":"SKIP","floor":28},{"not_picked":[],"picked":"Bromod:Redirection+1","floor":29},{"not_picked":["Bromod:ShatteringImpact"],"picked":"SKIP","floor":30},{"not_picked":[],"picked":"Bromod:Blaze","floor":33},{"not_picked":["Bromod:ShatteringImpact+1"],"picked":"SKIP","floor":35},{"not_picked":[],"picked":"Thinking Ahead","floor":36},{"not_picked":["Bromod:RadialBlind"],"picked":"SKIP","floor":39},{"not_picked":["Bromod:PressurePoint"],"picked":"SKIP","floor":40},{"not_picked":["Bromod:Reflection"],"picked":"SKIP","floor":42}],"player_experience":93250,"relics_obtained":[{"floor":6,"key":"Bronze Scales"},{"floor":7,"key":"Bromod:ArcaneVictory"},{"floor":9,"key":"Juzu Bracelet"},{"floor":10,"key":"Eternal Feather"},{"floor":14,"key":"Omamori"},{"floor":24,"key":"HornCleat"},{"floor":26,"key":"Boot"},{"floor":40,"key":"Ancient Tea Set"}],"event_choices":[{"damage_healed":0,"gold_gain":175,"player_choice":"AGREE","damage_taken":0,"max_hp_gain":0,"max_hp_loss":0,"event_name":"Liars Game","floor":3,"gold_loss":0,"cards_obtained":["Doubt"]},{"damage_healed":0,"gold_gain":0,"player_choice":"Ignored","damage_taken":0,"max_hp_gain":0,"max_hp_loss":0,"event_name":"Ghosts","floor":21,"gold_loss":0},{"damage_healed":0,"gold_gain":0,"player_choice":"Ignored","damage_taken":0,"max_hp_gain":0,"max_hp_loss":0,"event_name":"WeMeetAgain","floor":27,"gold_loss":0},{"cards_removed":["Bromod:Strike_Bro"],"damage_healed":0,"gold_gain":0,"player_choice":"Gave Gold","damage_taken":0,"max_hp_gain":0,"max_hp_loss":0,"event_name":"Beggar","floor":31,"gold_loss":75},{"damage_healed":0,"gold_gain":0,"player_choice":"Memory 1","damage_taken":0,"max_hp_gain":0,"max_hp_loss":0,"event_name":"SensoryStone","floor":36,"gold_loss":0},{"damage_healed":0,"gold_gain":0,"player_choice":"Forge","damage_taken":0,"max_hp_gain":0,"max_hp_loss":0,"event_name":"Accursed Blacksmith","floor":37,"gold_loss":0,"cards_upgraded":["Bromod:ExaltedBlade"]},{"damage_healed":19,"gold_gain":0,"player_choice":"Writhe","damage_taken":0,"max_hp_gain":0,"max_hp_loss":0,"event_name":"Winding Halls","floor":38,"gold_loss":0,"cards_obtained":["Writhe"]}],"is_beta":false,"boss_relics":[{"not_picked":["Runic Pyramid","Sozu"],"picked":"Busted Crown"},{"not_picked":["Velvet Choker","Bromod:ArcaneBarrier"],"picked":"Pandora\u0027s Box"}],"items_purged_floors":[2,12],"is_endless":false,"potions_floor_spawned":[4,5,8,14,19,24,28,29,39,40],"killed_by":"Nemesis","ascension_level":2}}