{"host":"1v3mnj67s3trvm6y","time":1613451970,"event":{"mods":["Aspiration","BaseMod","Challenge The Spire","Minty Spire (QoL Compilation)","StSLib"],"gold_per_floor":[114,127,127,147,167,167,181,181,181,210,10,10,42,52,52,52,52],"floor_reached":16,"language":"ENG","playtime":859,"items_purged":[],"score":112,"play_id":"a75a91b2-1abd-4aa3-8e12-a2cb4a794a1d","local_time":"20210216140610","is_ascension_mode":false,"campfire_choices":[{"data":"Cloak And Dagger","floor":6,"key":"SMITH"},{"data":"Sucker Punch","floor":8,"key":"SMITH"},{"data":"Outmaneuver","floor":12,"key":"SMITH"},{"floor":15,"key":"REST"}],"circlet_count":0,"master_deck":["Strike_G","Strike_G","Strike_G","Strike_G","Defend_G","Defend_G","Defend_G","Defend_G","Defend_G","Survivor","Neutralize+1","Dagger Spray","Backflip","Backflip","Cloak And Dagger+1","Acrobatics","Sucker Punch+1","Dagger Throw","Outmaneuver+1","Expertise","Backflip"],"relics":["Ring of the Snake","Ancient Tea Set","Sling","Bag of Preparation"],"acts_visited":["Exordium"],"potions_floor_usage":[7],"damage_taken":[{"damage":0,"enemies":"Small Slimes","floor":1,"turns":5},{"damage":1,"enemies":"Cultist","floor":2,"turns":4},{"damage":0,"enemies":"2 Louse","floor":4,"turns":3},{"damage":9,"enemies":"Blue Slaver","floor":5,"turns":5},{"damage":0,"enemies":"Lots of Slimes","floor":7,"turns":2},{"damage":1,"enemies":"3 Sentries","floor":10,"turns":14},{"damage":12,"enemies":"Gremlin Nob","floor":13,"turns":4},{"damage":0,"enemies":"2 Fungi Beasts","floor":14,"turns":2},{"damage":68,"enemies":"Hexaghost","floor":16,"turns":16}],"seed_played":"7223579362606047586","potions_obtained":[{"floor":4,"key":"Dexterity Potion"},{"floor":5,"key":"SneckoOil"},{"floor":7,"key":"Ancient Potion"},{"floor":13,"key":"SpeedPotion"},{"floor":14,"key":"SteroidPotion"}],"is_trial":false,"path_per_floor":["M","M","?","M","M","R","M","R","T","E","$","R","E","M","R","B"],"character_chosen":"THE_SILENT","items_purchased":["Sling","Outmaneuver"],"campfire_rested":1,"item_purchase_floors":[11,11],"current_hp_per_floor":[70,69,69,69,60,60,60,60,60,59,59,59,47,47,68,0,0],"gold":52,"neow_bonus":"UPGRADE_CARD","is_daily":false,"chose_seed":false,"campfire_upgraded":3,"win_rate":0.0,"timestamp":1613451970,"path_taken":["M","M","?","M","M","R","M","R","T","E","$","R","E","?","R","BOSS"],"items_purchased_type":["Relic","Card"],"build_version":"2020-12-22","purchased_purges":0,"victory":false,"max_hp_per_floor":[70,70,70,70,70,70,70,70,70,70,70,70,70,70,70,70,70],"card_choices":[{"not_picked":["Eviscerate","Concentrate"],"picked":"Dagger Spray","floor":1},{"not_picked":["Skewer","Dodge and Roll"],"picked":"Backflip","floor":2},{"not_picked":["Underhanded Strike","Sucker Punch"],"picked":"Cloak And Dagger","floor":4},{"not_picked":["PiercingWail","Prepared"],"picked":"Acrobatics","floor":5},{"not_picked":["Dagger Spray","Bane"],"picked":"Sucker Punch","floor":7},{"not_picked":["Prepared","Dodge and Roll"],"picked":"Dagger Throw","floor":10},{"not_picked":["Slice","Dodge and Roll"],"picked":"Expertise","floor":13},{"not_picked":["Outmaneuver","Poisoned Stab"],"picked":"Backflip","floor":14}],"player_experience":1520078,"relics_obtained":[{"floor":10,"key":"Ancient Tea Set"},{"floor":13,"key":"Bag of Preparation"}],"event_choices":[{"damage_healed":0,"gold_gain":0,"cards_transformed":["Strike_G"],"player_choice":"Transformed","damage_taken":0,"max_hp_gain":0,"max_hp_loss":0,"event_name":"Transmorgrifier","floor":3,"gold_loss":0,"cards_obtained":["Backflip"]}],"is_beta":false,"boss_relics":[],"items_purged_floors":[],"is_endless":false,"potions_floor_spawned":[4,5,7,13,14],"killed_by":"Hexaghost","ascension_level":0}}