{"host":"ymmeoa1x24ihslbm","time":1613481879,"event":{"mods":["AchievementEnabler","BaseMod","Colored Map","Colored Powertips","Defuse TimeMaze Blight","Highlight Path","Minty Spire (QoL Compilation)","Permanent Neow","Quick Restart","StSLib","Unceasing Turn Reminder"],"gold_per_floor":[114,114,114,31,42,71,71,84,108,108,118,118,118,147,147,147,147],"floor_reached":16,"language":"ENG","playtime":675,"items_purged":[],"score":189,"play_id":"eacabe46-0e45-4513-bf95-c76f1ad5c236","local_time":"20210216142439","is_ascension_mode":true,"campfire_choices":[{"data":"Good Instincts","floor":7,"key":"SMITH"},{"data":"Dodge and Roll","floor":10,"key":"SMITH"},{"data":"Backflip","floor":12,"key":"SMITH"},{"data":"Dagger Spray","floor":15,"key":"SMITH"}],"circlet_count":0,"master_deck":["AscendersBane","Strike_G","Strike_G","Strike_G","Strike_G","Strike_G","Defend_G+1","Defend_G+1","Defend_G","Defend_G","Defend_G","Survivor+1","Neutralize+1","Dagger Spray+1","Poisoned Stab","Good Instincts+1","Masterful Stab","Dodge and Roll+1","Backflip+1","Backflip"],"relics":["Ring of the Snake","Omamori","Strawberry","Eternal Feather"],"acts_visited":["Exordium"],"potions_floor_usage":[11,16],"damage_taken":[{"damage":0,"enemies":"Small Slimes","floor":1,"turns":5},{"damage":0,"enemies":"2 Louse","floor":5,"turns":3},{"damage":11,"enemies":"Gremlin Nob","floor":6,"turns":4},{"damage":0,"enemies":"Jaw Worm","floor":8,"turns":3},{"damage":0,"enemies":"Exordium Wildlife","floor":11,"turns":3},{"damage":10,"enemies":"3 Sentries","floor":14,"turns":9},{"damage":23,"enemies":"Slime Boss","floor":16,"turns":13}],"seed_played":"8613926280432506544","potions_obtained":[{"floor":6,"key":"Energy Potion"},{"floor":8,"key":"Dexterity Potion"},{"floor":14,"key":"Regen Potion"}],"is_trial":false,"path_per_floor":["M","?","?","$","M","E","R","M","T","R","M","R","?","E","R","B"],"character_chosen":"THE_SILENT","items_purchased":["Good Instincts"],"campfire_rested":0,"item_purchase_floors":[4],"current_hp_per_floor":[59,59,39,39,39,28,28,28,35,35,35,35,35,25,37,14,14],"gold":147,"neow_bonus":"THREE_CARDS","is_daily":false,"chose_seed":false,"campfire_upgraded":4,"win_rate":0.0,"timestamp":1613481879,"path_taken":["M","?","?","?","M","E","R","M","T","R","?","R","?","E","R","BOSS"],"items_purchased_type":["Card"],"build_version":"2020-12-22","purchased_purges":0,"victory":false,"max_hp_per_floor":[66,66,66,66,66,66,66,66,73,73,73,73,73,73,73,73,73],"card_choices":[{"not_picked":["Accuracy","Underhanded Strike"],"picked":"Dagger Spray","floor":0},{"not_picked":["Dagger Throw","Tactician"],"picked":"Poisoned Stab","floor":1},{"not_picked":["Deadly Poison","Blade Dance"],"picked":"Masterful Stab","floor":5},{"not_picked":["Blade Dance","Outmaneuver"],"picked":"Dodge and Roll","floor":6},{"not_picked":["Blade Dance","Cloak And Dagger"],"picked":"Backflip","floor":8},{"not_picked":["Outmaneuver","Backflip","Masterful Stab"],"picked":"SKIP","floor":11},{"not_picked":["Escape Plan","Deflect"],"picked":"Backflip","floor":14}],"player_experience":597867,"relics_obtained":[{"floor":6,"key":"Omamori"},{"floor":9,"key":"Strawberry"},{"floor":14,"key":"Eternal Feather"}],"event_choices":[{"damage_healed":0,"gold_gain":0,"player_choice":"Grow","damage_taken":0,"max_hp_gain":0,"max_hp_loss":0,"event_name":"Living Wall","floor":2,"gold_loss":0,"cards_upgraded":["Neutralize"]},{"damage_healed":0,"gold_gain":0,"player_choice":"Entered Light","damage_taken":20,"max_hp_gain":0,"max_hp_loss":0,"event_name":"Shining Light","floor":3,"gold_loss":0,"cards_upgraded":["Defend_G","Defend_G"]},{"damage_healed":0,"gold_gain":0,"player_choice":"Upgraded","damage_taken":0,"max_hp_gain":0,"max_hp_loss":0,"event_name":"Upgrade Shrine","floor":13,"gold_loss":0,"cards_upgraded":["Survivor"]}],"is_beta":false,"boss_relics":[],"items_purged_floors":[],"is_endless":false,"potions_floor_spawned":[6,8,14],"killed_by":"Slime Boss","ascension_level":15}}