{"host":"uikxj58mzlixykyi","time":1613477816,"event":{"mods":["AchievementEnabler","BaseMod","BetterRewards","Colored Map","Colored Powertips","Downfall","Highlight Path","Minty Spire (QoL Compilation)","Rare Cards Sparkle","Replay The Spire","Shop Mod","StSLib"],"gold_per_floor":[99,116,130,144,163,174,174,174,24,35,52,52,71,87,105,183,183,183,196,207,207,307,136,136,136,151,165,165,175,175,195,215,291,291,291,305,305,305,321,321,321,32,56,73,73,87,87,87,103,103,103,103],"floor_reached":50,"language":"ENG","playtime":2367,"items_purged":["ReplayTheSpireMod:Splinters","Pain"],"score":729,"play_id":"c916222b-ced5-4676-b370-f3eb27497ce3","local_time":"20210216141656","is_ascension_mode":true,"campfire_choices":[{"floor":1,"key":"DIG"},{"data":"Slimebound:FirmFortitude","floor":12,"key":"SMITH"},{"floor":25,"key":"REST"},{"data":"Slimebound:Repurpose","floor":28,"key":"SMITH"},{"data":"Slimebound:Split","floor":35,"key":"SMITH"},{"data":"Slimebound:TagTeam","floor":40,"key":"SMITH"},{"floor":47,"key":"REST"}],"circlet_count":0,"master_deck":["AscendersBane","Slimebound:Strike_Slimebound","Slimebound:Strike_Slimebound","Slimebound:Strike_Slimebound","Slimebound:Tackle","Slimebound:Defend_Slimebound","Slimebound:Defend_Slimebound","Slimebound:Defend_Slimebound","Slimebound:Defend_Slimebound","Slimebound:Split+1","Slimebound:CorrosiveSpit","Slimebound:Darklings","Slimebound:Replication","Slimebound:SplitLeeching","Slimebound:FirmFortitude+1","Slimebound:FormOfPuddle","Slimebound:SplitLeeching","Slimebound:SplitMire","Slimebound:FormOfPuddle","Slimebound:TagTeam+1","Slimebound:SplitBruiser","Slimebound:SplitMire","Slimebound:Repurpose+1","Slimebound:LeadByExample","Slimebound:Teamwork","Slimebound:OozeBath","Slimebound:SplitMire+1","Writhe","Hallucinations","Slimebound:ProtectTheBoss+1","Slimebound:ServeAndProtect+1"],"relics":["Slimebound:AbsorbEndCombat","WingedGreaves","Slimebound:PotencyRelic","Torii","Omamori","bronze:MakeshiftBattery","MutagenicStrength","Ring of Peace","ReplayTheSpireMod:Ring of Exchange","Replay:Bottled Snecko","Runic Pyramid","downfall:ExtraCursedKey","Onion Ring","HornCleat","Toxic Egg 2","Pet Ghost"],"acts_visited":["Exordium","TheCity","TheBeyond"],"potions_floor_usage":[13,29,33,33,50,50],"damage_taken":[{"damage":2,"enemies":"Small Slimes","floor":2,"turns":4},{"damage":14,"enemies":"Jaw Worm","floor":3,"turns":3},{"damage":4,"enemies":"Cultist","floor":4,"turns":4},{"damage":13,"enemies":"Large Slime","floor":6,"turns":6},{"damage":7,"enemies":"3 Louse","floor":10,"turns":3},{"damage":1,"enemies":"2 Fungi Beasts","floor":11,"turns":4},{"damage":4,"enemies":"Blue Slaver","floor":13,"turns":3},{"damage":7,"enemies":"Lots of Slimes","floor":14,"turns":2},{"damage":12,"enemies":"3 Louse","floor":15,"turns":2},{"damage":48,"enemies":"WA_ARCHETYPE_RETAIN","floor":16,"turns":8},{"damage":31,"enemies":"3 Byrds","floor":19,"turns":4},{"damage":7,"enemies":"Chosen","floor":20,"turns":3},{"damage":0,"enemies":"downfall:FleeingMerchant","floor":23,"turns":4},{"damage":0,"enemies":"Sentry and Sphere","floor":26,"turns":5},{"damage":2,"enemies":"Snake Plant","floor":27,"turns":3},{"damage":8,"enemies":"Centurion and Healer","floor":29,"turns":4},{"damage":0,"enemies":"Snecko","floor":31,"turns":4},{"damage":0,"enemies":"Chosen and Byrds","floor":32,"turns":4},{"damage":13,"enemies":"SI_MIRROR_ARCHETYPE","floor":33,"turns":10},{"damage":12,"enemies":"3 Darklings","floor":36,"turns":4},{"damage":3,"enemies":"3 Shapes","floor":39,"turns":5},{"damage":0,"enemies":"downfall:FleeingMerchant","floor":42,"turns":4},{"damage":18,"enemies":"3 Darklings","floor":44,"turns":4},{"damage":25,"enemies":"4 Shapes","floor":46,"turns":4},{"damage":0,"enemies":"Spire Growth","floor":49,"turns":5},{"damage":83,"enemies":"DF_ARCHETYPE_ORBS","floor":50,"turns":12}],"seed_played":"-4039212618626504232","potions_obtained":[{"floor":4,"key":"Block Potion"},{"floor":10,"key":"EntropicBrew"},{"floor":13,"key":"Languid Potion"},{"floor":16,"key":"LiquidMemories"},{"floor":29,"key":"EssenceOfSteel"},{"floor":33,"key":"Guardian:BlockOnCardUsePotion"}],"is_trial":false,"path_per_floor":["R_BF","M","M","M","?","M","T","T","?","M","M","R","M","M","M","B",null,"R_BF","M","M","?","?","$","T","R","M","M","R","M","?","M","M","B",null,"R","M","?","?","M","R","T","$","?","M","$","M","R","?","M","B"],"character_chosen":"SLIMEBOUND","items_purchased":["Slimebound:Repurpose","HornCleat","Toxic Egg 2"],"campfire_rested":2,"item_purchase_floors":[23,42,42],"current_hp_per_floor":[59,61,53,57,57,52,52,52,75,74,75,75,73,68,56,16,60,60,35,30,30,30,36,36,58,58,60,60,60,60,62,68,63,72,72,64,64,64,65,65,65,69,69,59,59,34,56,56,64,0,0,0],"gold":103,"neow_bonus":"ONE_RANDOM_RARE_CARD","is_daily":false,"chose_seed":false,"campfire_upgraded":4,"win_rate":0.0,"timestamp":1613477816,"path_taken":["R_BF","M","M","M","?","M","T","?","?","M","M","R","M","?","M","BOSS","R_BF","M","M","?","?","$","T","R","M","?","R","M","?","M","M","BOSS","R","M","?","?","?","R","T","$","?","M","$","M","R","?","M","BOSS"],"items_purchased_type":["Card","Relic","Relic"],"build_version":"2020-12-22","purchased_purges":2,"victory":false,"max_hp_per_floor":[65,65,65,65,65,65,65,65,75,75,75,75,75,75,75,75,75,75,75,75,75,75,75,75,75,75,75,75,75,75,75,75,75,75,75,75,75,75,75,75,75,75,75,75,75,75,75,75,75,75,75,75],"card_choices":[{"not_picked":["Slimebound:HauntingLick","Slimebound:Recollect","Slimebound:LeechingTouch"],"picked":"SKIP","floor":2},{"not_picked":["Slimebound:LeechEnergy","Slimebound:PressTheAttack"],"picked":"Slimebound:Replication","floor":3},{"not_picked":["Slimebound:FinishingTackle","Slimebound:Grow"],"picked":"Slimebound:SplitLeeching","floor":4},{"not_picked":["Slimebound:FormOfPuddle","Slimebound:LeechEnergy"],"picked":"Slimebound:SplitLeeching","floor":5},{"not_picked":["Slimebound:Equalize","Slimebound:LeechingTouch","Slimebound:Recollect"],"picked":"SKIP","floor":6},{"not_picked":["Slimebound:ViciousTackle","Slimebound:SamplingLick"],"picked":"Slimebound:FirmFortitude","floor":10},{"not_picked":["Slimebound:SamplingLick","Slimebound:AcidTongue"],"picked":"Slimebound:FormOfPuddle","floor":11},{"not_picked":["Slimebound:SlimeSpikes","Slimebound:SamplingLick"],"picked":"Slimebound:SplitLeeching","floor":13},{"not_picked":["Slimebound:GoopTackle","Slimebound:GoopSpray"],"picked":"Slimebound:SplitMire","floor":14},{"not_picked":["Slimebound:Prepare","Slimebound:SplitMire"],"picked":"Slimebound:FormOfPuddle","floor":15},{"not_picked":["Slimebound:WasteNot","Slimebound:DuplicatedForm"],"picked":"Slimebound:TagTeam","floor":16},{"not_picked":["Slimebound:Schlurp+1","Slimebound:SplitSpecialist"],"picked":"Slimebound:SplitBruiser","floor":19},{"not_picked":["Slimebound:HauntingLick","Slimebound:ForwardTackle"],"picked":"Slimebound:SplitMire","floor":20},{"not_picked":["Slimebound:ForwardTackle","Slimebound:FormOfPuddle","Slimebound:Schlurp"],"picked":"SKIP","floor":23},{"not_picked":["Slimebound:ViciousTackle","Slimebound:CheckThePlaybook","Slimebound:Chomp"],"picked":"SKIP","floor":26},{"not_picked":["Slimebound:ComboTackle","Slimebound:PressTheAttack","Slimebound:Replication"],"picked":"SKIP","floor":27},{"not_picked":["Slimebound:ServeAndProtect","Slimebound:SplitBruiser","Slimebound:GoopTackle"],"picked":"SKIP","floor":29},{"not_picked":["Slimebound:PressTheAttack","Slimebound:ItLooksTasty","Slimebound:LeechingTouch"],"picked":"SKIP","floor":31},{"not_picked":["Slimebound:PressTheAttack","Slimebound:LivingWall"],"picked":"Slimebound:LeadByExample","floor":32},{"not_picked":["Slimebound:DuplicatedForm","Slimebound:Recycling"],"picked":"Slimebound:Teamwork","floor":33},{"not_picked":["Slimebound:SplitAcid","Slimebound:PressTheAttack","Slimebound:TongueLash"],"picked":"SKIP","floor":36},{"not_picked":["Slimebound:SplitMire","Slimebound:TongueLash","Slimebound:SlimeSpikes"],"picked":"SKIP","floor":39},{"not_picked":["Slimebound:ComboTackle","Slimebound:PressTheAttack"],"picked":"Slimebound:SplitMire+1","floor":42},{"not_picked":["Slimebound:PressTheAttack","Slimebound:SlimeSpikes+1"],"picked":"Slimebound:ProtectTheBoss+1","floor":44},{"not_picked":["Slimebound:BestDefense","Slimebound:Grow"],"picked":"Slimebound:ServeAndProtect+1","floor":46},{"not_picked":["Slimebound:SlimeSpikes+1","Slimebound:Schlurp+1","Slimebound:ItLooksTasty"],"picked":"SKIP","floor":49}],"player_experience":194628,"relics_obtained":[{"floor":1,"key":"WingedGreaves"},{"floor":5,"key":"Slimebound:PotencyRelic"},{"floor":7,"key":"Torii"},{"floor":8,"key":"Omamori"},{"floor":21,"key":"Ring of Peace"},{"floor":21,"key":"ReplayTheSpireMod:Ring of Exchange"},{"floor":24,"key":"Replay:Bottled Snecko"},{"floor":41,"key":"Onion Ring"},{"floor":43,"key":"Pet Ghost"}],"event_choices":[{"damage_healed":0,"gold_gain":0,"player_choice":"Inject Mutagens","damage_taken":0,"relics_obtained":["MutagenicStrength"],"max_hp_gain":0,"max_hp_loss":0,"event_name":"Drug Dealer","floor":18,"gold_loss":0},{"damage_healed":0,"gold_gain":0,"player_choice":"Ignored","damage_taken":0,"max_hp_gain":0,"max_hp_loss":0,"event_name":"Vampires","floor":30,"gold_loss":0},{"damage_healed":0,"gold_gain":0,"player_choice":"Ignored","damage_taken":0,"max_hp_gain":0,"max_hp_loss":0,"event_name":"Mysterious Sphere","floor":38,"gold_loss":0},{"cards_removed":["Slimebound:SplitLeeching"],"damage_healed":0,"gold_gain":0,"player_choice":"Removed Skill","damage_taken":0,"max_hp_gain":0,"max_hp_loss":0,"event_name":"Falling","floor":48,"gold_loss":0}],"is_beta":false,"boss_relics":[{"not_picked":["Replay:Drink Me","Sozu"],"picked":"bronze:MakeshiftBattery"},{"not_picked":["OrangePellets","ReplayTheSpireMod:CursedCoin"],"picked":"Runic Pyramid"}],"items_purged_floors":[23,42],"is_endless":false,"potions_floor_spawned":[4,10,13,14,16,19,27,29,33,44,46,49],"killed_by":"DF_ARCHETYPE_ORBS","ascension_level":13}}