{"host":"43wsnxh97mgjl5zw","time":1613459936,"event":{"mods":["Aspiration","BaseMod","Colored Map","Colored Powertips","Downfall","Hubris","Minty Spire (QoL Compilation)","Quick Restart","Rare Cards Sparkle","Relic Sorter","Replay The Spire","StSLib"],"gold_per_floor":[112,112,125,145,145,188,188,204,204,204,279,279,312,333,333,423,423,441,441,491,507,521,565,203,203,203,222,243,18,18,18,18,18,18],"floor_reached":33,"language":"ENG","playtime":1300,"items_purged":["Strike_R"],"score":550,"play_id":"cdb1c2c3-db65-440d-a606-8dfae4b7c4de","local_time":"20210216091856","is_ascension_mode":true,"campfire_choices":[{"data":"Sever Soul","floor":7.0,"key":"SMITH"},{"data":"Iron Wave","floor":12.0,"key":"SMITH"},{"data":"Heavy Blade","floor":25.0,"key":"SMITH"},{"data":"Disarm","floor":32,"key":"SMITH"}],"circlet_count":0,"master_deck":["AscendersBane","Strike_R","Strike_R","Strike_R","Strike_R","Defend_R+1","Defend_R+1","Defend_R+1","Defend_R+1","Bash","Sever Soul+1","Iron Wave+1","Inflame","Shrug It Off+1","Spot Weakness","Heavy Blade+1","Impervious","Thunderclap","Heavy Blade+1","Disarm+1"],"relics":["Burning Blood","NeowsBlessing","Bloody Idol","hubris:Towel","Replay:Bottled Eggs","Replay:Bottled Flurry","Replay:Bottled Snecko","aspiration:PoetsPen_weak","aspiration:RitualStick","Bag of Marbles","Pear","hubris:BottledRain","PrismaticShard"],"acts_visited":["Exordium","TheCity"],"potions_floor_usage":[27,27,28,33,33],"damage_taken":[{"damage":0.0,"enemies":"Jaw Worm","floor":1.0,"turns":1.0},{"damage":0.0,"enemies":"Small Slimes","floor":3.0,"turns":1.0},{"damage":0.0,"enemies":"2 Louse","floor":4.0,"turns":1.0},{"damage":50.0,"enemies":"Lagavulin","floor":6.0,"turns":8.0},{"damage":0.0,"enemies":"Large Slime","floor":8.0,"turns":6.0},{"damage":10.0,"enemies":"3 Sentries","floor":13.0,"turns":8.0},{"damage":1.0,"enemies":"Blue Slaver","floor":14.0,"turns":4.0},{"damage":28.0,"enemies":"The Guardian","floor":16.0,"turns":11.0},{"damage":4.0,"enemies":"3 Byrds","floor":18.0,"turns":6.0},{"damage":23.0,"enemies":"Shell Parasite","floor":21.0,"turns":4.0},{"damage":8.0,"enemies":"Centurion and Healer","floor":22.0,"turns":7.0},{"damage":16.0,"enemies":"Gremlin Leader","floor":23.0,"turns":5.0},{"damage":11,"enemies":"Cultist and Chosen","floor":27,"turns":5},{"damage":16,"enemies":"Shelled Parasite and Fungi","floor":28,"turns":4},{"damage":25,"enemies":"Automaton","floor":33,"turns":6}],"seed_played":"5776975312973480388","potions_obtained":[{"floor":1.0,"key":"Fire Potion"},{"floor":6.0,"key":"Cursed Concoction"},{"floor":8.0,"key":"Regen Potion"},{"floor":13.0,"key":"Fire Potion"},{"floor":14.0,"key":"AttackPotion"},{"floor":21.0,"key":"SkillPotion"},{"floor":22.0,"key":"hexamod:SoulburnPotion"},{"floor":27,"key":"EntropicBrew"}],"is_trial":false,"path_per_floor":["M","?","M","M","?","E","R","M","T","?","?","R","E","M","R_BF","B",null,"M","?","?","M","M","E","$","R","T","M","M","$","?","?","R","B"],"character_chosen":"IRONCLAD","items_purchased":["Pear","PrismaticShard","Block Potion"],"campfire_rested":0,"item_purchase_floors":[24,29,29],"current_hp_per_floor":[74,68,68,68,68,24,24,30,30,30,19,19,30,35,55,33,59,61,44,44,27,25,15,25,25,25,20,10,10,10,10,10,0,0],"gold":18,"neow_bonus":"THREE_ENEMY_KILL","is_daily":false,"chose_seed":false,"campfire_upgraded":4,"win_rate":0.0,"timestamp":1613459936,"path_taken":["M","?","M","M","?","E","R","M","T","?","?","R","E","?","R_BF","BOSS","M","?","?","M","M","E","$","R","T","M","?","$","?","?","R","BOSS"],"items_purchased_type":["Relic","Relic","Potion"],"build_version":"2020-12-22","purchased_purges":1,"victory":false,"max_hp_per_floor":[75,68,68,68,68,68,68,68,68,68,68,68,68,68,68,68,68,68,68,68,68,68,68,78,78,78,78,78,78,78,78,78,78,78],"card_choices":[{"not_picked":["Rampage","Heavy Blade"],"picked":"Sever Soul","floor":1.0},{"not_picked":["Armaments","Run Through"],"picked":"Iron Wave","floor":3.0},{"not_picked":["Havoc","Replay:Undeath\u0027s Touch"],"picked":"Inflame","floor":4.0},{"not_picked":["Second Wind","Flex","Dropkick"],"picked":"SKIP","floor":6.0},{"not_picked":["Second Wind","Flex","Dropkick"],"picked":"SKIP","floor":6.0},{"not_picked":["Pommel Strike","Second Wind"],"picked":"Shrug It Off","floor":8.0},{"not_picked":["Body Slam","Dark Embrace"],"picked":"Spot Weakness","floor":13.0},{"not_picked":["Combust","Perfected Strike"],"picked":"Heavy Blade","floor":14.0},{"not_picked":["Feed","hubris:StunningStrike"],"picked":"Impervious","floor":16.0},{"not_picked":["Blood for Blood","Cleave","Rupture+1"],"picked":"SKIP","floor":18.0},{"not_picked":["Clash","Armaments"],"picked":"Thunderclap","floor":21.0},{"not_picked":["Warcry","ReplayTheSpireMod:Strike From Hell","Clothesline"],"picked":"SKIP","floor":22.0},{"not_picked":["hubris:ReadiedAction","Armaments"],"picked":"Heavy Blade","floor":23.0},{"not_picked":["Sever Soul+1","Berserk","Entrench"],"picked":"SKIP","floor":27},{"not_picked":["Shrug It Off+1","Rage"],"picked":"Disarm","floor":28}],"player_experience":1249890,"relics_obtained":[{"floor":6.0,"key":"Replay:Bottled Eggs"},{"floor":9.0,"key":"Replay:Bottled Flurry"},{"floor":13.0,"key":"Replay:Bottled Snecko"},{"floor":23.0,"key":"Bag of Marbles"},{"floor":26.0,"key":"hubris:BottledRain"}],"event_choices":[{"damage_healed":0.0,"max_hp_gain":0.0,"max_hp_loss":7.0,"gold_gain":0.0,"event_name":"Golden Idol","player_choice":"Lose Max HP","floor":2.0,"gold_loss":0.0,"damage_taken":0.0,"relics_obtained":["Golden Idol"]},{"damage_healed":0.0,"max_hp_gain":0.0,"max_hp_loss":0.0,"gold_gain":0.0,"event_name":"Living Wall","player_choice":"Grow","floor":10.0,"gold_loss":0.0,"damage_taken":0.0,"cards_upgraded":["Shrug It Off"]},{"damage_healed":0.0,"max_hp_gain":0.0,"max_hp_loss":0.0,"gold_gain":75.0,"event_name":"World of Goop","player_choice":"Gather Gold","floor":11.0,"gold_loss":0.0,"damage_taken":11.0},{"damage_healed":0.0,"max_hp_gain":0.0,"max_hp_loss":0.0,"gold_gain":50.0,"event_name":"Nest","player_choice":"Stole From Cult","floor":20.0,"gold_loss":0.0,"damage_taken":0.0},{"damage_healed":0,"gold_gain":0,"player_choice":"Gave Idol","damage_taken":0,"relics_obtained":["Bloody Idol"],"max_hp_gain":0,"max_hp_loss":0,"event_name":"Forgotten Altar","floor":30,"relics_lost":["Golden Idol"],"gold_loss":0}],"is_beta":false,"boss_relics":[{"not_picked":["Ooze Armor","Fusion Hammer"],"picked":"aspiration:PoetsPen_weak"}],"items_purged_floors":[24],"is_endless":false,"potions_floor_spawned":[1,6,8,13,14,21,22,27],"killed_by":"Automaton","ascension_level":20}}