{"host":"3knbl8zxdy69ze8y","time":1613477573,"event":{"mods":["BaseMod","Colored Map","Minty Spire (QoL Compilation)","StSLib","The Widow"],"gold_per_floor":[114,114,166,176,34,34,50,82,82,157,157,182,182,75,75,178,178,193,213,213,228,238,269,269,301,301,315,315,345,355,369,369,472,472,483,533,533,543,553,578,588,604,604,604,302,302,317,103,103,103,103,103,68,99,99],"floor_reached":56,"language":"ENG","playtime":9616,"items_purged":["theWidow:StrikeWidow","theWidow:BackupBattery+1"],"score":1247,"play_id":"49fc7617-328e-4776-ad76-5a8892b04de4","local_time":"20210216041253","is_ascension_mode":false,"campfire_choices":[{"data":"theWidow:HydraulicLimbs","floor":6.0,"key":"SMITH"},{"data":"theWidow:Desperation","floor":11.0,"key":"SMITH"},{"data":"theWidow:Scrapper","floor":15.0,"key":"SMITH"},{"data":"theWidow:Steelweave","floor":24.0,"key":"SMITH"},{"floor":32.0,"key":"REST"},{"floor":44.0,"key":"REST"},{"floor":46.0,"key":"RECALL"},{"data":"1","floor":49,"key":"LIFT"},{"data":"2","floor":52,"key":"LIFT"}],"circlet_count":0,"master_deck":["theWidow:StrikeWidow","theWidow:StrikeWidow","theWidow:StrikeWidow","theWidow:DefendWidow","theWidow:DefendWidow","theWidow:DefendWidow","theWidow:DefendWidow","theWidow:Steelweave+1","theWidow:StringShot","theWidow:HydraulicLimbs+1","theWidow:Spiderbite","theWidow:Desperation+1","theWidow:Spiderbite","theWidow:Scrapper+1","theWidow:Lace","theWidow:LaserRay+1","theWidow:OmniCannon+1","theWidow:Restock+1","theWidow:UnstableCell+1","theWidow:EggClutch","theWidow:EggClutch+1","theWidow:Opportunist+1","theWidow:InForTheKill+1","theWidow:Distill+1","theWidow:Stinger+1","theWidow:BlackVenom+1","theWidow:Forge+1","theWidow:Entrap+1","theWidow:FusionScythe+1","theWidow:Gash+1","theWidow:RocketDash+3","theWidow:JunkHeap","theWidow:Infect","theWidow:Gash","theWidow:BioInformatics+3"],"relics":["theWidow:CyberheartRelic","Eternal Feather","Bottled Tornado","Orichalcum","theWidow:SewingKitRelic","Snecko Eye","Letter Opener","Pen Nib","Toy Ornithopter","Lantern","Ice Cream","theWidow:HoloProjectorRelic","Turnip","Girya","Centennial Puzzle","Bronze Scales","Pantograph"],"acts_visited":["Exordium","TheCity","TheBeyond","TheEnding"],"potions_floor_usage":[50,54,55,55,55,55],"damage_taken":[{"damage":0.0,"enemies":"2 Louse","floor":1.0,"turns":4.0},{"damage":5.0,"enemies":"Small Slimes","floor":4.0,"turns":3.0},{"damage":3.0,"enemies":"Jaw Worm","floor":7.0,"turns":3.0},{"damage":5.0,"enemies":"Lagavulin","floor":8.0,"turns":7.0},{"damage":13.0,"enemies":"Gremlin Nob","floor":12.0,"turns":4.0},{"damage":10.0,"enemies":"The Guardian","floor":16.0,"turns":10.0},{"damage":2.0,"enemies":"2 Thieves","floor":18.0,"turns":2.0},{"damage":0.0,"enemies":"3 Byrds","floor":19.0,"turns":2.0},{"damage":0.0,"enemies":"3 Cultists","floor":21.0,"turns":3.0},{"damage":2.0,"enemies":"Cultist and Chosen","floor":22.0,"turns":4.0},{"damage":25.0,"enemies":"Slavers","floor":23.0,"turns":3.0},{"damage":15.0,"enemies":"Gremlin Leader","floor":25.0,"turns":4.0},{"damage":2.0,"enemies":"Centurion and Healer","floor":27.0,"turns":2.0},{"damage":0.0,"enemies":"Slavers","floor":29.0,"turns":1.0},{"damage":0.0,"enemies":"Snecko","floor":30.0,"turns":2.0},{"damage":29.0,"enemies":"Snake Plant","floor":31.0,"turns":4.0},{"damage":21.0,"enemies":"Champ","floor":33.0,"turns":7.0},{"damage":15.0,"enemies":"3 Darklings","floor":35.0,"turns":5.0},{"damage":0.0,"enemies":"Mind Bloom Boss Battle","floor":36.0,"turns":6.0},{"damage":0.0,"enemies":"Orb Walker","floor":38.0,"turns":2.0},{"damage":14.0,"enemies":"Maw","floor":39.0,"turns":7.0},{"damage":38.0,"enemies":"Nemesis","floor":40.0,"turns":7.0},{"damage":12.0,"enemies":"4 Shapes","floor":41.0,"turns":2.0},{"damage":15.0,"enemies":"Transient","floor":42.0,"turns":5.0},{"damage":0.0,"enemies":"Maw","floor":47.0,"turns":8.0},{"damage":45,"enemies":"Awakened One","floor":50,"turns":9},{"damage":11,"enemies":"Shield and Spear","floor":54,"turns":3},{"damage":79,"enemies":"The Heart","floor":55,"turns":8}],"seed_played":"4865631840440747506","potions_obtained":[{"floor":4.0,"key":"Regen Potion"},{"floor":12.0,"key":"EssenceOfSteel"},{"floor":19.0,"key":"ColorlessPotion"},{"floor":22.0,"key":"Energy Potion"},{"floor":27.0,"key":"Energy Potion"},{"floor":31.0,"key":"Ancient Potion"},{"floor":42.0,"key":"theWidow:NeurostimulantPotion"},{"floor":47.0,"key":"DistilledChaos"}],"is_trial":false,"path_per_floor":["M","?","?","M","$","R","M","E","T","?","R","E","?","$","R","B",null,"M","M","T","M","M","E","R","E","T","M","?","E","M","M","R","B",null,"M","?","?","M","M","E","M","M","T","R","$","R","M","$","R","B",null,"R","$","E","B",null],"character_chosen":"THE_WIDOW","items_purchased":["theWidow:Scrapper","theWidow:Lace","theWidow:LaserRay+1","theWidow:JunkHeap","Centennial Puzzle","theWidow:Infect","Bronze Scales","theWidow:Gash"],"campfire_rested":2,"item_purchase_floors":[5,14,14,45,45,48,48,53],"current_hp_per_floor":[75,68,68,63,63,72,69,64,64,53,62,49,49,49,58,48,75,73,73,73,73,71,46,58,43,43,41,27,27,37,8,47,46,80,65,65,65,65,56,23,16,1,1,43,43,61,76,76,80,40,80,80,80,74,10],"gold":99,"neow_bonus":"THREE_CARDS","is_daily":false,"chose_seed":false,"campfire_upgraded":4,"win_rate":0.0,"timestamp":1613477573,"path_taken":["M","?","?","M","$","R","M","E","T","?","R","E","?","$","R","BOSS","M","?","?","M","M","E","R","E","T","?","?","E","M","M","R","BOSS","M","?","?","?","M","E","M","M","T","R","$","R","M","?","R","BOSS","R","$","E","BOSS"],"items_purchased_type":["Card","Card","Card","Card","Relic","Card","Relic","Card"],"build_version":"2020-12-22","purchased_purges":2,"victory":true,"max_hp_per_floor":[75,75,75,75,75,75,75,75,75,75,75,75,75,75,75,75,75,75,75,75,75,75,75,75,75,75,75,80,80,80,80,80,80,80,80,80,80,80,80,80,80,80,80,80,80,80,80,80,80,80,80,80,80,80,80],"card_choices":[{"not_picked":["theWidow:Grenadier","theWidow:Underfoot"],"picked":"theWidow:Spiderbite","floor":0.0},{"not_picked":["theWidow:ExplosiveKick","theWidow:Toxic"],"picked":"theWidow:Desperation","floor":1.0},{"not_picked":["theWidow:Weld","theWidow:MetalBurrs"],"picked":"theWidow:Spiderbite","floor":4.0},{"not_picked":["theWidow:Harden","theWidow:Opportunist","theWidow:ExtraCompartment"],"picked":"SKIP","floor":7.0},{"not_picked":["theWidow:Weld","theWidow:ImprobabilityDrive"],"picked":"theWidow:BackupBattery","floor":8.0},{"not_picked":["theWidow:Underfoot","theWidow:ImprovisedExplosive","theWidow:Grenadier"],"picked":"SKIP","floor":12.0},{"not_picked":["theWidow:FiberglassDagger+1","theWidow:Unstoppable"],"picked":"theWidow:OmniCannon+1","floor":16.0},{"not_picked":["theWidow:ImprovisedExplosive","theWidow:SelfImprovement+1"],"picked":"theWidow:Restock+1","floor":18.0},{"not_picked":["theWidow:Harden+1","theWidow:VenomStrike"],"picked":"theWidow:UnstableCell+1","floor":19.0},{"not_picked":["theWidow:ImprovisedExplosive","theWidow:JunkHeap"],"picked":"theWidow:EggClutch","floor":21.0},{"not_picked":["theWidow:ImprovisedExplosive","theWidow:Entrap+1"],"picked":"theWidow:EggClutch+1","floor":22.0},{"not_picked":["theWidow:Lace+1","theWidow:DischargeBattery+1"],"picked":"theWidow:Opportunist+1","floor":23.0},{"not_picked":["theWidow:Chemistry+1","theWidow:Desperation+1"],"picked":"theWidow:InForTheKill+1","floor":25.0},{"not_picked":["theWidow:Nanobots","theWidow:Toxic","theWidow:UnstableCell"],"picked":"SKIP","floor":27.0},{"not_picked":["theWidow:Grenadier","theWidow:SelfImprovement+1"],"picked":"theWidow:Distill","floor":29.0},{"not_picked":["theWidow:Toxic","theWidow:UnstableCell","theWidow:Ironthread+1"],"picked":"SKIP","floor":30.0},{"not_picked":["theWidow:Spiderbite+1","theWidow:Desperation+1"],"picked":"theWidow:Stinger+1","floor":31.0},{"not_picked":["theWidow:ImprobabilityDrive+2","theWidow:Distill+1"],"picked":"theWidow:BlackVenom+1","floor":33.0},{"not_picked":["theWidow:Grenadier+1","theWidow:UnstableCell+1","theWidow:Harden+2"],"picked":"SKIP","floor":35.0},{"not_picked":["theWidow:LaserRay+3","theWidow:Desperation+1"],"picked":"theWidow:Forge+1","floor":36.0},{"not_picked":["theWidow:ExtraCompartment","theWidow:Underfoot+1","theWidow:Stinger+1"],"picked":"SKIP","floor":38.0},{"not_picked":["theWidow:EggClutch+1","theWidow:Toxic+1"],"picked":"theWidow:Entrap+1","floor":39.0},{"not_picked":["theWidow:Scrapper+1","theWidow:Stinger+1"],"picked":"theWidow:FusionScythe+1","floor":40.0},{"not_picked":["theWidow:Opportunist+1","theWidow:UnstableCell+2"],"picked":"theWidow:Gash+1","floor":41.0},{"not_picked":["theWidow:Lair+1","theWidow:MetalBurrs+1"],"picked":"theWidow:RocketDash+3","floor":42.0},{"not_picked":["theWidow:RocketDash+3","theWidow:Entrap+1","theWidow:Desperation+1"],"picked":"SKIP","floor":47.0},{"not_picked":["theWidow:Stinger+1","theWidow:Injection+1"],"picked":"theWidow:BioInformatics+3","floor":54}],"player_experience":784440,"relics_obtained":[{"floor":8.0,"key":"Bottled Tornado"},{"floor":9.0,"key":"Orichalcum"},{"floor":12.0,"key":"theWidow:SewingKitRelic"},{"floor":20.0,"key":"Letter Opener"},{"floor":23.0,"key":"Pen Nib"},{"floor":25.0,"key":"Toy Ornithopter"},{"floor":26.0,"key":"Lantern"},{"floor":29.0,"key":"Ice Cream"},{"floor":36.0,"key":"Turnip"},{"floor":40.0,"key":"Girya"},{"floor":54,"key":"Pantograph"}],"event_choices":[{"damage_healed":0.0,"max_hp_gain":0.0,"max_hp_loss":0.0,"gold_gain":0.0,"event_name":"Scrap Ooze","player_choice":"Success","floor":2.0,"gold_loss":0.0,"damage_taken":7.0,"relics_obtained":["Eternal Feather"]},{"damage_healed":0.0,"max_hp_gain":0.0,"max_hp_loss":0.0,"gold_gain":52.0,"event_name":"Golden Wing","player_choice":"Gained Gold","floor":3.0,"gold_loss":0.0,"damage_taken":0.0},{"damage_healed":0.0,"max_hp_gain":0.0,"max_hp_loss":0.0,"gold_gain":75.0,"event_name":"World of Goop","player_choice":"Gather Gold","floor":10.0,"gold_loss":0.0,"damage_taken":11.0},{"cards_removed":["theWidow:StrikeWidow"],"damage_healed":0.0,"max_hp_gain":0.0,"max_hp_loss":0.0,"gold_gain":0.0,"event_name":"Purifier","player_choice":"Purged","floor":13.0,"gold_loss":0.0,"damage_taken":0.0},{"damage_healed":0.0,"max_hp_gain":5.0,"max_hp_loss":0.0,"gold_gain":0.0,"event_name":"Forgotten Altar","player_choice":"Shed Blood","floor":28.0,"gold_loss":0.0,"damage_taken":19.0},{"damage_healed":0.0,"max_hp_gain":0.0,"max_hp_loss":0.0,"gold_gain":0.0,"event_name":"MindBloom","player_choice":"Fight","floor":36.0,"gold_loss":0.0,"damage_taken":0.0},{"damage_healed":0.0,"max_hp_gain":0.0,"max_hp_loss":0.0,"gold_gain":0.0,"event_name":"NoteForYourself","player_choice":"Ignored","floor":37.0,"gold_loss":0.0,"damage_taken":0.0}],"is_beta":false,"boss_relics":[{"not_picked":["Tiny House","Ectoplasm","SacredBark"]},{"not_picked":["Philosopher\u0027s Stone","Runic Dome"],"picked":"theWidow:HoloProjectorRelic"}],"items_purged_floors":[5,45],"is_endless":false,"potions_floor_spawned":[4,12,19,22,27,31,33,35,39,42,47],"ascension_level":0}}