{"host":"rw1trt79hfpl7pom","time":1613438389,"event":{"mods":["BaseMod","Bestiary","Colored Map","Jorbs\u0027s Wanderer Trilogy","Minty Spire (QoL Compilation)","Relic Stats","StSLib","SuperFastMode"],"gold_per_floor":[115,115,115,190,23,54,54,81,133,157,157,157,198,211,211,296,296,308,348,291,40,55,97,22,69,69,114,114,143,169,169,169,255,255,265,276,7,18,18,18,18,18,18,59,71,71,107,123,123,123,123,123,123,2,36,36],"floor_reached":57,"language":"ENG","playtime":3298,"items_purged":["stsjorbsmod:Strike_Wanderer","stsjorbsmod:Defend_Wanderer"],"score":3379,"play_id":"1374debe-9f0b-4bc5-9175-41d783ce84fd","local_time":"20210215171949","is_ascension_mode":true,"campfire_choices":[{"floor":7.0,"key":"REST"},{"data":"stsjorbsmod:Introspection","floor":12.0,"key":"SMITH"},{"data":"stsjorbsmod:EyeOfTheStorm","floor":15.0,"key":"SMITH"},{"data":"stsjorbsmod:Patron","floor":28.0,"key":"SMITH"},{"data":"stsjorbsmod:MirrorImage","floor":32.0,"key":"SMITH"},{"data":"stsjorbsmod:MirrorImage","floor":40.0,"key":"SMITH"},{"floor":42.0,"key":"RECALL"},{"data":"stsjorbsmod:WeightOfMemory","floor":46,"key":"SMITH"},{"data":"stsjorbsmod:MirrorImage","floor":49,"key":"SMITH"},{"data":"stsjorbsmod:BookOfTongues","floor":53,"key":"SMITH"}],"circlet_count":0,"master_deck":["AscendersBane","stsjorbsmod:ForbiddenGrimoire+1","stsjorbsmod:Defend_Wanderer+1","stsjorbsmod:FreshAdventure","stsjorbsmod:EyeOfTheStorm+1","stsjorbsmod:FranticSearch","stsjorbsmod:FaerieFire","stsjorbsmod:Introspection+1","stsjorbsmod:Hibernate","stsjorbsmod:LoseGrip","stsjorbsmod:ColorSpray","stsjorbsmod:MirrorImage+1","stsjorbsmod:FlameWard","stsjorbsmod:Thorns","stsjorbsmod:DoubleCheck","stsjorbsmod:ArcaneForm","stsjorbsmod:RayOfFrost","stsjorbsmod:WeightOfMemory+1","stsjorbsmod:MirrorImage+1","stsjorbsmod:BookOfTongues+1","stsjorbsmod:FlameWard","stsjorbsmod:Rest","stsjorbsmod:MirrorImage+1","stsjorbsmod:BookOfTongues+1"],"relics":["stsjorbsmod:GrimoireRelic","NeowsBlessing","Pen Nib","Membership Card","Anchor","Ornamental Fan","CeramicFish","stsjorbsmod:MindPalaceRelic","Snecko Eye","Red Mask","Singing Bowl","Toy Ornithopter","PreservedInsect","Regal Pillow","CaptainsWheel","Philosopher\u0027s Stone","Mummified Hand","Lee\u0027s Waffle","Akabeko","Kunai","DollysMirror","Lantern"],"acts_visited":["Exordium","TheCity","TheBeyond","TheEnding"],"potions_floor_usage":[56,56],"damage_taken":[{"damage":0.0,"enemies":"Small Slimes","floor":1.0,"turns":1.0},{"damage":0.0,"enemies":"Lagavulin","floor":6.0,"turns":3.0},{"damage":0.0,"enemies":"3 Sentries","floor":8.0,"turns":2.0},{"damage":0.0,"enemies":"Jaw Worm","floor":10.0,"turns":3.0},{"damage":17.0,"enemies":"Lagavulin","floor":13.0,"turns":8.0},{"damage":0.0,"enemies":"2 Louse","floor":14.0,"turns":2.0},{"damage":15.0,"enemies":"Hexaghost","floor":16.0,"turns":7.0},{"damage":3.0,"enemies":"Chosen","floor":18.0,"turns":4.0},{"damage":13.0,"enemies":"Masked Bandits","floor":19.0,"turns":4.0},{"damage":2.0,"enemies":"3 Byrds","floor":22.0,"turns":2.0},{"damage":3.0,"enemies":"Book of Stabbing","floor":23.0,"turns":6.0},{"damage":5.0,"enemies":"Slavers","floor":25.0,"turns":4.0},{"damage":5.0,"enemies":"Book of Stabbing","floor":27.0,"turns":4.0},{"damage":4.0,"enemies":"Snake Plant","floor":29.0,"turns":4.0},{"damage":1.0,"enemies":"Gremlin Leader","floor":30.0,"turns":4.0},{"damage":31.0,"enemies":"Automaton","floor":33.0,"turns":7.0},{"damage":2.0,"enemies":"3 Shapes","floor":35.0,"turns":3.0},{"damage":2.0,"enemies":"3 Darklings","floor":36.0,"turns":3.0},{"damage":6.0,"enemies":"Transient","floor":38.0,"turns":6.0},{"damage":4,"enemies":"Giant Head","floor":44,"turns":7},{"damage":2,"enemies":"Spire Growth","floor":45,"turns":4},{"damage":3,"enemies":"Reptomancer","floor":47,"turns":3},{"damage":2,"enemies":"Writhing Mass","floor":48,"turns":4},{"damage":28,"enemies":"Donu and Deca","floor":50,"turns":7},{"damage":42,"enemies":"Time Eater","floor":51,"turns":9},{"damage":0,"enemies":"Shield and Spear","floor":55,"turns":6},{"damage":57,"enemies":"The Heart","floor":56,"turns":9}],"seed_played":"-7732752745484441972","potions_obtained":[{"floor":1.0,"key":"SkillPotion"},{"floor":10.0,"key":"Ancient Potion"},{"floor":19.0,"key":"Block Potion"},{"floor":22.0,"key":"SmokeBomb"},{"floor":27.0,"key":"DistilledChaos"},{"floor":38.0,"key":"ColorlessPotion"},{"floor":47,"key":"Dexterity Potion"}],"is_trial":false,"path_per_floor":["M","?","?","?","$","E","R","E","T","M","?","R","E","M","R","B",null,"M","?","?","$","M","E","?","E","T","E","R","M","E","?","R","B",null,"M","M","$","M","?","R","$","R","T","E","M","R","E","M","R","B","B",null,"R","$","E","B",null],"character_chosen":"WANDERER","items_purchased":["Membership Card","stsjorbsmod:ArcaneForm","Singing Bowl","Mummified Hand","stsjorbsmod:BookOfTongues","stsjorbsmod:FlameWard","Lee\u0027s Waffle","DollysMirror"],"campfire_rested":1,"item_purchase_floors":[5,21,21,37,37,37,37,54],"current_hp_per_floor":[59,59,24,13,13,15,34,37,37,39,32,32,15,16,16,4,51,51,42,42,42,47,53,53,62,62,71,71,76,84,60,60,29,74,77,82,100,102,98,98,98,98,98,103,110,110,112,114,114,86,44,97,97,97,105,58],"gold":36,"neow_bonus":"THREE_ENEMY_KILL","is_daily":false,"chose_seed":false,"campfire_upgraded":8,"win_rate":0.0,"timestamp":1613438389,"path_taken":["M","?","?","?","$","E","R","E","T","M","?","R","E","M","R","BOSS","M","?","?","$","?","E","?","E","T","E","R","M","E","?","R","BOSS","M","M","$","M","?","R","$","R","T","E","M","R","E","M","R","BOSS","BOSS","R","$","E","BOSS"],"items_purchased_type":["Relic","Card","Relic","Relic","Card","Card","Relic","Relic"],"build_version":"2020-12-22","purchased_purges":2,"victory":true,"max_hp_per_floor":[64,64,64,64,64,64,64,66,66,66,66,66,66,66,66,66,66,66,66,66,66,68,70,70,76,76,78,78,80,84,89,89,89,89,91,93,100,102,108,108,108,108,108,110,112,112,112,114,114,114,114,114,114,114,116,116],"relic_stats":{"Regal Pillow":0,"Lee\u0027s Waffle":18,"Singing Bowl":24,"counters":[27,126],"CeramicFish":144,"Pen Nib":[16],"PreservedInsect":359,"Ornamental Fan":[52],"Mummified Hand":[67],"Snecko Eye":[190,171,169,149],"Kunai":[5],"obtain_stats":[{"Regal Pillow":27,"Lee\u0027s Waffle":37,"Lantern":55,"NeowsBlessing":0,"Singing Bowl":21,"CeramicFish":9,"stsjorbsmod:GrimoireRelic":0,"Pen Nib":3,"PreservedInsect":26,"stsjorbsmod:MindPalaceRelic":13,"Akabeko":44,"Anchor":6,"CaptainsWheel":30,"Ornamental Fan":8,"Mummified Hand":37,"DollysMirror":54,"Snecko Eye":17,"Philosopher\u0027s Stone":34,"Red Mask":19,"Membership Card":5,"Kunai":47,"Toy Ornithopter":23},{"Regal Pillow":13,"Lee\u0027s Waffle":18,"Lantern":26,"NeowsBlessing":0,"Singing Bowl":9,"CeramicFish":3,"stsjorbsmod:GrimoireRelic":0,"Pen Nib":1,"PreservedInsect":12,"stsjorbsmod:MindPalaceRelic":5,"Akabeko":20,"Anchor":2,"CaptainsWheel":15,"Ornamental Fan":3,"Mummified Hand":18,"DollysMirror":25,"Snecko Eye":7,"Philosopher\u0027s Stone":16,"Red Mask":9,"Membership Card":1,"Kunai":22,"Toy Ornithopter":11},{"Regal Pillow":50,"Lee\u0027s Waffle":71,"Lantern":117,"NeowsBlessing":0,"Singing Bowl":34,"CeramicFish":6,"stsjorbsmod:GrimoireRelic":0,"Pen Nib":1,"PreservedInsect":46,"stsjorbsmod:MindPalaceRelic":17,"Akabeko":84,"Anchor":4,"CaptainsWheel":58,"Ornamental Fan":6,"Mummified Hand":71,"DollysMirror":111,"Snecko Eye":26,"Philosopher\u0027s Stone":65,"Red Mask":34,"Membership Card":1,"Kunai":91,"Toy Ornithopter":42}],"Toy Ornithopter":15},"card_choices":[{"not_picked":["stsjorbsmod:Mania","stsjorbsmod:MageArmor"],"picked":"stsjorbsmod:FranticSearch","floor":1.0},{"not_picked":["stsjorbsmod:Prepare","stsjorbsmod:ChainLightning"],"picked":"stsjorbsmod:Introspection","floor":6.0},{"not_picked":["stsjorbsmod:Channel","stsjorbsmod:WeightOfMemory"],"picked":"stsjorbsmod:Hibernate","floor":8.0},{"not_picked":["stsjorbsmod:Inferno","stsjorbsmod:Mindworm"],"picked":"stsjorbsmod:LoseGrip","floor":10.0},{"not_picked":["stsjorbsmod:Hurt","stsjorbsmod:Pyromancy"],"picked":"stsjorbsmod:ColorSpray","floor":13.0},{"not_picked":["stsjorbsmod:Firebolt","stsjorbsmod:ChainLightning","stsjorbsmod:UnseenServant"],"picked":"SKIP","floor":14.0},{"not_picked":["stsjorbsmod:Withdraw","stsjorbsmod:ThirstingSword"],"picked":"stsjorbsmod:MirrorImage","floor":16.0},{"not_picked":["stsjorbsmod:ParryingBlow","stsjorbsmod:FaerieFire","stsjorbsmod:Message"],"picked":"SKIP","floor":18.0},{"not_picked":["stsjorbsmod:ChatteringStrike","stsjorbsmod:BurningFlask+1"],"picked":"stsjorbsmod:FlameWard","floor":19.0},{"not_picked":["stsjorbsmod:ParryingBlow","stsjorbsmod:LoseGrip","stsjorbsmod:Channel"],"picked":"Singing Bowl","floor":22.0},{"not_picked":["stsjorbsmod:BurningFlask","stsjorbsmod:Will"],"picked":"stsjorbsmod:Patron","floor":23.0},{"not_picked":["stsjorbsmod:Message","stsjorbsmod:OldPocket"],"picked":"stsjorbsmod:RayOfFrost","floor":25.0},{"not_picked":["stsjorbsmod:HoldMonster","stsjorbsmod:Mending","stsjorbsmod:RefuseToForget"],"picked":"Singing Bowl","floor":27.0},{"not_picked":["stsjorbsmod:BlackTentacles","stsjorbsmod:Channel"],"picked":"stsjorbsmod:WeightOfMemory","floor":29.0},{"not_picked":["stsjorbsmod:Materialize","stsjorbsmod:ArcaneWeapon","stsjorbsmod:Prestidigitation"],"picked":"Singing Bowl","floor":30.0},{"not_picked":["stsjorbsmod:Fear","stsjorbsmod:ThirstingSword"],"picked":"stsjorbsmod:MirrorImage","floor":33.0},{"not_picked":["stsjorbsmod:RefuseToForget+1","stsjorbsmod:Will","stsjorbsmod:Introspection"],"picked":"Singing Bowl","floor":35.0},{"not_picked":["stsjorbsmod:Mending","stsjorbsmod:RayOfFrost","stsjorbsmod:Prepare+1"],"picked":"Singing Bowl","floor":36.0},{"not_picked":["stsjorbsmod:Message","stsjorbsmod:Prestidigitation","stsjorbsmod:BlackTentacles"],"picked":"Singing Bowl","floor":38.0},{"not_picked":["Master of Strategy","Blind","Magnetism"],"picked":"Singing Bowl","floor":39.0},{"not_picked":["Magnetism","Finesse","Good Instincts"],"picked":"Singing Bowl","floor":39.0},{"not_picked":["Deep Breath","Secret Weapon","Panache"],"picked":"Singing Bowl","floor":39.0},{"not_picked":["stsjorbsmod:Thorns","stsjorbsmod:WanderingMind"],"picked":"stsjorbsmod:Rest","floor":44},{"not_picked":["stsjorbsmod:Materialize","stsjorbsmod:DoubleCheck+1","stsjorbsmod:TollTheDead"],"picked":"Singing Bowl","floor":45},{"not_picked":["stsjorbsmod:DisguiseSelf","stsjorbsmod:ParryingBlow"],"picked":"stsjorbsmod:MirrorImage","floor":47},{"not_picked":["stsjorbsmod:Mania","stsjorbsmod:Channel","stsjorbsmod:UnseenServant+1"],"picked":"Singing Bowl","floor":48},{"not_picked":["stsjorbsmod:MageArmor","stsjorbsmod:WeightOfMemory","stsjorbsmod:SchoolsOfMagic+1"],"picked":"Singing Bowl","floor":55}],"player_experience":2746308,"relics_obtained":[{"floor":6.0,"key":"Anchor"},{"floor":8.0,"key":"Ornamental Fan"},{"floor":9.0,"key":"CeramicFish"},{"floor":13.0,"key":"stsjorbsmod:MindPalaceRelic"},{"floor":19.0,"key":"Red Mask"},{"floor":23.0,"key":"Toy Ornithopter"},{"floor":26.0,"key":"PreservedInsect"},{"floor":27.0,"key":"Regal Pillow"},{"floor":30.0,"key":"CaptainsWheel"},{"floor":44,"key":"Akabeko"},{"floor":47,"key":"Kunai"},{"floor":55,"key":"Lantern"}],"event_choices":[{"damage_healed":0.0,"max_hp_gain":0.0,"max_hp_loss":0.0,"gold_gain":0.0,"cards_transformed":["stsjorbsmod:Strike_Wanderer"],"event_name":"Living Wall","player_choice":"Change","floor":2.0,"gold_loss":0.0,"damage_taken":0.0,"cards_obtained":["stsjorbsmod:FaerieFire"]},{"damage_healed":0.0,"max_hp_gain":0.0,"max_hp_loss":0.0,"gold_gain":0.0,"event_name":"Scrap Ooze","player_choice":"Success","floor":3.0,"gold_loss":0.0,"damage_taken":35.0,"relics_obtained":["Pen Nib"]},{"damage_healed":0.0,"max_hp_gain":0.0,"max_hp_loss":0.0,"gold_gain":75.0,"event_name":"World of Goop","player_choice":"Gather Gold","floor":4.0,"gold_loss":0.0,"damage_taken":11.0},{"cards_removed":["stsjorbsmod:Defend_Wanderer"],"damage_healed":0.0,"max_hp_gain":0.0,"max_hp_loss":0.0,"gold_gain":0.0,"event_name":"Golden Wing","player_choice":"Card Removal","floor":11.0,"gold_loss":0.0,"damage_taken":7.0},{"damage_healed":0.0,"max_hp_gain":0.0,"max_hp_loss":0.0,"gold_gain":0.0,"event_name":"Masked Bandits","player_choice":"Fought Bandits","floor":19.0,"gold_loss":0.0,"damage_taken":0.0},{"damage_healed":0.0,"max_hp_gain":0.0,"max_hp_loss":0.0,"gold_gain":0.0,"cards_transformed":["stsjorbsmod:Strike_Wanderer","stsjorbsmod:Strike_Wanderer"],"event_name":"Designer","player_choice":"Transformed Cards","floor":20.0,"gold_loss":75.0,"damage_taken":0.0,"cards_obtained":["stsjorbsmod:Thorns","stsjorbsmod:DoubleCheck"]},{"cards_removed":["stsjorbsmod:Defend_Wanderer"],"damage_healed":0.0,"max_hp_gain":0.0,"max_hp_loss":0.0,"gold_gain":0.0,"event_name":"Beggar","player_choice":"Gave Gold","floor":24.0,"gold_loss":75.0,"damage_taken":0.0},{"damage_healed":0.0,"max_hp_gain":5.0,"max_hp_loss":0.0,"gold_gain":0.0,"event_name":"Forgotten Altar","player_choice":"Shed Blood","floor":31.0,"gold_loss":0.0,"damage_taken":29.0},{"damage_healed":0.0,"max_hp_gain":0.0,"max_hp_loss":0.0,"gold_gain":0.0,"event_name":"SensoryStone","player_choice":"Memory 3","floor":39.0,"gold_loss":0.0,"damage_taken":10.0}],"is_beta":false,"boss_relics":[{"not_picked":["Busted Crown","Fusion Hammer"],"picked":"Snecko Eye"},{"not_picked":["Astrolabe","Black Star"],"picked":"Philosopher\u0027s Stone"}],"items_purged_floors":[21,54],"is_endless":false,"potions_floor_spawned":[1,10,19,22,27,38,44,47,48],"ascension_level":20}}