{"host":"zs3tguvuxkh90jf4","time":1613439386,"event":{"mods":["AchievementEnabler","BaseMod","Better Silent Start","Better-Laid Plans","BetterRewards","Block Reminder","Colored Map","Colored Powertips","Gold Saver","Minty Spire (QoL Compilation)","Shop Mod","StSLib","Transform Curses"],"gold_per_floor":[3018,3018,3018,1906,1919,1919,1933,1960,1960,1960,1975,1985,1985,1995,1995,2073,2373,2386,2397,2322,2237,317,317,267,267,267,267,299,57,77,95,95,169,169,185,210,210,210,229,1227,50,77,77,88,88,103,131,144,144,144,144,144,144,2,33,33],"floor_reached":57,"language":"ENG","playtime":2311,"items_purged":["Strike_R","Strike_R","Defend_R"],"score":3070,"play_id":"1cfe568c-95ad-4326-bc41-d3fd2fcc8214","local_time":"20210215173626","is_ascension_mode":true,"campfire_choices":[{"data":"Seeing Red","floor":6.0,"key":"SMITH"},{"data":"Infernal Blade","floor":15.0,"key":"SMITH"},{"floor":23.0,"key":"REST"},{"data":"Entrench","floor":25.0,"key":"SMITH"},{"floor":27.0,"key":"RECALL"},{"data":"Entrench","floor":32.0,"key":"SMITH"},{"data":"Barricade","floor":45,"key":"SMITH"},{"data":"Limit Break","floor":49,"key":"SMITH"},{"data":"Body Slam","floor":53,"key":"SMITH"}],"circlet_count":0,"master_deck":["AscendersBane","Strike_R+1","Strike_R","Defend_R+1","Defend_R","Defend_R","Bash+1","Thunderclap","Body Slam+1","Heavy Blade","Seeing Red+1","Iron Wave+1","Headbutt","Infernal Blade+1","Spot Weakness+1","Pommel Strike","Demon Form","CurseOfTheBell","Flex","Entrench+1","Body Slam+1","Limit Break+1","Entrench+1","Impervious","Cleave+1","Shrug It Off+1","Madness","Madness","Panache","Fire Breathing+1","Seeing Red+1","Barricade+1","Shrug It Off+1","Shockwave+1","Dropkick+1"],"relics":["Burning Blood","NeowsBlessing","Question Card","Dream Catcher","MerchantsRug","Frozen Eye","The Courier","Mercury Hourglass","Happy Flower","Toy Ornithopter","Matryoshka","MealTicket","Sling","Bronze Scales","Mummified Hand","Incense Burner","Boot","Omamori","Anchor","Self Forming Clay","Regal Pillow","Nunchaku","StoneCalendar","Red Skull","Letter Opener","Du-Vu Doll","Blood Vial","Gremlin Horn","Bag of Preparation","Pen Nib","Vajra","Eternal Feather","Oddly Smooth Stone","Medical Kit","PreservedInsect","Bag of Marbles","Torii","Black Star","Magic Flower","Orichalcum","Dead Branch","Lantern","Potion Belt","Pantograph","Paper Frog","Shuriken","HornCleat","Kunai","Toxic Egg 2","White Beast Statue","Bottled Flame","Gambling Chip","Molten Egg 2","Singing Bowl","Pear","InkBottle"],"acts_visited":["Exordium","TheCity","TheBeyond","TheEnding"],"potions_floor_usage":[50,56,56,56],"damage_taken":[{"damage":0.0,"enemies":"Cultist","floor":1.0,"turns":1.0},{"damage":0.0,"enemies":"Small Slimes","floor":5.0,"turns":1.0},{"damage":0.0,"enemies":"2 Louse","floor":7.0,"turns":1.0},{"damage":5.0,"enemies":"Gremlin Nob","floor":8.0,"turns":3.0},{"damage":6.0,"enemies":"Looter","floor":11.0,"turns":2.0},{"damage":9.0,"enemies":"Exordium Thugs","floor":12.0,"turns":3.0},{"damage":0.0,"enemies":"2 Fungi Beasts","floor":14.0,"turns":2.0},{"damage":56.0,"enemies":"Slime Boss","floor":16.0,"turns":8.0},{"damage":30.0,"enemies":"3 Byrds","floor":18.0,"turns":4.0},{"damage":49.0,"enemies":"Shell Parasite","floor":19.0,"turns":6.0},{"damage":49.0,"enemies":"Slavers","floor":28.0,"turns":5.0},{"damage":17.0,"enemies":"Snecko","floor":30.0,"turns":4.0},{"damage":0.0,"enemies":"3 Cultists","floor":31.0,"turns":2.0},{"damage":25.0,"enemies":"Automaton","floor":33.0,"turns":5.0},{"damage":0.0,"enemies":"Orb Walker","floor":35.0,"turns":1.0},{"damage":41.0,"enemies":"Mind Bloom Boss Battle","floor":36.0,"turns":3.0},{"damage":0.0,"enemies":"3 Darklings","floor":39.0,"turns":4.0},{"damage":13.0,"enemies":"Giant Head","floor":40.0,"turns":4.0},{"damage":0,"enemies":"Nemesis","floor":42,"turns":3},{"damage":2,"enemies":"Spire Growth","floor":44,"turns":1},{"damage":0,"enemies":"Sphere and 2 Shapes","floor":46,"turns":1},{"damage":0,"enemies":"Giant Head","floor":47,"turns":2},{"damage":1,"enemies":"3 Darklings","floor":48,"turns":1},{"damage":1,"enemies":"Time Eater","floor":50,"turns":6},{"damage":2,"enemies":"Donu and Deca","floor":51,"turns":8},{"damage":0,"enemies":"Shield and Spear","floor":55,"turns":2},{"damage":38,"enemies":"The Heart","floor":56,"turns":7}],"seed_played":"2466052573319879443","potions_obtained":[{"floor":7.0,"key":"DistilledChaos"},{"floor":12.0,"key":"Block Potion"},{"floor":14.0,"key":"Regen Potion"},{"floor":16.0,"key":"EssenceOfSteel"},{"floor":18.0,"key":"FearPotion"},{"floor":19.0,"key":"BloodPotion"},{"floor":30.0,"key":"Block Potion"},{"floor":36.0,"key":"SkillPotion"},{"floor":44,"key":"Weak Potion"},{"floor":46,"key":"Fire Potion"},{"floor":47,"key":"GamblersBrew"},{"floor":48,"key":"LiquidMemories"}],"is_trial":false,"path_per_floor":["M","?","?","$","M","R","M","E","T","?","M","M","T","M","R","B",null,"M","M","?","?","$","R","?","R","T","R","E","$","M","M","R","B",null,"M","?","?","?","M","E","$","E","T","M","R","M","E","M","R","B","B",null,"R","$","E","B",null],"character_chosen":"IRONCLAD","items_purchased":["Question Card","Dream Catcher","Body Slam","Heavy Blade","Seeing Red","MerchantsRug","Fruit Juice","Frozen Eye","Sling","Strawberry","Bronze Scales","Mummified Hand","Incense Burner","Boot","Entrench","Omamori","Anchor","Self Forming Clay","Regal Pillow","Nunchaku","StoneCalendar","Blood Vial","Gremlin Horn","Bag of Preparation","Pen Nib","Vajra","Eternal Feather","Whetstone","Oddly Smooth Stone","Medical Kit","War Paint","PreservedInsect","Bag of Marbles","Torii","Lantern","Potion Belt","Pantograph","Paper Frog","Shuriken","HornCleat","Kunai","PowerPotion"],"campfire_rested":1,"item_purchase_floors":[4,4,4,4,4,4,4,4,22,22,22,22,22,22,22,22,22,22,22,22,22,29,29,29,29,29,29,29,29,29,29,29,29,29,41,41,41,41,41,41,41,54],"current_hp_per_floor":[74,74,74,79,80,80,80,80,80,62,62,59,59,65,65,27,67,43,31,31,31,53,87,87,87,87,87,44,59,50,58,70,58,80,87,52,36,36,48,55,70,82,82,87,87,87,89,89,89,89,89,89,89,89,99,94],"gold":33,"neow_bonus":"THREE_ENEMY_KILL","is_daily":false,"chose_seed":false,"campfire_upgraded":7,"win_rate":0.0,"timestamp":1613439386,"path_taken":["M","?","?","$","M","R","M","E","T","?","M","M","?","?","R","BOSS","M","M","?","?","$","R","?","R","T","R","E","$","M","?","R","BOSS","M","?","?","?","M","E","$","E","T","M","R","M","E","M","R","BOSS","BOSS","R","$","E","BOSS"],"items_purchased_type":["Relic","Relic","Card","Card","Card","Relic","Potion","Relic","Relic","Relic","Relic","Relic","Relic","Relic","Card","Relic","Relic","Relic","Relic","Relic","Relic","Relic","Relic","Relic","Relic","Relic","Relic","Relic","Relic","Relic","Relic","Relic","Relic","Relic","Relic","Relic","Relic","Relic","Relic","Relic","Relic","Potion"],"build_version":"2020-12-22","purchased_purges":3,"victory":true,"max_hp_per_floor":[75,75,75,80,80,80,80,80,80,80,80,80,80,80,80,80,80,80,80,80,80,87,87,87,87,87,87,87,87,87,87,87,87,87,87,87,87,87,87,87,87,87,87,87,87,87,89,89,89,89,89,89,89,89,99,99],"card_choices":[{"not_picked":["Armaments","Evolve"],"picked":"Thunderclap","floor":1.0},{"not_picked":["Twin Strike","Heavy Blade","Sword Boomerang"],"picked":"Iron Wave","floor":5.0},{"not_picked":["Sword Boomerang","Havoc","Second Wind"],"picked":"Headbutt","floor":7.0},{"not_picked":["Combust","Clash","Sentinel"],"picked":"Infernal Blade","floor":8.0},{"not_picked":["Hemokinesis","Brutality","Body Slam"],"picked":"Spot Weakness","floor":11.0},{"not_picked":["Blood for Blood","Infernal Blade","Carnage"],"picked":"Pommel Strike","floor":12.0},{"not_picked":["Pummel","Wild Strike","Pommel Strike","Dropkick"],"picked":"SKIP","floor":14.0},{"not_picked":["Berserk","Impervious","Brutality"],"picked":"Demon Form","floor":16.0},{"not_picked":["Sword Boomerang","Twin Strike","Pummel"],"picked":"Flex","floor":18.0},{"not_picked":["Sentinel","Iron Wave","True Grit","Twin Strike"],"picked":"SKIP","floor":19.0},{"not_picked":["Flex+1","Burning Pact","Warcry"],"picked":"Body Slam+1","floor":23.0},{"not_picked":["Combust","Body Slam","Infernal Blade","Anger"],"picked":"SKIP","floor":28.0},{"not_picked":["Armaments","Sword Boomerang","Pummel"],"picked":"Limit Break","floor":30.0},{"not_picked":["Thunderclap","Dropkick","Combust"],"picked":"Entrench","floor":31.0},{"not_picked":["Immolate","Berserk","Limit Break"],"picked":"Impervious","floor":33.0},{"not_picked":["Perfected Strike+1","Dark Embrace","Anger+1"],"picked":"Cleave+1","floor":35.0},{"not_picked":["True Grit","Havoc","Heavy Blade+1"],"picked":"Shrug It Off+1","floor":36.0},{"not_picked":["Deep Breath","Flash of Steel","Thinking Ahead"],"picked":"Panache","floor":38.0},{"not_picked":["Headbutt","Sword Boomerang+1","Second Wind"],"picked":"Fire Breathing+1","floor":39.0},{"not_picked":["Feel No Pain+1","Warcry","Hemokinesis"],"picked":"Seeing Red+1","floor":40},{"not_picked":["Exhume+1","Armaments+1","Carnage"],"picked":"Barricade","floor":42},{"not_picked":["Headbutt+1","Sever Soul+1","Warcry+1"],"picked":"Shrug It Off+1","floor":44},{"not_picked":["True Grit+1","Hemokinesis","Warcry+1","Shrug It Off+1"],"picked":"SKIP","floor":46},{"not_picked":["Berserk","Burning Pact+1","Sword Boomerang+1","True Grit+1"],"picked":"Singing Bowl","floor":47},{"not_picked":["Dual Wield+1","Headbutt+1","Fire Breathing"],"picked":"Shockwave+1","floor":48},{"not_picked":["Rupture","Second Wind+1","Twin Strike+1"],"picked":"Dropkick+1","floor":55}],"player_experience":590066,"relics_obtained":[{"floor":8.0,"key":"The Courier"},{"floor":9.0,"key":"Mercury Hourglass"},{"floor":17.0,"key":"Toy Ornithopter"},{"floor":17.0,"key":"Matryoshka"},{"floor":17.0,"key":"Old Coin"},{"floor":26.0,"key":"Red Skull"},{"floor":26.0,"key":"Letter Opener"},{"floor":28.0,"key":"Du-Vu Doll"},{"floor":36.0,"key":"Magic Flower"},{"floor":40,"key":"Orichalcum"},{"floor":40,"key":"Dead Branch"},{"floor":42,"key":"Toxic Egg 2"},{"floor":42,"key":"White Beast Statue"},{"floor":43,"key":"Bottled Flame"},{"floor":43,"key":"Gambling Chip"},{"floor":47,"key":"Molten Egg 2"},{"floor":47,"key":"Singing Bowl"},{"floor":55,"key":"Pear"},{"floor":55,"key":"InkBottle"}],"event_choices":[{"damage_healed":0.0,"max_hp_gain":0.0,"max_hp_loss":0.0,"gold_gain":0.0,"event_name":"Living Wall","player_choice":"Grow","floor":2.0,"gold_loss":0.0,"damage_taken":0.0,"cards_upgraded":["Bash"]},{"damage_healed":0.0,"max_hp_gain":0.0,"max_hp_loss":0.0,"gold_gain":0.0,"event_name":"Liars Game","player_choice":"Ignored","floor":3.0,"gold_loss":0.0,"damage_taken":0.0},{"damage_healed":0.0,"max_hp_gain":0.0,"max_hp_loss":0.0,"gold_gain":0.0,"event_name":"Scrap Ooze","player_choice":"Success","floor":10.0,"gold_loss":0.0,"damage_taken":18.0,"relics_obtained":["Happy Flower"]},{"cards_removed":["Strike_R"],"damage_healed":0.0,"max_hp_gain":0.0,"max_hp_loss":0.0,"gold_gain":0.0,"event_name":"Beggar","player_choice":"Gave Gold","floor":20.0,"gold_loss":75.0,"damage_taken":0.0},{"damage_healed":0.0,"max_hp_gain":0.0,"max_hp_loss":0.0,"gold_gain":0.0,"event_name":"Addict","player_choice":"Obtained Relic","floor":21.0,"gold_loss":85.0,"damage_taken":0.0,"relics_obtained":["MealTicket"]},{"damage_healed":0.0,"max_hp_gain":0.0,"max_hp_loss":0.0,"gold_gain":0.0,"event_name":"The Joust","player_choice":"Bet on Murderer","floor":24.0,"gold_loss":50.0,"damage_taken":0.0},{"damage_healed":0.0,"max_hp_gain":0.0,"max_hp_loss":0.0,"gold_gain":0.0,"event_name":"MindBloom","player_choice":"Fight","floor":36.0,"gold_loss":0.0,"damage_taken":0.0},{"damage_healed":0.0,"max_hp_gain":0.0,"max_hp_loss":0.0,"gold_gain":0.0,"event_name":"Winding Halls","player_choice":"Embrace Madness","floor":37.0,"gold_loss":0.0,"damage_taken":16.0,"cards_obtained":["Madness","Madness"]},{"damage_healed":0.0,"max_hp_gain":0.0,"max_hp_loss":0.0,"gold_gain":0.0,"event_name":"SensoryStone","player_choice":"Memory 1","floor":38.0,"gold_loss":0.0,"damage_taken":0.0}],"is_beta":false,"boss_relics":[{"not_picked":["Tiny House","Philosopher\u0027s Stone"],"picked":"Calling Bell"},{"not_picked":["Pandora\u0027s Box","Astrolabe"],"picked":"Black Star"}],"items_purged_floors":[4,29,54],"is_endless":false,"potions_floor_spawned":[7,12,14,16,18,19,30,36,44,46,47,48,55],"ascension_level":20}}