{"host":"zzioommp09tnipoy","time":1613518995,"event":{"mods":["BaseMod","Conjunction","Downfall","Friendly Minions","GifTheSpireLib","Hermit","Infinite Spire","Minty Spire (QoL Compilation)","Prisma Mod","StSLib","Td1madao Mod","The Animator","The Cursed","The Necromancer"],"gold_per_floor":[112,131,148,323,342,342,403,403,403],"floor_reached":8,"language":"ENG","playtime":452,"items_purged":[],"score":48,"play_id":"bb49512d-5d91-47dd-a6b4-9a974b6ba3cf","local_time":"20210216174315","is_ascension_mode":false,"campfire_choices":[{"data":"hermit:Dive","floor":6,"key":"SMITH"}],"circlet_count":0,"master_deck":["hermit:Strike_Hermit","hermit:Strike_Hermit","hermit:Strike_Hermit","hermit:Strike_Hermit","hermit:Defend_Hermit","hermit:Defend_Hermit","hermit:Defend_Hermit","hermit:Defend_Hermit","hermit:Snapshot","hermit:Covet","hermit:ItchyTrigger","hermit:GhostlyPresence","hermit:TrackingShot","Doubt","hermit:Dive+1","hermit:ShadowCloak"],"relics":["hermit:Momento","Blood Vial"],"acts_visited":["Exordium"],"potions_floor_usage":[8],"damage_taken":[{"damage":2,"enemies":"2 Louse","floor":1,"turns":3},{"damage":3,"enemies":"Small Slimes","floor":2,"turns":3},{"damage":0,"enemies":"Cultist","floor":3,"turns":4},{"damage":0,"enemies":"Looter","floor":5,"turns":4},{"damage":38,"enemies":"3 Sentries","floor":7,"turns":12},{"damage":37,"enemies":"Gremlin Nob","floor":8,"turns":6}],"seed_played":"6672419042870962470","potions_obtained":[{"floor":5,"key":"SpeedPotion"},{"floor":7,"key":"Energy Potion"}],"is_trial":false,"path_per_floor":["M","M","M","?","M","R","?","E"],"character_chosen":"HERMIT","items_purchased":[],"campfire_rested":0,"item_purchase_floors":[],"current_hp_per_floor":[80,77,77,77,77,77,39,4,4],"gold":403,"neow_bonus":"TEN_PERCENT_HP_BONUS","is_daily":false,"chose_seed":false,"campfire_upgraded":1,"win_rate":0.0,"timestamp":1613518995,"path_taken":["M","M","M","?","M","R","?","E"],"items_purchased_type":[],"build_version":"2020-12-22","purchased_purges":0,"victory":false,"max_hp_per_floor":[82,82,82,82,82,82,82,82,82],"card_choices":[{"not_picked":["hermit:Ricochet","hermit:SprayPray"],"picked":"hermit:ItchyTrigger","floor":1},{"not_picked":["hermit:Vantage","hermit:SprayPray"],"picked":"hermit:GhostlyPresence","floor":2},{"not_picked":["hermit:Virtue","hermit:Vantage"],"picked":"hermit:TrackingShot","floor":3},{"not_picked":["hermit:Desperado","hermit:HoleUp"],"picked":"hermit:Dive","floor":5},{"not_picked":["hermit:Feint","hermit:Cheat"],"picked":"hermit:ShadowCloak","floor":7}],"player_experience":163694,"relics_obtained":[{"floor":7,"key":"Blood Vial"}],"event_choices":[{"damage_healed":0,"gold_gain":175,"player_choice":"AGREE","damage_taken":0,"max_hp_gain":0,"max_hp_loss":0,"event_name":"Liars Game","floor":4,"gold_loss":0,"cards_obtained":["Doubt"]},{"damage_healed":0,"gold_gain":0,"player_choice":"Searched \u00272\u0027 times","damage_taken":0,"max_hp_gain":0,"max_hp_loss":0,"event_name":"Dead Adventurer","floor":7,"gold_loss":0}],"is_beta":false,"boss_relics":[],"items_purged_floors":[],"is_endless":false,"potions_floor_spawned":[5,7],"killed_by":"Gremlin Nob","ascension_level":0}}