{"host":"lg1lbglystyxcosi","time":1613468391,"event":{"mods":["AchievementEnabler","BaseMod","Better Third Choice","BetterRewards","Colored Powertips","Minty Spire (QoL Compilation)","Quick Restart","Shop Mod","StSLib","¡¾ÒÅÎï¿¨ÅÆ¡¿REMEMod"],"gold_per_floor":[118,44,44,64,81,81,93,124,174,192,222,222,30,41,41,136,136,152,64,64,64,75,75,95,95,95,128,128,153,252,49,49,151,151,168,218,218,218,95,122,215,242,242,242,23,52,52,65,65,68],"floor_reached":51,"language":"ZHS","playtime":1868,"items_purged":["Strike_R","Defend_R","Strike_R"],"score":1550,"play_id":"555739c5-2700-4e7b-b24e-97a9a3aded5e","local_time":"20210216173951","is_ascension_mode":true,"campfire_choices":[{"data":"Limit Break","floor":6.0,"key":"SMITH"},{"floor":15.0,"key":"REST"},{"data":"Inflame","floor":23.0,"key":"SMITH"},{"data":"Seeing Red","floor":25.0,"key":"SMITH"},{"floor":28.0,"key":"REST"},{"data":"Double Tap","floor":32.0,"key":"SMITH"},{"data":"Flex","floor":44,"key":"SMITH"},{"data":"Defend_R","floor":47,"key":"SMITH"},{"data":"Defend_R","floor":49,"key":"SMITH"}],"circlet_count":0,"master_deck":["AscendersBane","Defend_R+1","Defend_R+1","Defend_R+1","Bash+1","Limit Break+1","Inflame+1","Heavy Blade+1","Cleave","Seeing Red+1","Pommel Strike+1","Double Tap+1","Shrug It Off","Reaper","Offering","Flex+1"],"relics":["Burning Blood","REME_ComplimentaryCards","Membership Card","Bottled Lightning","Juzu Bracelet","StoneCalendar","Blood Vial","HornCleat","Pen Nib","Bag of Preparation","Torii","Mummified Hand","MutagenicStrength","The Courier","Toy Ornithopter","Lantern","Art of War","War Paint","Empty Cage","TungstenRod","REME_ArchaeologicalTools","Bronze Scales","Potion Belt","Gambling Chip","Whetstone","Bottled Tornado","Anchor","Kunai"],"acts_visited":["Exordium","TheCity","TheBeyond"],"potions_floor_usage":[50,50,50],"damage_taken":[{"damage":8.0,"enemies":"2 Louse","floor":1.0,"turns":3.0},{"damage":1.0,"enemies":"Cultist","floor":4.0,"turns":4.0},{"damage":0.0,"enemies":"Small Slimes","floor":5.0,"turns":3.0},{"damage":1.0,"enemies":"Gremlin Gang","floor":7.0,"turns":2.0},{"damage":25.0,"enemies":"3 Sentries","floor":8.0,"turns":5.0},{"damage":22.0,"enemies":"3 Louse","floor":10.0,"turns":3.0},{"damage":1.0,"enemies":"Exordium Wildlife","floor":14.0,"turns":3.0},{"damage":0.0,"enemies":"Slime Boss","floor":16.0,"turns":7.0},{"damage":17.0,"enemies":"2 Thieves","floor":18.0,"turns":4.0},{"damage":39.0,"enemies":"3 Byrds","floor":22.0,"turns":7.0},{"damage":12.0,"enemies":"Cultist and Chosen","floor":24.0,"turns":3.0},{"damage":35.0,"enemies":"Book of Stabbing","floor":27.0,"turns":5.0},{"damage":18.0,"enemies":"Champ","floor":33.0,"turns":6.0},{"damage":0.0,"enemies":"Orb Walker","floor":35.0,"turns":1.0},{"damage":6.0,"enemies":"Mind Bloom Boss Battle","floor":36.0,"turns":2.0},{"damage":5,"enemies":"Giant Head","floor":41,"turns":4},{"damage":5,"enemies":"3 Darklings","floor":42,"turns":2},{"damage":0,"enemies":"Reptomancer","floor":46,"turns":2},{"damage":9,"enemies":"4 Shapes","floor":48,"turns":1},{"damage":5,"enemies":"Time Eater","floor":50,"turns":1}],"seed_played":"-8223108387547719828","potions_obtained":[{"floor":8.0,"key":"Ancient Potion"},{"floor":10.0,"key":"ColorlessPotion"},{"floor":16.0,"key":"FearPotion"},{"floor":24.0,"key":"Dexterity Potion"},{"floor":36.0,"key":"CultistPotion"},{"floor":42,"key":"DistilledChaos"},{"floor":46,"key":"SteroidPotion"}],"is_trial":false,"path_per_floor":["M","$","?","M","M","R","M","E","T","M","?","?","$","M","R","B",null,"M","$","?","?","M","R","M","R","T","E","R","T","?","$","R","B",null,"M","?","?","?","$","T","E","M","T","R","$","E","R","M","R","B",null],"character_chosen":"IRONCLAD","items_purchased":["Inflame","Membership Card","Bottled Lightning","Juzu Bracelet","Heavy Blade","SteroidPotion","Explosive Potion","Blood Vial","SmokeBomb","Torii","Regen Potion","Flex","Art of War","War Paint","Flex","REME_ArchaeologicalTools","Whetstone","Bottled Tornado","Anchor"],"campfire_rested":2,"item_purchase_floors":[0,0,0,0,0,0,0,2,13,13,19,31,31,31,39,39,45,45,45],"current_hp_per_floor":[46,46,46,53,61,61,68,51,51,37,37,37,37,44,68,76,79,69,69,69,69,53,53,72,72,72,45,69,69,69,69,69,64,76,80,80,80,80,80,80,80,80,80,80,80,80,80,80,80,80],"gold":68,"neow_bonus":"","is_daily":false,"chose_seed":false,"campfire_upgraded":7,"win_rate":0.0,"timestamp":1613468391,"path_taken":["M","$","?","M","M","R","M","E","T","M","?","?","$","M","R","BOSS","M","$","?","?","M","R","M","R","T","E","R","?","?","?","R","BOSS","M","?","?","?","?","?","E","M","T","R","?","E","R","M","R","BOSS"],"items_purchased_type":["Card","Relic","Relic","Relic","Card","Potion","Potion","Relic","Potion","Relic","Potion","Card","Relic","Relic","Card","Relic","Relic","Relic","Relic"],"build_version":"2020-12-22","purchased_purges":3,"victory":true,"max_hp_per_floor":[80,80,80,80,80,80,80,80,80,80,80,80,80,80,80,80,80,80,80,80,80,80,80,80,80,80,80,80,80,80,80,80,80,80,80,80,80,80,80,80,80,80,80,80,80,80,80,80,80,80],"card_choices":[{"not_picked":["Armaments","Bloodletting"],"picked":"Cleave","floor":1.0},{"not_picked":["Disarm","Searing Blow"],"picked":"Seeing Red","floor":4.0},{"not_picked":["True Grit","Armaments","Wild Strike"],"picked":"SKIP","floor":5.0},{"not_picked":["True Grit","Clash"],"picked":"Pommel Strike","floor":7.0},{"not_picked":["Sever Soul","Thunderclap"],"picked":"Double Tap","floor":8.0},{"not_picked":["Shrug It Off","Twin Strike","Iron Wave"],"picked":"SKIP","floor":10.0},{"not_picked":["Twin Strike","Iron Wave"],"picked":"Shrug It Off","floor":10.0},{"not_picked":["Reckless Charge","Havoc","Perfected Strike"],"picked":"SKIP","floor":14.0},{"not_picked":["Limit Break","Offering"],"picked":"Reaper","floor":16.0},{"not_picked":["Clash","Body Slam","Rampage"],"picked":"SKIP","floor":18.0},{"not_picked":["Havoc","Feel No Pain","Rupture"],"picked":"SKIP","floor":22.0},{"not_picked":["Wild Strike","Clash","REME_SingleHolding"],"picked":"SKIP","floor":24.0},{"not_picked":["Heavy Blade","Inflame","Carnage"],"picked":"SKIP","floor":27.0},{"not_picked":["Reaper","Impervious"],"picked":"Offering","floor":33.0},{"not_picked":["Clothesline+1","Cleave+1","REME_Cut"],"picked":"SKIP","floor":35.0},{"not_picked":["Wild Strike","Warcry+1","Cleave"],"picked":"SKIP","floor":41},{"not_picked":["Havoc","Bludgeon","Twin Strike"],"picked":"SKIP","floor":42},{"not_picked":["Anger","True Grit","Burning Pact"],"picked":"SKIP","floor":46},{"not_picked":["Evolve","Reckless Charge","REME_FearOfPain"],"picked":"SKIP","floor":48}],"player_experience":245396,"relics_obtained":[{"floor":8.0,"key":"HornCleat"},{"floor":9.0,"key":"Pen Nib"},{"floor":26.0,"key":"The Courier"},{"floor":27.0,"key":"Toy Ornithopter"},{"floor":29.0,"key":"Lantern"},{"floor":36.0,"key":"TungstenRod"},{"floor":40,"key":"Bronze Scales"},{"floor":41,"key":"Potion Belt"},{"floor":43,"key":"Gambling Chip"},{"floor":46,"key":"Kunai"}],"event_choices":[{"cards_removed":["Strike_R"],"damage_healed":0.0,"max_hp_gain":0.0,"max_hp_loss":0.0,"gold_gain":0.0,"event_name":"Bonfire Elementals","player_choice":"Offered Basic","floor":3.0,"gold_loss":0.0,"damage_taken":0.0},{"damage_healed":0.0,"max_hp_gain":0.0,"max_hp_loss":0.0,"gold_gain":30.0,"event_name":"Dead Adventurer","player_choice":"Searched \u00272\u0027 times","floor":11.0,"gold_loss":0.0,"damage_taken":0.0,"relics_obtained":["Bag of Preparation"]},{"damage_healed":0.0,"max_hp_gain":0.0,"max_hp_loss":0.0,"gold_gain":0.0,"event_name":"Accursed Blacksmith","player_choice":"Forge","floor":12.0,"gold_loss":0.0,"damage_taken":0.0,"cards_upgraded":["Heavy Blade"]},{"damage_healed":0.0,"max_hp_gain":0.0,"max_hp_loss":0.0,"gold_gain":0.0,"event_name":"The Mausoleum","player_choice":"Opened","floor":20.0,"gold_loss":0.0,"damage_taken":0.0,"relics_obtained":["Mummified Hand"]},{"damage_healed":0.0,"max_hp_gain":0.0,"max_hp_loss":0.0,"gold_gain":0.0,"event_name":"Drug Dealer","player_choice":"Inject Mutagens","floor":21.0,"gold_loss":0.0,"damage_taken":0.0,"relics_obtained":["MutagenicStrength"]},{"damage_healed":0.0,"max_hp_gain":0.0,"max_hp_loss":0.0,"gold_gain":99.0,"event_name":"betterThird:BetterNest","player_choice":"Steal","floor":30.0,"gold_loss":0.0,"damage_taken":0.0},{"damage_healed":0.0,"max_hp_gain":0.0,"max_hp_loss":0.0,"gold_gain":0.0,"event_name":"MindBloom","player_choice":"Fight","floor":36.0,"gold_loss":0.0,"damage_taken":0.0},{"cards_removed":["Flex"],"damage_healed":0,"gold_gain":0,"player_choice":"Removed Skill","damage_taken":0,"max_hp_gain":0,"max_hp_loss":0,"event_name":"Falling","floor":37,"gold_loss":0},{"damage_healed":0,"gold_gain":0,"player_choice":"Memory 1","damage_taken":0,"max_hp_gain":0,"max_hp_loss":0,"event_name":"SensoryStone","floor":38,"gold_loss":0}],"is_beta":false,"boss_relics":[{"not_picked":["Cursed Key","Pandora\u0027s Box","Fusion Hammer"]},{"not_picked":["SacredBark","Runic Pyramid"],"picked":"Empty Cage"}],"items_purged_floors":[0,19,31],"is_endless":false,"potions_floor_spawned":[5,8,10,16,18,24,36,42,46],"ascension_level":12}}