{"host":"yqztwemefsbhfep8","time":1613456311,"event":{"mods":["BaseMod","Downfall","Hermit","Minty Spire (QoL Compilation)","StSLib"],"gold_per_floor":[99,109,129,142,317,350,350,361,19,19,34,19,19,36,47,47,47,47],"floor_reached":16,"language":"ENG","playtime":1215,"items_purged":["Doubt"],"score":104,"play_id":"96ba787a-e434-4de1-af28-858fd3238cfc","local_time":"20210215221831","is_ascension_mode":false,"campfire_choices":[{"data":"bronze:Goto","floor":1,"key":"SMITH"},{"floor":13,"key":"REST"}],"circlet_count":0,"master_deck":["bronze:Strike","bronze:Strike","bronze:Strike","bronze:Strike","bronze:Defend","bronze:Defend","bronze:Defend","bronze:Defend","bronze:Replicate","bronze:Goto+1","Finesse","bronze:Frontload","bronze:Format","bronze:WhirlingStrike","bronze:Turbo","bronze:Spike","bronze:Explode","bronze:ItsAFeature","bronze:DelayedSlice","bronze:DelayedSlice"],"relics":["bronze:BronzeCore","Unceasing Top","Gambling Chip","Potion Belt"],"acts_visited":["Exordium"],"potions_floor_usage":[6,16,16,16,16],"damage_taken":[{"damage":1,"enemies":"Cultist","floor":2,"turns":3},{"damage":0,"enemies":"2 Louse","floor":3,"turns":2},{"damage":0,"enemies":"Small Slimes","floor":4,"turns":3},{"damage":28,"enemies":"3 Sentries","floor":6,"turns":12},{"damage":0,"enemies":"2 Fungi Beasts","floor":8,"turns":3},{"damage":8,"enemies":"downfall:FleeingMerchant","floor":9,"turns":4},{"damage":12,"enemies":"downfall:FleeingMerchant","floor":10,"turns":4},{"damage":7,"enemies":"downfall:LooterAlt","floor":11,"turns":3},{"damage":0,"enemies":"downfall:FleeingMerchant","floor":12,"turns":4},{"damage":0,"enemies":"Blue Slaver","floor":14,"turns":3},{"damage":2,"enemies":"Gremlin Gang","floor":15,"turns":3},{"damage":46,"enemies":"WA_ARCHETYPE_RETAIN","floor":16,"turns":6}],"seed_played":"-7156246377623748693","potions_obtained":[{"floor":2,"key":"EssenceOfSteel"},{"floor":8,"key":"GamblersBrew"},{"floor":10,"key":"champ:CounterPotion"}],"is_trial":false,"path_per_floor":["R","M","M","M","?","E","T","M","$","?","M","$","R","M","M","B"],"character_chosen":"THE_AUTOMATON","items_purchased":["Potion Belt","bronze:FreeFunctionsPotion","Dexterity Potion"],"campfire_rested":1,"item_purchase_floors":[9,9,9],"current_hp_per_floor":[70,69,69,69,69,41,41,41,33,21,14,14,35,35,33,0,0,0],"gold":47,"neow_bonus":"RANDOM_COLORLESS","is_daily":false,"chose_seed":false,"campfire_upgraded":1,"win_rate":0.0,"timestamp":1613456311,"path_taken":["R","M","?","M","?","E","T","M","$","?","M","$","R","M","M","BOSS"],"items_purchased_type":["Relic","Potion","Potion"],"build_version":"2020-12-22","purchased_purges":1,"victory":false,"max_hp_per_floor":[70,70,70,70,70,70,70,70,70,70,70,70,70,70,70,70,70,70],"card_choices":[{"not_picked":["Trip","Enlightenment"],"picked":"Finesse","floor":0},{"not_picked":["bronze:OilSpill","bronze:Iterate","bronze:FineTuning"],"picked":"SKIP","floor":2},{"not_picked":["bronze:Boost","bronze:BitShift"],"picked":"bronze:Frontload","floor":3},{"not_picked":["bronze:Shell","bronze:Constructor"],"picked":"bronze:Format","floor":4},{"not_picked":["bronze:BuggyMess","bronze:Deprecate"],"picked":"bronze:WhirlingStrike","floor":6},{"not_picked":["bronze:FineTuning","bronze:Shell"],"picked":"bronze:Turbo","floor":8},{"not_picked":["bronze:Iterate","bronze:Turbo","bronze:DigitalCarnage"],"picked":"SKIP","floor":9},{"not_picked":[],"picked":"bronze:Spike","floor":10},{"not_picked":[],"picked":"bronze:Explode","floor":10},{"not_picked":["bronze:WhirlingStrike","bronze:OilSpill"],"picked":"bronze:ItsAFeature","floor":10},{"not_picked":["bronze:Break","bronze:BugBarrage"],"picked":"bronze:DelayedSlice","floor":11},{"not_picked":["bronze:Constructor","bronze:Frontload","bronze:Fortify"],"picked":"SKIP","floor":12},{"not_picked":["bronze:BronzeArmor","bronze:Deprecate"],"picked":"bronze:DelayedSlice","floor":14},{"not_picked":["bronze:Separator","bronze:FineTuning","bronze:ForceShield"],"picked":"SKIP","floor":15}],"player_experience":321755,"relics_obtained":[{"floor":6,"key":"Unceasing Top"},{"floor":7,"key":"Gambling Chip"}],"event_choices":[],"is_beta":false,"boss_relics":[],"items_purged_floors":[9],"is_endless":false,"potions_floor_spawned":[2,8,10],"killed_by":"WA_ARCHETYPE_RETAIN","ascension_level":0}}