{"host":"8gp6t7ud4bifk0zs","time":1613474242,"event":{"mods":["AchievementEnabler","BaseMod","Minty Spire (QoL Compilation)","StSLib","everything is the same but u backflip on backflip"],"gold_per_floor":[109,125,125,150,150,150,150,163,237,273,289,289,330,350,350,474,474,488,511,134,233,257,257,280,323,323,273,273,304,323,336,336,467,467,491,515,324,324,349,349,382,382,462,496,204,247,247,247,247,247],"floor_reached":51,"language":"KOR","playtime":1614,"items_purged":["Strike_R","Strike_R","Strike_R","Sword Boomerang"],"score":1003,"play_id":"3d854dd3-0c16-4070-8d11-f90c91b2c399","local_time":"20210216201722","is_ascension_mode":true,"campfire_choices":[{"data":"Rupture","floor":6.0,"key":"SMITH"},{"data":"Heavy Blade","floor":12.0,"key":"SMITH"},{"data":"Bloodletting","floor":15.0,"key":"SMITH"},{"data":"Combust","floor":23.0,"key":"SMITH"},{"floor":32.0,"key":"REST"},{"data":"Pommel Strike","floor":40,"key":"SMITH"},{"data":"Limit Break","floor":42,"key":"SMITH"},{"data":"Double Tap","floor":47,"key":"SMITH"},{"data":"Blood for Blood","floor":49,"key":"SMITH"}],"circlet_count":0,"master_deck":["Defend_R","Defend_R","Defend_R","Bash","Brutality+1","Rupture+1","Bloodletting+1","Heavy Blade+1","Pommel Strike+1","Impervious","Uppercut+1","Intimidate+1","Inflame+1","Bloodletting+1","Combust+1","Immolate","Hemokinesis","Blood for Blood+1","Limit Break+1","Double Tap+1"],"relics":["Burning Blood","NeowsBlessing","Golden Idol","Bottled Tornado","Meat on the Bone","Art of War","Champion Belt","Astrolabe","Membership Card","Mango","Torii","Regal Pillow","Ginger","SlaversCollar","Pear","Self Forming Clay","Eternal Feather","Magic Flower","Pen Nib","Juzu Bracelet","Mummified Hand"],"acts_visited":["Exordium","TheCity","TheBeyond"],"potions_floor_usage":[],"damage_taken":[{"damage":0.0,"enemies":"Jaw Worm","floor":1.0,"turns":1.0},{"damage":0.0,"enemies":"2 Louse","floor":2.0,"turns":1.0},{"damage":0.0,"enemies":"Small Slimes","floor":4.0,"turns":1.0},{"damage":16.0,"enemies":"Blue Slaver","floor":8.0,"turns":3.0},{"damage":5.0,"enemies":"Lagavulin","floor":10.0,"turns":3.0},{"damage":21.0,"enemies":"Exordium Wildlife","floor":11.0,"turns":3.0},{"damage":31.0,"enemies":"3 Sentries","floor":13.0,"turns":4.0},{"damage":22.0,"enemies":"Red Slaver","floor":14.0,"turns":3.0},{"damage":28.0,"enemies":"The Guardian","floor":16.0,"turns":5.0},{"damage":12.0,"enemies":"Chosen","floor":18.0,"turns":3.0},{"damage":16.0,"enemies":"Spheric Guardian","floor":19.0,"turns":3.0},{"damage":7.0,"enemies":"Snake Plant","floor":22.0,"turns":2.0},{"damage":19.0,"enemies":"Centurion and Healer","floor":24.0,"turns":3.0},{"damage":20.0,"enemies":"Gremlin Leader","floor":25.0,"turns":4.0},{"damage":9.0,"enemies":"Slavers","floor":29.0,"turns":3.0},{"damage":23.0,"enemies":"Chosen and Byrds","floor":30.0,"turns":4.0},{"damage":32.0,"enemies":"Snecko","floor":31.0,"turns":4.0},{"damage":30.0,"enemies":"Champ","floor":33.0,"turns":4.0},{"damage":48,"enemies":"3 Darklings","floor":35,"turns":3},{"damage":27,"enemies":"3 Shapes","floor":36,"turns":3},{"damage":17,"enemies":"Jaw Worm Horde","floor":39,"turns":3},{"damage":18,"enemies":"Giant Head","floor":41,"turns":4},{"damage":21,"enemies":"Nemesis","floor":44,"turns":5},{"damage":35,"enemies":"Reptomancer","floor":46,"turns":4},{"damage":22,"enemies":"Time Eater","floor":50,"turns":5}],"seed_played":"-1042882323478611772","potions_obtained":[{"floor":1.0,"key":"EntropicBrew"},{"floor":8.0,"key":"FairyPotion"},{"floor":13.0,"key":"AttackPotion"},{"floor":18.0,"key":"SkillPotion"},{"floor":25.0,"key":"Strength Potion"},{"floor":31.0,"key":"EntropicBrew"},{"floor":36,"key":"HeartOfIron"}],"is_trial":false,"path_per_floor":["M","M","?","M","?","R","?","M","T","E","M","R","E","M","R","B",null,"M","M","$","?","M","R","M","E","T","$","?","E","M","M","R","B",null,"M","M","$","?","M","R","E","R","T","E","$","E","R","?","R","B",null],"character_chosen":"IRONCLAD","items_purchased":["Membership Card","Mango","Combust","Pear","Double Tap","Pen Nib","Juzu Bracelet"],"campfire_rested":1,"item_purchase_floors":[20,20,20,37,45,45,45],"current_hp_per_floor":[80,80,74,74,74,74,79,69,69,70,55,55,42,38,38,28,79,73,63,77,77,76,76,63,61,61,61,61,58,53,39,81,57,93,63,54,64,64,65,65,65,65,65,62,62,54,66,66,78,65],"gold":247,"neow_bonus":"THREE_ENEMY_KILL","is_daily":false,"chose_seed":false,"campfire_upgraded":8,"win_rate":0.0,"timestamp":1613474242,"path_taken":["M","M","?","M","?","R","?","M","T","E","M","R","E","M","R","BOSS","M","M","$","?","M","R","M","E","T","$","?","E","M","M","R","BOSS","M","M","$","?","M","R","E","R","T","E","$","E","R","?","R","BOSS"],"items_purchased_type":["Relic","Relic","Card","Relic","Card","Relic","Relic"],"build_version":"2020-12-22","purchased_purges":4,"victory":true,"max_hp_per_floor":[80,80,74,74,74,74,79,79,79,79,79,79,79,79,79,79,79,79,79,93,93,93,93,93,93,93,93,93,93,93,93,93,93,93,93,93,103,98,98,98,98,98,98,98,98,98,98,98,98,98],"card_choices":[{"not_picked":["Sever Soul","Infernal Blade","Clothesline"],"picked":"SKIP","floor":1.0},{"not_picked":["Armaments","True Grit","Clothesline"],"picked":"SKIP","floor":2.0},{"not_picked":["Brutality","Reckless Charge"],"picked":"Heavy Blade","floor":4.0},{"not_picked":["Entrench","Body Slam"],"picked":"Sword Boomerang","floor":8.0},{"not_picked":["Clothesline","Flex","Shockwave"],"picked":"SKIP","floor":10.0},{"not_picked":["Second Wind","Metallicize"],"picked":"Pommel Strike","floor":11.0},{"not_picked":["Clash","Rage","Corruption"],"picked":"SKIP","floor":13.0},{"not_picked":["Armaments","Perfected Strike","Reckless Charge"],"picked":"SKIP","floor":14.0},{"not_picked":["Demon Form","Corruption"],"picked":"Impervious","floor":16.0},{"not_picked":["Reckless Charge","Clash","Havoc"],"picked":"SKIP","floor":18.0},{"not_picked":["Anger+1","Disarm"],"picked":"Bloodletting+1","floor":19.0},{"not_picked":["Whirlwind","Armaments+1","Sword Boomerang"],"picked":"SKIP","floor":22.0},{"not_picked":["Pummel","Clothesline","Uppercut"],"picked":"SKIP","floor":24.0},{"not_picked":["Barricade","Clothesline"],"picked":"Immolate","floor":25.0},{"not_picked":["Dual Wield+1","Intimidate"],"picked":"Blood for Blood","floor":29.0},{"not_picked":["Body Slam+1","Havoc","Heavy Blade"],"picked":"SKIP","floor":30.0},{"not_picked":["Ghostly Armor","Twin Strike","Flex+1"],"picked":"SKIP","floor":31.0},{"not_picked":["Brutality","Juggernaut"],"picked":"Limit Break","floor":33.0},{"not_picked":["Evolve+1","Wild Strike+1","True Grit"],"picked":"SKIP","floor":35},{"not_picked":["Feel No Pain+1","Carnage","Second Wind"],"picked":"SKIP","floor":36},{"not_picked":["Metallicize+1","Rage","Perfected Strike+1"],"picked":"SKIP","floor":39},{"not_picked":["Dropkick","Clash","Dark Embrace+1"],"picked":"SKIP","floor":41},{"not_picked":["Evolve","Clothesline+1","Metallicize"],"picked":"SKIP","floor":44},{"not_picked":["Infernal Blade","Feed","True Grit"],"picked":"SKIP","floor":46}],"player_experience":233156,"relics_obtained":[{"floor":9.0,"key":"Meat on the Bone"},{"floor":10.0,"key":"Art of War"},{"floor":13.0,"key":"Champion Belt"},{"floor":25.0,"key":"Torii"},{"floor":26.0,"key":"Regal Pillow"},{"floor":29.0,"key":"Ginger"},{"floor":41,"key":"Self Forming Clay"},{"floor":43,"key":"Eternal Feather"},{"floor":44,"key":"Magic Flower"},{"floor":46,"key":"Mummified Hand"}],"event_choices":[{"damage_healed":0.0,"max_hp_gain":0.0,"max_hp_loss":6.0,"gold_gain":0.0,"event_name":"Golden Idol","player_choice":"Lose Max HP","floor":3.0,"gold_loss":0.0,"damage_taken":0.0,"relics_obtained":["Golden Idol"]},{"damage_healed":0.0,"max_hp_gain":0.0,"max_hp_loss":0.0,"gold_gain":0.0,"event_name":"Liars Game","player_choice":"Ignored","floor":5.0,"gold_loss":0.0,"damage_taken":0.0},{"damage_healed":0.0,"max_hp_gain":5.0,"max_hp_loss":0.0,"gold_gain":0.0,"event_name":"Big Fish","player_choice":"Donut","floor":7.0,"gold_loss":0.0,"damage_taken":0.0},{"damage_healed":0.0,"max_hp_gain":0.0,"max_hp_loss":0.0,"gold_gain":99.0,"event_name":"Nest","player_choice":"Stole From Cult","floor":21.0,"gold_loss":0.0,"damage_taken":0.0},{"damage_healed":0.0,"max_hp_gain":0.0,"max_hp_loss":0.0,"gold_gain":0.0,"event_name":"The Library","player_choice":"Read","floor":28.0,"gold_loss":0.0,"damage_taken":0.0,"cards_obtained":["Hemokinesis"]},{"damage_healed":0,"gold_gain":0,"player_choice":"Max HP","damage_taken":0,"max_hp_gain":0,"max_hp_loss":5,"event_name":"Winding Halls","floor":38,"gold_loss":0},{"damage_healed":0,"gold_gain":0,"player_choice":"Memory 1","damage_taken":0,"max_hp_gain":0,"max_hp_loss":0,"event_name":"SensoryStone","floor":48,"gold_loss":0}],"is_beta":false,"boss_relics":[{"not_picked":["Velvet Choker","Ectoplasm"],"picked":"Astrolabe"},{"not_picked":["Calling Bell","Sozu"],"picked":"SlaversCollar"}],"items_purged_floors":[20,27,37,45],"is_endless":false,"potions_floor_spawned":[1,8,13,14,18,24,25,31,35,36,41],"ascension_level":3}}