{"host":"nkolxg4se00n20yf","time":1613513750,"event":{"mods":["BaseMod","CatGirl Mod","Chen","Colored Map","Colored Powertips","Downfall","Friendly Minions","Infinite Spire","Kiyohime????","Marisa????????","Minty Spire (QoL Compilation)","StSLib","Td1madao Mod","The Administrix","The Cursed","The Exalted","The Hierophant","The Servant 0.9.4"],"gold_per_floor":[112,122,222,233,247,247,273,289,289,289,302,302,0,11,11,116,116,127,127,127,127,127,127,154,154,154,169,28,38,51,51,51,155,155,169,181,181,18,69,69,97,97,97,122,141,141,161,161,161,161],"floor_reached":51,"language":"ENG","playtime":3281,"items_purged":[],"score":1130,"play_id":"397bb8e8-38fe-476d-b111-2bbde5eb6178","local_time":"20210216231550","is_ascension_mode":true,"campfire_choices":[{"data":"Eruption","floor":6.0,"key":"SMITH"},{"floor":10.0,"key":"REST"},{"data":"infinitespire:TheBestDefense","floor":15.0,"key":"SMITH"},{"floor":23.0,"key":"REST"},{"data":"RitualDagger","floor":25.0,"key":"SMITH"},{"floor":32.0,"key":"REST"},{"floor":40.0,"key":"REST"},{"floor":42.0,"key":"REST"},{"floor":49,"key":"REST"}],"circlet_count":0,"master_deck":["Strike_P","Strike_P","Strike_P","Strike_P","Defend_P","Defend_P","Defend_P","Defend_P","Eruption+1","Vigilance","CarveReality","FlurryOfBlows","ReachHeaven","FlyingSleeves","Worship","CutThroughFate","BattleHymn","infinitespire:TheBestDefense+1","Pray","DeusExMachina","EmptyFist","RitualDagger+1","DeceiveReality","ClearTheMind+1","MentalFortress","Vengeance+1","Alpha","MentalFortress+1","LikeWater","Panacea","Brilliance","Halt+1","InnerPeace+1"],"relics":["PureWater","infinitespire:PuzzleCube","Juzu Bracelet","CaptainsWheel","Membership Card","Mango","infinitespire:Cupcake","Darkstone Periapt","WingedGreaves","Bromod:ArcaneMomentum","Shuriken","Toolbox","Bromod:ArcaneEnergize","infinitespire:EmpoweringShard","CatCart","Blue Candle","Bromod:ArcaneConsequence","Bottled Flame","StrikeDummy"],"acts_visited":["Exordium","TheCity","TheBeyond"],"potions_floor_usage":[44,45],"damage_taken":[{"damage":5.0,"enemies":"2 Louse","floor":1.0,"turns":3.0},{"damage":3.0,"enemies":"Cultist","floor":2.0,"turns":4.0},{"damage":2.0,"enemies":"Jaw Worm","floor":4.0,"turns":3.0},{"damage":0.0,"enemies":"Exordium Thugs","floor":5.0,"turns":2.0},{"damage":0.0,"enemies":"Lagavulin","floor":7.0,"turns":3.0},{"damage":15.0,"enemies":"Gremlin Gang","floor":8.0,"turns":3.0},{"damage":4.0,"enemies":"Exordium Wildlife","floor":11.0,"turns":2.0},{"damage":0.0,"enemies":"Exordium Thugs","floor":14.0,"turns":2.0},{"damage":0.0,"enemies":"Slime Boss","floor":16.0,"turns":3.0},{"damage":7.0,"enemies":"3 Byrds","floor":18.0,"turns":4.0},{"damage":0.0,"enemies":"Gremlin Leader","floor":24.0,"turns":4.0},{"damage":2.0,"enemies":"Chosen","floor":27.0,"turns":3.0},{"damage":0.0,"enemies":"Sentry and Sphere","floor":29.0,"turns":3.0},{"damage":11.0,"enemies":"Shelled Parasite and Fungi","floor":30.0,"turns":5.0},{"damage":74.0,"enemies":"Automaton","floor":33.0,"turns":7.0},{"damage":3.0,"enemies":"3 Shapes","floor":35.0,"turns":2.0},{"damage":0.0,"enemies":"3 Darklings","floor":36.0,"turns":3.0},{"damage":17.0,"enemies":"Orin","floor":39.0,"turns":10.0},{"damage":63.0,"enemies":"Reptomancer","floor":41.0,"turns":4.0},{"damage":8,"enemies":"Giant Head","floor":44,"turns":5},{"damage":0,"enemies":"Maw","floor":45,"turns":6},{"damage":19,"enemies":"Jaw Worm Horde","floor":47,"turns":4},{"damage":51,"enemies":"infinitespire:MassOfShapes","floor":50,"turns":8}],"seed_played":"-4163825686004642549","potions_obtained":[{"floor":1.0,"key":"BottledMiracle"},{"floor":4.0,"key":"DuplicationPotion"},{"floor":8.0,"key":"LiquidMemories"},{"floor":11.0,"key":"champ:CounterPotion"},{"floor":14.0,"key":"Swift Potion"},{"floor":27.0,"key":"Fire Potion"},{"floor":29.0,"key":"PowerPotion"},{"floor":36.0,"key":"SpeedPotion"},{"floor":39.0,"key":"hexamod:SoulburnPotion"},{"floor":44,"key":"GamblersBrew"}],"is_trial":false,"path_per_floor":["M","M","?","M","M","R","E","M","T","R","M","?","$","M","R","B",null,"M","?","T","?","?","R","E","R","T","M","$","M","M","AVR","R","B",null,"M","M","?","$","?","R","E","R","T","E","M","AVR","M","?","R","B",null],"character_chosen":"WATCHER","items_purchased":["Membership Card","Mango","Shuriken","MentalFortress","infinitespire:EmpoweringShard","Brilliance"],"campfire_rested":6,"item_purchase_floors":[13,13,28,28,38,38],"current_hp_per_floor":[60,57,57,55,55,55,55,40,40,61,57,38,52,52,52,52,78,71,54,54,48,45,72,72,72,72,70,70,70,59,59,86,12,71,68,68,68,68,51,78,15,42,42,34,34,34,15,15,42,35],"gold":161,"neow_bonus":"RANDOM_COMMON_RELIC","is_daily":false,"chose_seed":false,"campfire_upgraded":3,"win_rate":0.0,"timestamp":1613513750,"path_taken":["M","M","?","M","?","R","E","M","T","R","M","?","$","M","R","BOSS","M","?","?","?","?","R","E","R","T","M","?","M","M","AVR","R","BOSS","M","M","?","$","?","R","E","R","T","E","M","AVR","M","?","R","BOSS"],"items_purchased_type":["Relic","Relic","Relic","Card","Relic","Card"],"build_version":"2020-12-22","purchased_purges":0,"victory":true,"max_hp_per_floor":[72,72,72,72,72,72,72,72,72,72,72,72,86,86,86,86,86,86,91,91,91,91,91,91,91,91,91,91,91,91,91,91,91,91,91,91,91,91,91,91,91,91,91,91,91,91,91,91,91,91],"card_choices":[{"not_picked":["CrushJoints","JustLucky"],"picked":"CarveReality","floor":1.0},{"not_picked":["CarveReality","CrushJoints"],"picked":"FlurryOfBlows","floor":2.0},{"not_picked":["FlurryOfBlows","JustLucky"],"picked":"ReachHeaven","floor":4.0},{"not_picked":["Sanctity","Prostrate"],"picked":"FlyingSleeves","floor":5.0},{"not_picked":["SpiritShield","Wallop"],"picked":"Worship","floor":7.0},{"not_picked":["SashWhip","JustLucky"],"picked":"CutThroughFate","floor":8.0},{"not_picked":["FlyingSleeves","Protect"],"picked":"BattleHymn","floor":11.0},{"not_picked":["infinitespire:Menacing","infinitespire:NeuralNetwork"],"picked":"infinitespire:TheBestDefense","floor":12.0},{"not_picked":["ReachHeaven","Consecrate"],"picked":"Pray","floor":14.0},{"not_picked":["Vault","Judgement"],"picked":"DeusExMachina","floor":16.0},{"not_picked":["SashWhip","InnerPeace"],"picked":"EmptyFist","floor":18.0},{"not_picked":["Indignation","ClearTheMind"],"picked":"DeceiveReality","floor":24.0},{"not_picked":["Consecrate","CutThroughFate"],"picked":"ClearTheMind+1","floor":27.0},{"not_picked":["ThirdEye","Worship","EmptyFist"],"picked":"SKIP","floor":29.0},{"not_picked":["FollowUp","DeceiveReality"],"picked":"Vengeance+1","floor":30.0},{"not_picked":["Ragnarok","Vault"],"picked":"Alpha","floor":33.0},{"not_picked":["Vengeance+1","JustLucky+1"],"picked":"MentalFortress+1","floor":35.0},{"not_picked":["ClearTheMind+1","BattleHymn+1"],"picked":"LikeWater","floor":36.0},{"not_picked":["Dark Shackles","Thinking Ahead"],"picked":"Panacea","floor":37.0},{"not_picked":["FlyingSleeves","Pray"],"picked":"Halt+1","floor":39.0},{"not_picked":["Meditate","SignatureMove+1"],"picked":"InnerPeace+1","floor":41.0},{"not_picked":["CutThroughFate+1","CrushJoints","Blasphemy"],"picked":"SKIP","floor":44},{"not_picked":["CutThroughFate+1","CrushJoints","Blasphemy"],"picked":"SKIP","floor":44},{"not_picked":["FlurryOfBlows","Weave","MentalFortress"],"picked":"SKIP","floor":45},{"not_picked":["Halt+1","ClearTheMind","JustLucky"],"picked":"SKIP","floor":47}],"player_experience":1137015,"relics_obtained":[{"floor":7.0,"key":"Juzu Bracelet"},{"floor":9.0,"key":"CaptainsWheel"},{"floor":20.0,"key":"Darkstone Periapt"},{"floor":24.0,"key":"WingedGreaves"},{"floor":26.0,"key":"Bromod:ArcaneMomentum"},{"floor":39.0,"key":"CatCart"},{"floor":41.0,"key":"Blue Candle"},{"floor":43.0,"key":"Bromod:ArcaneConsequence"},{"floor":44,"key":"Bottled Flame"}],"event_choices":[{"damage_healed":0.0,"max_hp_gain":0.0,"max_hp_loss":0.0,"gold_gain":100.0,"event_name":"Wheel of Change","player_choice":"Gold","floor":3.0,"gold_loss":0.0,"damage_taken":0.0},{"damage_healed":0.0,"max_hp_gain":5.0,"max_hp_loss":0.0,"gold_gain":0.0,"event_name":"Forgotten Altar","player_choice":"Shed Blood","floor":19.0,"gold_loss":0.0,"damage_taken":22.0},{"damage_healed":0.0,"max_hp_gain":0.0,"max_hp_loss":0.0,"gold_gain":0.0,"event_name":"Nest","player_choice":"Joined the Cult","floor":21.0,"gold_loss":0.0,"damage_taken":6.0,"cards_obtained":["RitualDagger"]},{"damage_healed":0.0,"max_hp_gain":0.0,"max_hp_loss":0.0,"gold_gain":0.0,"event_name":"Designer","player_choice":"Punched","floor":22.0,"gold_loss":0.0,"damage_taken":3.0},{"damage_healed":0.0,"max_hp_gain":0.0,"max_hp_loss":0.0,"gold_gain":0.0,"event_name":"SensoryStone","player_choice":"Memory 1","floor":37.0,"gold_loss":0.0,"damage_taken":0.0},{"damage_healed":0.0,"max_hp_gain":0.0,"max_hp_loss":0.0,"gold_gain":0.0,"event_name":"OrinTheCat","player_choice":"Fight","floor":39.0,"gold_loss":0.0,"damage_taken":0.0}],"is_beta":false,"boss_relics":[{"not_picked":["Snecko Eye","Runic Pyramid"],"picked":"infinitespire:Cupcake"},{"not_picked":["Bromod:ArcaneBarrier","Velvet Choker"],"picked":"Bromod:ArcaneEnergize"}],"items_purged_floors":[],"is_endless":false,"potions_floor_spawned":[1,4,8,11,14,27,29,36,39,44],"ascension_level":7}}