{"host":"am0cr9xwekqmrere","time":1613438487,"event":{"mods":["AchievementEnabler","Act Like it!","BaseMod","Better Altar","Better Match","Better Note","Better Sensory Stone","Better Skull","Better Third Choice","BetterRewards","Conspire","Downfall","Hubris","Infinite Spire","Minty Spire (QoL Compilation)","Rare Cards Sparkle","Spicy Shops","StSLib","Unceasing Turn Reminder"],"gold_per_floor":[0,17,43,43,57,70,97,127,139,139,160,160,60,45,62,62,62,62],"floor_reached":16,"language":"ENG","playtime":718,"items_purged":[],"score":102,"play_id":"632e5834-b302-4807-8a0c-4463c1cece79","local_time":"20210215192127","is_ascension_mode":false,"campfire_choices":[{"data":"hexamod:Sear","floor":1.0,"key":"SMITH"},{"floor":13,"key":"REST"}],"circlet_count":0,"master_deck":["hexamod:Strike","hexamod:Strike","hexamod:Strike+1","hexamod:Defend","hexamod:Defend+1","hexamod:Defend","hexamod:Defend","hexamod:Sear+1","hexamod:Float+1","hexamod:FifthSeal","hexamod:SixthSeal","hexamod:DynamicBlow","hexamod:FirstSeal","hexamod:InspiringFlames","hexamod:ThirdSeal","hexamod:PhantomFireball","hexamod:TimeOfNeed","hexamod:ThermalTransfer","hexamod:FastForward","hexamod:SecondSeal","hexamod:GhostShield","hexamod:GhostOfSpirePast","hexamod:FourthSeal","hexamod:ParanormalForm+1","hexamod:NightmareGuise","hexamod:SpectersWail","hexamod:SecondSeal","hexamod:FirstSeal","hexamod:BurningTouch"],"relics":["hexamod:SpiritBrand","hubris:OldNail","Dream Catcher","PreservedInsect","downfall:HeartBlessingGreen"],"acts_visited":["Exordium"],"potions_floor_usage":[8,8,16,16],"damage_taken":[{"damage":8.0,"enemies":"Cultist","floor":2.0,"turns":5.0},{"damage":7.0,"enemies":"Small Slimes","floor":5.0,"turns":4.0},{"damage":8.0,"enemies":"2 Louse","floor":6.0,"turns":3.0},{"damage":17,"enemies":"Gremlin Nob","floor":8,"turns":4},{"damage":17,"enemies":"downfall:LooterAlt","floor":9,"turns":5},{"damage":12,"enemies":"Exordium Wildlife","floor":11,"turns":5},{"damage":0,"enemies":"downfall:FleeingMerchant","floor":14,"turns":4},{"damage":30,"enemies":"Exordium Thugs","floor":15,"turns":8},{"damage":69,"enemies":"WA_ARCHETYPE_RETAIN","floor":16,"turns":10}],"seed_played":"-2957311866791982179","potions_obtained":[{"floor":5.0,"key":"Explosive Potion"},{"floor":6.0,"key":"Explosive Potion"},{"floor":15,"key":"conspire:TimeTravelPotion"},{"floor":15,"key":"ColorlessPotion"}],"is_trial":false,"path_per_floor":["R","M","T","?","M","M","T","E","M","?","M","?","R","$","M","B"],"character_chosen":"THE_SPIRIT","items_purchased":[],"campfire_rested":1,"item_purchase_floors":[],"current_hp_per_floor":[70,62,62,62,55,54,54,44,34,34,29,29,50,57,34,0,0,0],"gold":62,"neow_bonus":"THREE_RARE_CARDS","is_daily":false,"chose_seed":false,"campfire_upgraded":1,"win_rate":0.0,"timestamp":1613438487,"path_taken":["R","M","?","?","M","M","T","E","M","?","M","?","R","$","M","BOSS"],"items_purchased_type":[],"build_version":"2020-12-22","purchased_purges":0,"victory":false,"max_hp_per_floor":[70,70,70,70,70,70,70,70,70,70,70,70,70,70,70,70,70,70],"card_choices":[{"not_picked":["hexamod:WildfireWeapon","hexamod:GiftsFromTheDead"],"picked":"hexamod:FifthSeal","floor":0.0},{"not_picked":["hexamod:FirstSeal","hexamod:FourthSeal"],"picked":"hexamod:SixthSeal","floor":2.0},{"not_picked":["hexamod:RecurringNightmare","hexamod:ShieldOfDarkness"],"picked":"hexamod:DynamicBlow","floor":2.0},{"not_picked":["hexamod:FourthSeal","hexamod:SecondSeal"],"picked":"hexamod:FirstSeal","floor":5.0},{"not_picked":["hexamod:NightmareGuise","hexamod:SpectralAdrenaline"],"picked":"hexamod:InspiringFlames","floor":5.0},{"not_picked":["hexamod:FirstSeal","hexamod:FourthSeal"],"picked":"hexamod:ThirdSeal","floor":6.0},{"not_picked":["hexamod:FifthSeal","hexamod:GhostShield"],"picked":"hexamod:PhantomFireball","floor":6.0},{"not_picked":["hexamod:PhantomCloak","hexamod:NightmareGuise"],"picked":"hexamod:TimeOfNeed","floor":8},{"not_picked":["hexamod:BurningTouch","hexamod:Rewind"],"picked":"hexamod:ThermalTransfer","floor":8},{"not_picked":["hexamod:HeatMetal","hexamod:SwordOfDarkness"],"picked":"hexamod:FastForward","floor":9},{"not_picked":["hexamod:SixthSeal","hexamod:ThirdSeal"],"picked":"hexamod:SecondSeal","floor":9},{"not_picked":["hexamod:FlameSwitch","hexamod:HauntingEcho"],"picked":"hexamod:GhostShield","floor":9},{"not_picked":["hexamod:CatchUp","hexamod:NightmareStrike"],"picked":"hexamod:GhostOfSpirePast","floor":11},{"not_picked":["hexamod:ThirdSeal","hexamod:SecondSeal"],"picked":"hexamod:FourthSeal","floor":11},{"not_picked":["hexamod:SecondSeal","hexamod:ShieldOfDarkness"],"picked":"hexamod:ParanormalForm","floor":11},{"not_picked":["hexamod:SwordOfDarkness","hexamod:EtherealExpedition"],"picked":"hexamod:NightmareGuise","floor":13},{"not_picked":["hexamod:NecessarySacrifice","hexamod:GhostflameInferno"],"picked":"hexamod:SpectersWail","floor":14},{"not_picked":["hexamod:ThirdSeal","hexamod:FourthSeal"],"picked":"hexamod:SecondSeal","floor":14},{"not_picked":["hexamod:GhostShield","hexamod:SkipABeat","hexamod:ThirdSeal"],"picked":"SKIP","floor":14},{"not_picked":["hexamod:FourthSeal","hexamod:SixthSeal"],"picked":"hexamod:FirstSeal","floor":15},{"not_picked":["hexamod:HauntingEcho","hexamod:ThermalTransfer"],"picked":"hexamod:BurningTouch","floor":15},{"not_picked":["hexamod:PhantomFireball","hexamod:RetreatToShadows","hexamod:ShieldOfDarkness"],"picked":"SKIP","floor":15}],"player_experience":2801059,"relics_obtained":[{"floor":3.0,"key":"hubris:OldNail"},{"floor":7.0,"key":"Dream Catcher"},{"floor":8,"key":"PreservedInsect"}],"event_choices":[{"damage_healed":0,"gold_gain":0,"player_choice":"Grow","damage_taken":0,"max_hp_gain":0,"max_hp_loss":0,"event_name":"Living Wall","floor":10,"gold_loss":0,"cards_upgraded":["hexamod:Float"]}],"is_beta":false,"boss_relics":[],"items_purged_floors":[],"is_endless":false,"potions_floor_spawned":[5,6,15],"killed_by":"WA_ARCHETYPE_RETAIN","ascension_level":0}}