{"host":"c64dsqyrqv0ei9yn","time":1613439562,"event":{"mods":["BaseMod","Bestiary","Colored Map","LagranYue(ùfäiòNÅEåé)","Minty Spire (QoL Compilation)","Prisma Mod","Random Character Button","StSLib","The Alterego","The Saiyan","The Servant 0.9.4","The Wild Card"],"gold_per_floor":[95,111,127,141,118,146,146,146,146,146,161,161,187,204,204,302,302,314,324,324,239,261,273,296,308,320,40,40,57,73,73,73,73,73],"floor_reached":33,"language":"ENG","playtime":6660,"items_purged":["Saiyan:SAIYA_Strike"],"score":284,"play_id":"d176401a-5b88-4adc-bde7-36c246f460fa","local_time":"20210216013922","is_ascension_mode":false,"campfire_choices":[{"data":"Saiyan:DragonFist","floor":7,"key":"SMITH"},{"data":"Saiyan:DragonRadar","floor":10,"key":"SMITH"},{"data":"Saiyan:UltraInstinct","floor":12,"key":"SMITH"},{"data":"Saiyan:Medicine","floor":15,"key":"SMITH"},{"floor":23,"key":"REST"},{"floor":25,"key":"REST"},{"data":"Saiyan:BigBangAttack","floor":32,"key":"SMITH"}],"circlet_count":0,"master_deck":["Saiyan:SAIYA_Strike","Saiyan:SAIYA_Strike","Saiyan:SAIYA_Strike","Saiyan:SAIYA_Defend","Saiyan:SAIYA_Defend","Saiyan:SAIYA_Defend","Saiyan:SAIYA_Defend","Saiyan:EnergyBlast","Saiyan:KaioKen+1","Saiyan:RuthlessBlow","Saiyan:RemoveWeights","Saiyan:BigBangAttack+1","Saiyan:KameHameHa","Saiyan:ExpandingShockwave","Saiyan:DragonFist+1","Saiyan:DragonRadar+1","Saiyan:UltraInstinct+1","Saiyan:Medicine+1","Saiyan:TurtleShell","Saiyan:SolarFlare","Saiyan:PowerStance"],"relics":["SaiyanSoul","SaiyanHeart","Darkstone Periapt","Meat on the Bone","Gremlin Horn","Busted Crown","Prayer Wheel","MawBank","Torii","Pen Nib"],"acts_visited":["Exordium","TheCity"],"potions_floor_usage":[33,33,33],"damage_taken":[{"damage":0,"enemies":"Cultist","floor":1,"turns":4},{"damage":0,"enemies":"2 Louse","floor":2,"turns":2},{"damage":2,"enemies":"Jaw Worm","floor":3,"turns":3},{"damage":3,"enemies":"Looter","floor":4,"turns":2},{"damage":22,"enemies":"Lagavulin","floor":6,"turns":6},{"damage":5,"enemies":"Blue Slaver","floor":11,"turns":2},{"damage":3,"enemies":"Gremlin Nob","floor":13,"turns":4},{"damage":0,"enemies":"3 Louse","floor":14,"turns":2},{"damage":26,"enemies":"The Guardian","floor":16,"turns":15},{"damage":29,"enemies":"3 Byrds","floor":18,"turns":8},{"damage":15,"enemies":"Chosen","floor":19,"turns":6},{"damage":36,"enemies":"Snecko","floor":22,"turns":8},{"damage":27,"enemies":"Chosen and Byrds","floor":24,"turns":9},{"damage":14,"enemies":"Snake Plant","floor":29,"turns":6},{"damage":25,"enemies":"Centurion and Healer","floor":30,"turns":9},{"damage":64,"enemies":"Champ","floor":33,"turns":11}],"seed_played":"2486529233235922784","potions_obtained":[{"floor":1,"key":"BlessingOfTheForge"},{"floor":11,"key":"EntropicBrew"},{"floor":18,"key":"BlessingOfTheForge"}],"is_trial":false,"path_per_floor":["M","M","M","M","$","E","R","?","T","R","M","R","E","M","R","B",null,"M","M","T","?","M","R","M","R","T","$","?","M","M","$","R","B"],"character_chosen":"SAIYAJIN","items_purchased":["Saiyan:DragonFist","Saiyan:PowerStance","Pen Nib"],"campfire_rested":2,"item_purchase_floors":[5,27,27],"current_hp_per_floor":[67,68,67,65,65,44,44,44,44,44,39,39,38,40,40,33,74,51,43,43,43,25,47,39,61,61,61,61,53,47,47,47,0,0],"gold":73,"neow_bonus":"TEN_PERCENT_HP_BONUS","is_daily":false,"chose_seed":false,"campfire_upgraded":5,"win_rate":0.0,"timestamp":1613439562,"path_taken":["M","M","M","M","$","E","R","?","T","R","M","R","E","?","R","BOSS","M","M","?","?","M","R","M","R","T","?","?","?","M","$","R","BOSS"],"items_purchased_type":["Card","Card","Relic"],"build_version":"2020-12-22","purchased_purges":1,"victory":false,"max_hp_per_floor":[67,68,69,70,70,71,71,71,71,71,71,71,73,73,73,74,74,74,75,75,75,75,75,76,76,76,76,76,76,77,77,77,77,77],"card_choices":[{"not_picked":["Saiyan:AugmentedBlast","Saiyan:SaiyanHubris"],"picked":"Saiyan:RemoveWeights","floor":1},{"not_picked":["Saiyan:ReverberatingForce","Saiyan:SaiyanHubris"],"picked":"Saiyan:BigBangAttack","floor":2},{"not_picked":["Saiyan:MeteorDash","Saiyan:FingerParry"],"picked":"Saiyan:KameHameHa","floor":3},{"not_picked":["Saiyan:PressOn","Saiyan:TurtleShell"],"picked":"Saiyan:ExpandingShockwave","floor":4},{"not_picked":["Saiyan:BackAttack","Saiyan:AugmentedBlast"],"picked":"Saiyan:DragonRadar","floor":6},{"not_picked":["Saiyan:Afterimage","Saiyan:GenkiDama"],"picked":"Saiyan:UltraInstinct","floor":11},{"not_picked":["Saiyan:SpiritSword","Saiyan:PlotArmor"],"picked":"Saiyan:Medicine","floor":13},{"not_picked":["Saiyan:LastResort","Saiyan:Flurry"],"picked":"Saiyan:TurtleShell","floor":14},{"not_picked":["Saiyan:Rekindle","Saiyan:MindBoom"],"picked":"Saiyan:SolarFlare","floor":16},{"not_picked":["Saiyan:BackAttack"],"picked":"SKIP","floor":18},{"not_picked":["Saiyan:RemoveWeights+1"],"picked":"SKIP","floor":19},{"not_picked":["Saiyan:SpiritSword"],"picked":"SKIP","floor":22},{"not_picked":["Saiyan:Quickening"],"picked":"SKIP","floor":22},{"not_picked":["Saiyan:ExpandingShockwave"],"picked":"SKIP","floor":24},{"not_picked":["Saiyan:PlotArmor"],"picked":"SKIP","floor":24},{"not_picked":["Saiyan:Reset"],"picked":"SKIP","floor":29},{"not_picked":["Saiyan:ExpandingShockwave+1"],"picked":"SKIP","floor":29},{"not_picked":["Saiyan:Expend"],"picked":"SKIP","floor":30},{"not_picked":["Saiyan:Medicine"],"picked":"SKIP","floor":30}],"player_experience":75046,"relics_obtained":[{"floor":6,"key":"Darkstone Periapt"},{"floor":9,"key":"Meat on the Bone"},{"floor":13,"key":"Gremlin Horn"},{"floor":20,"key":"Prayer Wheel"},{"floor":26,"key":"Torii"}],"event_choices":[{"damage_healed":0,"gold_gain":0,"player_choice":"Forge","damage_taken":0,"max_hp_gain":0,"max_hp_loss":0,"event_name":"Accursed Blacksmith","floor":8,"gold_loss":0,"cards_upgraded":["Saiyan:KaioKen"]},{"damage_healed":0,"gold_gain":0,"player_choice":"Obtained Relic","damage_taken":0,"relics_obtained":["MawBank"],"max_hp_gain":0,"max_hp_loss":0,"event_name":"Addict","floor":21,"gold_loss":85},{"damage_healed":0,"gold_gain":0,"player_choice":"Ignored","damage_taken":0,"max_hp_gain":0,"max_hp_loss":0,"event_name":"Cursed Tome","floor":28,"gold_loss":0}],"is_beta":false,"boss_relics":[{"not_picked":["Coffee Dripper","Astrolabe"],"picked":"Busted Crown"}],"items_purged_floors":[27],"is_endless":false,"potions_floor_spawned":[1,11,18,24],"killed_by":"Champ","ascension_level":0}}