{"host":"u7bb6mvzuirwfcqo","time":1613483900,"event":{"mods":["2.2 Compatiblity","AchievementEnabler","BaseMod","Card Forge","Downfall","Hermit","Minty Spire (QoL Compilation)","Relic Stats","StSLib"],"gold_per_floor":[13,26,26,40,40,80,80,104,177,211,226,69,69,83,83,214,214,227,227,270,172,172,172,188,188,236,236,236],"floor_reached":27,"language":"ENG","playtime":1184,"items_purged":[],"score":221,"play_id":"afe95b5e-c7fa-4bbf-976f-e1eb022a6d98","local_time":"20210216085820","is_ascension_mode":false,"campfire_choices":[{"data":"sneckomod:TailWhip","floor":7.0,"key":"SMITH"},{"data":"sneckomod:WideSting","floor":13.0,"key":"SMITH"},{"data":"sneckomod:SnakeSap","floor":15.0,"key":"SMITH"},{"data":"sneckomod:Mudshield","floor":23,"key":"SMITH"},{"data":"sneckomod:SnakeSap","floor":25,"key":"SMITH"}],"circlet_count":0,"master_deck":["sneckomod:Strike","sneckomod:Strike","sneckomod:Strike","sneckomod:Defend","sneckomod:Defend","sneckomod:Defend","sneckomod:TailWhip+1","sneckomod:SnekBite","sneckomod:Unknown","sneckomod:Unknown","sneckomod:SnakeSap+1","sneckomod:WideSting+1","sneckomod:SnakeSap+1","sneckomod:UnknownCommonAttack","sneckomod:QuickBite","sneckomod:MorePower","sneckomod:Unknown1Cost+1","sneckomod:SoulDraw","sneckomod:UnknownClassDEFAULT_GRAY_COLOR","sneckomod:MorePower","sneckomod:SoulDraw","sneckomod:UnknownClassTHE_CHAMP_GRAY","sneckomod:UnknownStrength+1","sneckomod:UnknownCommonAttack","sneckomod:UnknownBlock+1","sneckomod:Mudshield+1","sneckomod:Unknown1Cost+1","sneckomod:Unknown1Cost+1","sneckomod:UnknownDexterity+1","sneckomod:QuickBite","sneckomod:IronFang","sneckomod:DiceCrush","sneckomod:UnknownStrength+1","sneckomod:UnknownClassTHE_CHAMP_GRAY"],"relics":["sneckomod:SneckoSoul","Hammer of Thor","Seething Fire","Anvil of the Gods","WingedGreaves","Golden Idol","FossilizedHelix","Sundial","sneckomod:LoadedDie","Orrery","Sozu","Red Mask","Ice Cream","sneckomod:SneckoCommon"],"acts_visited":["Exordium","TheCity"],"potions_floor_usage":[],"damage_taken":[{"damage":5.0,"enemies":"2 Louse","floor":1.0,"turns":2.0},{"damage":3.0,"enemies":"Jaw Worm","floor":2.0,"turns":3.0},{"damage":6.0,"enemies":"Small Slimes","floor":4.0,"turns":3.0},{"damage":16.0,"enemies":"Gremlin Nob","floor":6.0,"turns":4.0},{"damage":0.0,"enemies":"Blue Slaver","floor":8.0,"turns":3.0},{"damage":8.0,"enemies":"3 Sentries","floor":10.0,"turns":4.0},{"damage":0.0,"enemies":"Exordium Wildlife","floor":11.0,"turns":3.0},{"damage":0.0,"enemies":"Gremlin Gang","floor":14.0,"turns":4.0},{"damage":24.0,"enemies":"Hexaghost","floor":16.0,"turns":6.0},{"damage":38.0,"enemies":"Shell Parasite","floor":18.0,"turns":5.0},{"damage":30,"enemies":"Masked Bandits","floor":20,"turns":4},{"damage":0,"enemies":"Chosen","floor":24,"turns":3},{"damage":48,"enemies":"Gremlin Leader","floor":27,"turns":7}],"seed_played":"-1048114785546335652","potions_obtained":[{"floor":1.0,"key":"SkillPotion"},{"floor":2.0,"key":"sneckomod:OffclassReductionPotion"},{"floor":4.0,"key":"Explosive Potion"},{"floor":14.0,"key":"LiquidBronze"}],"is_trial":false,"path_per_floor":["M","M","?","M","?","E","R","M","T","E","M","$","R","M","R","B",null,"M","?","?","$","T","R","M","R","T","E"],"character_chosen":"THE_SNECKO","items_purchased":["Orrery","sneckomod:IronFang","sneckomod:DiceCrush"],"campfire_rested":0,"item_purchase_floors":[12,21,21],"current_hp_per_floor":[85,82,82,76,76,60,60,60,60,52,52,52,52,52,52,28,83,75,75,45,45,45,45,45,45,45,0,0],"gold":236,"neow_bonus":"ONE_RARE_RELIC","is_daily":false,"chose_seed":false,"campfire_upgraded":5,"win_rate":0.0,"timestamp":1613483900,"path_taken":["M","M","?","M","?","E","R","M","T","E","M","$","R","M","R","BOSS","M","?","?","?","?","R","M","R","T","E"],"items_purchased_type":["Relic","Card","Card"],"build_version":"2020-12-22","purchased_purges":0,"victory":false,"max_hp_per_floor":[90,90,83,83,83,83,83,83,83,83,83,83,83,83,83,83,83,83,83,83,83,83,83,83,83,83,83,83],"relic_stats":{"Sozu":1,"counters":[13,51],"Golden Idol":70,"Sundial":[2],"obtain_stats":[{"Ice Cream":22,"sneckomod:SneckoCommon":26,"sneckomod:LoadedDie":10,"Golden Idol":3,"Hammer of Thor":0,"Seething Fire":0,"sneckomod:SneckoSoul":0,"Sozu":17,"Anvil of the Gods":0,"Sundial":9,"Orrery":12,"WingedGreaves":0,"Red Mask":20,"FossilizedHelix":6},{"Ice Cream":11,"sneckomod:SneckoCommon":12,"sneckomod:LoadedDie":6,"Golden Idol":2,"Hammer of Thor":0,"Seething Fire":0,"sneckomod:SneckoSoul":0,"Sozu":9,"Anvil of the Gods":0,"Sundial":5,"Orrery":7,"WingedGreaves":0,"Red Mask":11,"FossilizedHelix":4},{"Ice Cream":41,"sneckomod:SneckoCommon":44,"sneckomod:LoadedDie":19,"Golden Idol":5,"Hammer of Thor":0,"Seething Fire":0,"sneckomod:SneckoSoul":0,"Sozu":32,"Anvil of the Gods":0,"Sundial":15,"Orrery":22,"WingedGreaves":0,"Red Mask":41,"FossilizedHelix":12}]},"card_choices":[{"not_picked":["sneckomod:MasterEye","sneckomod:Unknown1Cost"],"picked":"sneckomod:SnakeSap","floor":1.0},{"not_picked":["sneckomod:SoulRoll","sneckomod:UnknownDexterity"],"picked":"sneckomod:WideSting","floor":2.0},{"not_picked":["sneckomod:UnknownClassTHE_CHAMP_GRAY","sneckomod:UnknownCommonAttack"],"picked":"sneckomod:SnakeSap","floor":4.0},{"not_picked":["sneckomod:UnknownClassRED","sneckomod:SoulRoll"],"picked":"sneckomod:UnknownCommonAttack","floor":6.0},{"not_picked":["sneckomod:MasterEye","sneckomod:UnknownX"],"picked":"sneckomod:QuickBite","floor":8.0},{"not_picked":["sneckomod:Unknown3Cost","sneckomod:SoulRoll"],"picked":"sneckomod:MorePower","floor":10.0},{"not_picked":["sneckomod:UnknownExhaust+1","sneckomod:UnknownUncommonPower+1"],"picked":"sneckomod:Unknown1Cost+1","floor":11.0},{"not_picked":["sneckomod:Nope","sneckomod:UnknownUncommonSkill","sneckomod:UnknownBlock"],"picked":"SKIP","floor":11.0},{"not_picked":["sneckomod:PureSnecko","sneckomod:RainOfDice"],"picked":"sneckomod:SoulDraw","floor":12.0},{"not_picked":["sneckomod:QuickMove","sneckomod:UnknownDraw"],"picked":"sneckomod:UnknownClassDEFAULT_GRAY_COLOR","floor":12.0},{"not_picked":["sneckomod:UnknownClassRED","sneckomod:UnknownDraw"],"picked":"sneckomod:MorePower","floor":12.0},{"not_picked":["sneckomod:CheapStock","sneckomod:RainOfDice"],"picked":"sneckomod:SoulDraw","floor":12.0},{"not_picked":["sneckomod:UnknownClassRED","sneckomod:UnknownWeak"],"picked":"sneckomod:UnknownClassTHE_CHAMP_GRAY","floor":12.0},{"not_picked":["sneckomod:UnknownBlock+1","sneckomod:Unknown0Cost+1"],"picked":"sneckomod:UnknownStrength+1","floor":14.0},{"not_picked":["sneckomod:RainOfDice","sneckomod:QuickMove"],"picked":"sneckomod:UnknownCommonAttack","floor":14.0},{"not_picked":["sneckomod:UnknownRarePower+1","sneckomod:UnknownWeak+1"],"picked":"sneckomod:UnknownBlock+1","floor":16.0},{"not_picked":["sneckomod:GlitteringGambit","sneckomod:UnknownRareSkill"],"picked":"sneckomod:Mudshield","floor":16.0},{"not_picked":["sneckomod:UnknownBlock","sneckomod:UnknownCommonAttack+1"],"picked":"sneckomod:Unknown1Cost+1","floor":18.0},{"not_picked":["sneckomod:Unknown0Cost+1","sneckomod:UnknownStrike+1"],"picked":"sneckomod:Unknown1Cost+1","floor":20},{"not_picked":["sneckomod:Unknown0Cost+1","sneckomod:UnknownWeak+1"],"picked":"sneckomod:UnknownDexterity+1","floor":20},{"not_picked":["sneckomod:QuickMove","sneckomod:SoulDraw"],"picked":"sneckomod:QuickBite","floor":20},{"not_picked":["sneckomod:UnknownUncommonAttack","sneckomod:SoulRoll"],"picked":"sneckomod:UnknownStrength+1","floor":24}],"player_experience":85869,"relics_obtained":[{"floor":6.0,"key":"FossilizedHelix"},{"floor":9.0,"key":"Sundial"},{"floor":10.0,"key":"sneckomod:LoadedDie"},{"floor":20,"key":"Red Mask"},{"floor":22,"key":"Ice Cream"},{"floor":26,"key":"sneckomod:SneckoCommon"}],"event_choices":[{"damage_healed":0.0,"max_hp_gain":0.0,"max_hp_loss":7.0,"gold_gain":0.0,"event_name":"Golden Idol","player_choice":"Lose Max HP","floor":3.0,"gold_loss":0.0,"damage_taken":0.0,"relics_obtained":["Golden Idol"]},{"damage_healed":0,"gold_gain":0,"player_choice":"Fought Bandits","damage_taken":0,"max_hp_gain":0,"max_hp_loss":0,"event_name":"Masked Bandits","floor":20,"gold_loss":0}],"is_beta":false,"boss_relics":[{"not_picked":["Ectoplasm","Philosopher\u0027s Stone"],"picked":"Sozu"}],"items_purged_floors":[],"is_endless":false,"potions_floor_spawned":[1,2,4,14,20],"killed_by":"Gremlin Leader","ascension_level":0}}