{"host":"n95r2z13dwkl182w","time":1613460065,"event":{"mods":["2.2 Compatiblity","AchievementEnabler","BaseMod","Colored Map","Hermit","Marisa£¨Ùöéë¡¡Øª×âÞÞ£©","Minty Spire (QoL Compilation)","StSLib","SuperFastMode","The Poker Player","everything is the same but u backflip on backflip"],"gold_per_floor":[115,115,115,134,134,162,162,193,220,220,220,240,265,16,16,115,115,132,132,132,132,232,232,265,265,312,341,353,365,377,424,436,548,560,588,611,673,685,697,697],"floor_reached":39,"language":"KOR","playtime":1009,"items_purged":[],"score":603,"play_id":"6fbd5a3c-7d84-4f72-bea8-cdae5e462843","local_time":"20210216162105","is_ascension_mode":true,"campfire_choices":[{"data":"Twin Strike","floor":7.0,"key":"SMITH"},{"data":"Strike_R","floor":10.0,"key":"SMITH"},{"data":"Perfected Strike","floor":15.0,"key":"SMITH"},{"data":"Demon Form","floor":23.0,"key":"SMITH"},{"data":"Ghostly","floor":30.0,"key":"SMITH"},{"data":"Ghostly","floor":32.0,"key":"SMITH"}],"circlet_count":0,"master_deck":["Defend_R+1","Defend_R+1","Defend_R+1","Defend_R+1","Bash+1","Twin Strike+1","Perfected Strike+1","Demon Form+1","Wild Strike","Bite","Bite","Bite","Bite","Bite","Pommel Strike+1","Ghostly+1","Ghostly+1","Ghostly","Ghostly","Ghostly","RitualDagger","Perfected Strike","Double Tap","Twin Strike+1"],"relics":["Black Blood","NeowsBlessing","Dream Catcher","War Paint","Ornamental Fan","Smiling Mask","Juzu Bracelet","Mark of Pain","Lizard Tail","MawBank","MutagenicStrength","Sundial","Girya"],"acts_visited":["Exordium","TheCity","TheBeyond"],"potions_floor_usage":[39],"damage_taken":[{"damage":0.0,"enemies":"Cultist","floor":1.0,"turns":1.0},{"damage":0.0,"enemies":"Jaw Worm","floor":4.0,"turns":1.0},{"damage":0.0,"enemies":"Lagavulin","floor":6.0,"turns":1.0},{"damage":20.0,"enemies":"Gremlin Nob","floor":8.0,"turns":4.0},{"damage":0.0,"enemies":"2 Louse","floor":12.0,"turns":2.0},{"damage":16.0,"enemies":"Lagavulin","floor":13.0,"turns":3.0},{"damage":11.0,"enemies":"Slime Boss","floor":16.0,"turns":8.0},{"damage":24.0,"enemies":"3 Byrds","floor":18.0,"turns":6.0},{"damage":8.0,"enemies":"Chosen","floor":20.0,"turns":4.0},{"damage":0.0,"enemies":"Gremlin Leader","floor":24.0,"turns":7.0},{"damage":2.0,"enemies":"Centurion and Healer","floor":27.0,"turns":5.0},{"damage":5.0,"enemies":"Slavers","floor":31.0,"turns":6.0},{"damage":40.0,"enemies":"Collector","floor":33.0,"turns":9.0},{"damage":22.0,"enemies":"3 Shapes","floor":35.0,"turns":5.0},{"damage":23.0,"enemies":"Orb Walker","floor":36.0,"turns":5.0},{"damage":30.0,"enemies":"Mind Bloom Boss Battle","floor":37.0,"turns":7.0},{"damage":104,"enemies":"Time Eater","floor":39,"turns":10}],"seed_played":"6879394357156819865","potions_obtained":[{"floor":1.0,"key":"Block Potion"},{"floor":8.0,"key":"AttackPotion"},{"floor":13.0,"key":"ColorlessPotion"},{"floor":24.0,"key":"SpeedPotion"},{"floor":27.0,"key":"FairyPotion"},{"floor":31.0,"key":"DuplicationPotion"},{"floor":33.0,"key":"LiquidMemories"},{"floor":35.0,"key":"LiquidMemories"},{"floor":36.0,"key":"LiquidMemories"},{"floor":37.0,"key":"FairyPotion"}],"is_trial":false,"path_per_floor":["M","?","?","M","$","E","R","E","T","R","?","M","E","$","R","B",null,"M","?","M","?","?","R","E","?","T","M","?","?","R","E","R","B",null,"M","M","?","?","B"],"character_chosen":"IRONCLAD","items_purchased":["Juzu Bracelet","Fruit Juice"],"campfire_rested":0,"item_purchase_floors":[14,14],"current_hp_per_floor":[80,80,64,70,70,76,76,62,62,62,62,70,62,67,67,64,85,67,67,67,67,67,67,85,42,42,42,36,36,36,42,42,20,42,35,30,28,28,0,0],"gold":697,"neow_bonus":"THREE_ENEMY_KILL","is_daily":false,"chose_seed":false,"campfire_upgraded":6,"win_rate":0.0,"timestamp":1613460065,"path_taken":["M","?","?","M","?","E","R","E","T","R","?","M","E","$","R","BOSS","M","?","M","?","?","R","E","?","T","M","?","?","R","E","R","BOSS","M","M","?","?","BOSS"],"items_purchased_type":["Relic","Potion"],"build_version":"2020-12-22","purchased_purges":0,"victory":false,"max_hp_per_floor":[80,80,80,80,80,80,80,80,80,80,80,80,80,85,85,85,85,85,85,85,85,85,85,85,42,42,42,42,42,42,42,42,42,42,42,42,42,42,42,42],"card_choices":[{"not_picked":["Shockwave","Havoc","Spot Weakness"],"picked":"SKIP","floor":1.0},{"not_picked":["Clash","Ghostly Armor"],"picked":"Twin Strike","floor":4.0},{"not_picked":["Intimidate","Warcry","Whirlwind"],"picked":"SKIP","floor":6.0},{"not_picked":["Heavy Blade","Blood for Blood","Reckless Charge"],"picked":"SKIP","floor":8.0},{"not_picked":["Body Slam","Burning Pact"],"picked":"Perfected Strike","floor":12.0},{"not_picked":["Spot Weakness","Wild Strike","True Grit"],"picked":"SKIP","floor":13.0},{"not_picked":["Feed","Juggernaut"],"picked":"Demon Form","floor":16.0},{"not_picked":["Cleave","Havoc"],"picked":"Wild Strike","floor":18.0},{"not_picked":["Combust","Carnage+1","Headbutt"],"picked":"SKIP","floor":20.0},{"not_picked":["Wild Strike+1","Impervious"],"picked":"Pommel Strike+1","floor":24.0},{"not_picked":["Wild Strike","Flex+1","Seeing Red+1"],"picked":"SKIP","floor":27.0},{"not_picked":["Body Slam","Uppercut"],"picked":"Perfected Strike","floor":31.0},{"not_picked":["Juggernaut","Bludgeon"],"picked":"Double Tap","floor":33.0},{"not_picked":["Intimidate+1","Thunderclap","Armaments+1"],"picked":"SKIP","floor":35.0},{"not_picked":["Flame Barrier+1","Evolve+1","Combust+1"],"picked":"SKIP","floor":36.0},{"not_picked":["Warcry","Shockwave+1"],"picked":"Twin Strike+1","floor":37.0}],"player_experience":90853,"relics_obtained":[{"floor":6.0,"key":"Dream Catcher"},{"floor":8.0,"key":"Blood Vial"},{"floor":9.0,"key":"War Paint"},{"floor":13.0,"key":"Smiling Mask"},{"floor":24.0,"key":"Lizard Tail"},{"floor":26.0,"key":"MawBank"},{"floor":31.0,"key":"Sundial"},{"floor":37.0,"key":"Girya"}],"event_choices":[{"damage_healed":0.0,"max_hp_gain":0.0,"max_hp_loss":0.0,"gold_gain":0.0,"event_name":"Living Wall","player_choice":"Grow","floor":2.0,"gold_loss":0.0,"damage_taken":0.0,"cards_upgraded":["Bash"]},{"damage_healed":0.0,"max_hp_gain":0.0,"max_hp_loss":0.0,"gold_gain":0.0,"event_name":"Shining Light","player_choice":"Entered Light","floor":3.0,"gold_loss":0.0,"damage_taken":16.0,"cards_upgraded":["Defend_R","Defend_R"]},{"damage_healed":0.0,"max_hp_gain":0.0,"max_hp_loss":0.0,"gold_gain":0.0,"event_name":"Big Fish","player_choice":"Box","floor":11.0,"gold_loss":0.0,"damage_taken":0.0,"relics_obtained":["Ornamental Fan"],"cards_obtained":["Regret"]},{"cards_removed":["Regret"],"damage_healed":0.0,"max_hp_gain":0.0,"max_hp_loss":0.0,"gold_gain":0.0,"event_name":"Back to Basics","player_choice":"Elegance","floor":19.0,"gold_loss":0.0,"damage_taken":0.0},{"damage_healed":0.0,"max_hp_gain":0.0,"max_hp_loss":0.0,"gold_gain":0.0,"event_name":"Vampires","player_choice":"Became a vampire (Vial)","floor":21.0,"relics_lost":["Blood Vial"],"gold_loss":0.0,"damage_taken":0.0,"cards_obtained":["Bite","Bite","Bite","Bite","Bite"]},{"damage_healed":0.0,"max_hp_gain":0.0,"max_hp_loss":0.0,"gold_gain":100.0,"event_name":"Golden Shrine","player_choice":"Pray","floor":22.0,"gold_loss":0.0,"damage_taken":0.0},{"damage_healed":0.0,"max_hp_gain":0.0,"max_hp_loss":43.0,"gold_gain":0.0,"event_name":"Ghosts","player_choice":"Became a Ghost","floor":25.0,"gold_loss":0.0,"damage_taken":0.0,"cards_obtained":["Ghostly","Ghostly","Ghostly","Ghostly","Ghostly"]},{"damage_healed":0.0,"max_hp_gain":0.0,"max_hp_loss":0.0,"gold_gain":0.0,"event_name":"Nest","player_choice":"Joined the Cult","floor":28.0,"gold_loss":0.0,"damage_taken":6.0,"cards_obtained":["RitualDagger"]},{"damage_healed":0.0,"max_hp_gain":0.0,"max_hp_loss":0.0,"gold_gain":0.0,"event_name":"Drug Dealer","player_choice":"Inject Mutagens","floor":29.0,"gold_loss":0.0,"damage_taken":0.0,"relics_obtained":["MutagenicStrength"]},{"damage_healed":0.0,"max_hp_gain":0.0,"max_hp_loss":0.0,"gold_gain":0.0,"event_name":"MindBloom","player_choice":"Fight","floor":37.0,"gold_loss":0.0,"damage_taken":0.0},{"damage_healed":0.0,"max_hp_gain":0.0,"max_hp_loss":0.0,"gold_gain":0.0,"event_name":"SecretPortal","player_choice":"Took Portal","floor":38.0,"gold_loss":0.0,"damage_taken":0.0}],"is_beta":false,"boss_relics":[{"not_picked":["Astrolabe","SacredBark"],"picked":"Mark of Pain"},{"not_picked":["Empty Cage","Snecko Eye"],"picked":"Black Blood"}],"items_purged_floors":[],"is_endless":false,"potions_floor_spawned":[1,8,13,24,27,31,33,35,36,37],"killed_by":"Time Eater","ascension_level":3}}