{"host":"sav7uxregyirlf69","time":1613446582,"event":{"mods":["AchievementEnabler","BaseMod","Colored Map","DeckTracker","Keyboard Shortcuts","Minty Spire (QoL Compilation)","READ ME - Guardian Mod","StSLib","SuperFastMode"],"gold_per_floor":[112,112,125,13,13,47,47,80,103,103,28,53,53,87,87,180,180,205,295,316,43,43,43],"floor_reached":22,"language":"KOR","playtime":289,"items_purged":["Strike_G","Strike_G"],"score":450,"play_id":"5e0af450-702b-47a3-8493-6df640e31b2f","local_time":"20210216123622","is_ascension_mode":true,"campfire_choices":[{"data":"Masterful Stab","floor":7,"key":"SMITH"},{"data":"Noxious Fumes","floor":10,"key":"SMITH"},{"data":"Neutralize","floor":13,"key":"SMITH"},{"data":"Bouncing Flask","floor":15,"key":"SMITH"}],"circlet_count":0,"master_deck":["AscendersBane","Strike_G+1","Strike_G+1","Strike_G","Defend_G","Defend_G","Defend_G","Defend_G","Survivor","Neutralize+1","Masterful Stab+1","Predator","Noxious Fumes+1","Well Laid Plans","Die Die Die","Bouncing Flask+1","Blur+1"],"relics":["Ring of the Snake","NeowsBlessing","Golden Idol","Strawberry","Blue Candle","Anchor","Bronze Scales","Fusion Hammer","Happy Flower"],"acts_visited":["Exordium","TheCity"],"potions_floor_usage":[8,16,22],"damage_taken":[{"damage":0,"enemies":"Small Slimes","floor":1,"turns":1},{"damage":0,"enemies":"2 Louse","floor":3,"turns":2},{"damage":0,"enemies":"Gremlin Nob","floor":6,"turns":1},{"damage":12,"enemies":"3 Sentries","floor":8,"turns":6},{"damage":2,"enemies":"Jaw Worm","floor":12,"turns":2},{"damage":16,"enemies":"Gremlin Nob","floor":14,"turns":4},{"damage":7,"enemies":"The Guardian","floor":16,"turns":7},{"damage":11,"enemies":"Chosen","floor":18,"turns":4},{"damage":14,"enemies":"2 Thieves","floor":20,"turns":3},{"damage":21,"enemies":"Snake Plant","floor":22,"turns":3}],"seed_played":"5675175133250694087","potions_obtained":[{"floor":6,"key":"Explosive Potion"},{"floor":12,"key":"Explosive Potion"},{"floor":14,"key":"Poison Potion"},{"floor":16,"key":"SmokeBomb"},{"floor":18,"key":"DistilledChaos"}],"is_trial":false,"path_per_floor":["M","?","M","$","?","E","R","E","T","R","?","M","R","E","R","B",null,"M","?","M","$","M"],"character_chosen":"THE_SILENT","items_purchased":["Noxious Fumes","Happy Flower"],"campfire_rested":0,"item_purchase_floors":[4,21],"current_hp_per_floor":[59,39,39,39,39,46,46,34,34,34,34,32,32,16,16,9,53,42,30,16,16,0,0],"gold":43,"neow_bonus":"THREE_ENEMY_KILL","is_daily":false,"chose_seed":false,"campfire_upgraded":4,"win_rate":0.0,"timestamp":1613446582,"path_taken":["M","?","M","$","?","E","R","E","T","R","?","M","R","E","R","BOSS","M","?","M","$","?"],"items_purchased_type":["Card","Relic"],"build_version":"2020-12-22","purchased_purges":2,"victory":false,"max_hp_per_floor":[66,66,66,66,60,67,67,67,67,67,67,67,67,67,67,67,67,67,67,67,67,67,67],"card_choices":[{"not_picked":["Deflect","Dodge and Roll"],"picked":"Masterful Stab","floor":1},{"not_picked":["Footwork","Blur"],"picked":"Predator","floor":3},{"not_picked":["Underhanded Strike","Phantasmal Killer"],"picked":"Well Laid Plans","floor":6},{"not_picked":["Backflip","Noxious Fumes"],"picked":"Die Die Die","floor":8},{"not_picked":["Prepared","Cloak And Dagger","Choke"],"picked":"SKIP","floor":12},{"not_picked":["Dagger Spray","Choke"],"picked":"Bouncing Flask","floor":14},{"not_picked":["Eviscerate","Deadly Poison"],"picked":"Blur+1","floor":18},{"not_picked":["Poisoned Stab","Skewer","Slice"],"picked":"SKIP","floor":20}],"player_experience":1591805,"relics_obtained":[{"floor":6,"key":"Strawberry"},{"floor":8,"key":"Blue Candle"},{"floor":9,"key":"Anchor"},{"floor":14,"key":"Bronze Scales"}],"event_choices":[{"damage_healed":0,"gold_gain":0,"player_choice":"Entered Light","damage_taken":20,"max_hp_gain":0,"max_hp_loss":0,"event_name":"Shining Light","floor":2,"gold_loss":0,"cards_upgraded":["Strike_G","Strike_G"]},{"damage_healed":0,"gold_gain":0,"player_choice":"Lose Max HP","damage_taken":0,"relics_obtained":["Golden Idol"],"max_hp_gain":0,"max_hp_loss":6,"event_name":"Golden Idol","floor":5,"gold_loss":0},{"cards_removed":["Defend_G"],"damage_healed":0,"gold_gain":0,"player_choice":"Card Removal","damage_taken":0,"max_hp_gain":0,"max_hp_loss":0,"event_name":"The Cleric","floor":11,"gold_loss":75},{"damage_healed":0,"gold_gain":90,"player_choice":"GOLD ","damage_taken":12,"max_hp_gain":0,"max_hp_loss":0,"event_name":"Knowing Skull","floor":19,"potions_obtained":[],"gold_loss":0,"cards_obtained":[]}],"is_beta":false,"boss_relics":[{"not_picked":["Coffee Dripper","HoveringKite"],"picked":"Fusion Hammer"}],"items_purged_floors":[4,21],"is_endless":false,"potions_floor_spawned":[6,12,14,16,18],"killed_by":"Snake Plant","ascension_level":20}}