{"host":"zxd2l8an9de7z7b9","time":1613451681,"event":{"mods":["2.2 Compatiblity","AchievementEnabler","BaseMod","CapriCore","Colored Map","Colored Powertips","Minty Spire (QoL Compilation)","Rare Cards Sparkle","StSLib","SuperFastMode"],"gold_per_floor":[117,40,53,72,92,17,17,45,57,69,81,111,152,180,192,306,318,298,330,342,368,380,404,416,460,472,484,484],"floor_reached":27,"language":"KOR","playtime":1089,"items_purged":["Strike_R"],"score":245,"play_id":"0bde6573-5f0d-4ac9-8607-0966b76d7a7a","local_time":"20210216140121","is_ascension_mode":false,"campfire_choices":[{"data":"Bash","floor":7,"key":"SMITH"},{"floor":11,"key":"REST"},{"data":"Flame Barrier","floor":15,"key":"SMITH"},{"data":"Corruption","floor":24,"key":"SMITH"}],"circlet_count":0,"master_deck":["Strike_R","Strike_R","Strike_R","Defend_R","Defend_R","Defend_R","Defend_R","Bash+1","Wild Strike","Feel No Pain","Seeing Red","Reckless Charge","Flame Barrier+1","Exhume","Shockwave","Corruption+1","Entrench+1","Second Wind+1","Battle Trance+1"],"relics":["Burning Blood","NeowsBlessing","MawBank","Matryoshka","StoneCalendar","Mercury Hourglass","Mark of Pain","Toy Ornithopter","Toxic Egg 2","Ginger"],"acts_visited":["Exordium","TheCity"],"potions_floor_usage":[13,16,18,21],"damage_taken":[{"damage":0,"enemies":"Small Slimes","floor":1,"turns":1},{"damage":0,"enemies":"Jaw Worm","floor":3,"turns":1},{"damage":0,"enemies":"Cultist","floor":4,"turns":1},{"damage":24,"enemies":"Large Slime","floor":5,"turns":11},{"damage":24,"enemies":"3 Sentries","floor":8,"turns":12},{"damage":7,"enemies":"Blue Slaver","floor":12,"turns":4},{"damage":14,"enemies":"Gremlin Nob","floor":13,"turns":5},{"damage":2,"enemies":"Exordium Thugs","floor":14,"turns":5},{"damage":49,"enemies":"The Guardian","floor":16,"turns":15},{"damage":31,"enemies":"2 Thieves","floor":18,"turns":5},{"damage":4,"enemies":"3 Byrds","floor":19,"turns":6},{"damage":6,"enemies":"Centurion and Healer","floor":21,"turns":7},{"damage":15,"enemies":"Shelled Parasite and Fungi","floor":23,"turns":7},{"damage":38,"enemies":"Slavers","floor":25,"turns":7},{"damage":42,"enemies":"Book of Stabbing","floor":27,"turns":6}],"seed_played":"-5374369598433287691","potions_obtained":[{"floor":3,"key":"PowerPotion"},{"floor":5,"key":"SpeedPotion"},{"floor":13,"key":"Regen Potion"},{"floor":16,"key":"SpeedPotion"},{"floor":18,"key":"LiquidBronze"},{"floor":19,"key":"SneckoOil"},{"floor":25,"key":"Fire Potion"}],"is_trial":false,"path_per_floor":["M","$","M","M","M","$","R","E","T","?","R","M","E","M","R","B",null,"M","M","?","M","?","M","R","E","T","E"],"character_chosen":"IRONCLAD","items_purchased":["Feel No Pain"],"campfire_rested":1,"item_purchase_floors":[2],"current_hp_per_floor":[80,80,80,80,62,62,62,44,44,37,61,60,52,56,56,28,80,55,57,57,57,80,71,71,39,39,0,0],"gold":484,"neow_bonus":"THREE_ENEMY_KILL","is_daily":false,"chose_seed":false,"campfire_upgraded":3,"win_rate":0.0,"timestamp":1613451681,"path_taken":["M","$","M","M","M","$","R","E","T","?","R","M","E","M","R","BOSS","M","M","?","M","?","?","R","E","T","E"],"items_purchased_type":["Card"],"build_version":"2020-12-22","purchased_purges":1,"victory":false,"max_hp_per_floor":[80,80,80,80,80,80,80,80,80,80,80,80,80,80,80,80,80,80,80,80,80,80,80,80,80,80,80,80],"card_choices":[{"not_picked":["Body Slam","Heavy Blade"],"picked":"Wild Strike","floor":1},{"not_picked":["Pummel","Twin Strike","Rampage"],"picked":"SKIP","floor":3},{"not_picked":["Armaments","Headbutt"],"picked":"Seeing Red","floor":4},{"not_picked":["Iron Wave","Sword Boomerang"],"picked":"Reckless Charge","floor":5},{"not_picked":["Clash","Cleave"],"picked":"Flame Barrier","floor":8},{"not_picked":["Body Slam","Clothesline"],"picked":"Exhume","floor":12},{"not_picked":["Uppercut","Shrug It Off","Anger"],"picked":"SKIP","floor":13},{"not_picked":["Clothesline","Flex"],"picked":"Shockwave","floor":14},{"not_picked":["Limit Break","Brutality"],"picked":"Corruption","floor":16},{"not_picked":["Flame Barrier","Twin Strike+1","Cleave"],"picked":"SKIP","floor":18},{"not_picked":["Inflame","Headbutt+1"],"picked":"Entrench+1","floor":19},{"not_picked":["Ghostly Armor","Clash+1"],"picked":"Second Wind+1","floor":21},{"not_picked":["Armaments","Flame Barrier+1","Bloodletting"],"picked":"SKIP","floor":23},{"not_picked":["Havoc+1","Wild Strike"],"picked":"Battle Trance+1","floor":25}],"player_experience":360816,"relics_obtained":[{"floor":8,"key":"MawBank"},{"floor":9,"key":"Matryoshka"},{"floor":13,"key":"Mercury Hourglass"},{"floor":25,"key":"Toy Ornithopter"},{"floor":26,"key":"Toxic Egg 2"},{"floor":26,"key":"Ginger"}],"event_choices":[{"damage_healed":0,"gold_gain":0,"player_choice":"Success","damage_taken":7,"relics_obtained":["StoneCalendar"],"max_hp_gain":0,"max_hp_loss":0,"event_name":"Scrap Ooze","floor":10,"gold_loss":0},{"cards_removed":["Strike_R"],"damage_healed":0,"gold_gain":0,"player_choice":"Elegance","damage_taken":0,"max_hp_gain":0,"max_hp_loss":0,"event_name":"Back to Basics","floor":20,"gold_loss":0},{"damage_healed":23,"gold_gain":0,"player_choice":"Full Heal","damage_taken":0,"max_hp_gain":0,"max_hp_loss":0,"event_name":"Wheel of Change","floor":22,"gold_loss":0}],"is_beta":false,"boss_relics":[{"not_picked":["Fusion Hammer","Calling Bell"],"picked":"Mark of Pain"}],"items_purged_floors":[6],"is_endless":false,"potions_floor_spawned":[3,5,13,16,18,19,25],"killed_by":"Book of Stabbing","ascension_level":0}}