{"host":"0285y92tozoijo7k","time":1613480539,"event":{"mods":["AchievementEnabler","Act Like it!","BaseMod","Colored Map","DeckTracker","Keyboard Shortcuts","Minty Spire (QoL Compilation)","Permanent Neow","StSLib","SuperFastMode"],"gold_per_floor":[11,11,28,28,28,28,62,82,82,93,107,107,136,153,153,153,153],"floor_reached":16,"language":"KOR","playtime":480,"items_purged":[],"score":190,"play_id":"eedafd02-431a-453f-8d3b-0b4f94e5747c","local_time":"20210216220219","is_ascension_mode":true,"campfire_choices":[{"data":"Genetic Algorithm","floor":6,"key":"SMITH"},{"floor":12,"key":"REST"},{"floor":15,"key":"REST"}],"circlet_count":0,"master_deck":["AscendersBane","Strike_B","Strike_B","Strike_B","Defend_B","Defend_B","Defend_B","Defend_B","Zap","Dualcast","Genetic Algorithm+1","Ball Lightning","Coolheaded","Capacitor","Undo","Sunder+1","Self Repair"],"relics":["Cracked Core","Unceasing Top","Du-Vu Doll","Molten Egg 2","Nunchaku"],"acts_visited":["Exordium"],"potions_floor_usage":[7,13,16],"damage_taken":[{"damage":0,"enemies":"Small Slimes","floor":1,"turns":3},{"damage":1,"enemies":"Cultist","floor":3,"turns":3},{"damage":40,"enemies":"Gremlin Nob","floor":7,"turns":5},{"damage":1,"enemies":"2 Louse","floor":8,"turns":3},{"damage":7,"enemies":"2 Fungi Beasts","floor":10,"turns":4},{"damage":11,"enemies":"Lots of Slimes","floor":11,"turns":5},{"damage":13,"enemies":"3 Sentries","floor":13,"turns":8},{"damage":4,"enemies":"Red Slaver","floor":14,"turns":4},{"damage":41,"enemies":"Slime Boss","floor":16,"turns":10}],"seed_played":"647444201014821600","potions_obtained":[{"floor":1,"key":"Dexterity Potion"},{"floor":2,"key":"AttackPotion"},{"floor":7,"key":"Weak Potion"}],"is_trial":false,"path_per_floor":["M","?","M","?","?","R","E","M","T","M","M","R","E","M","R","B"],"character_chosen":"DEFECT","items_purchased":[],"campfire_rested":2,"item_purchase_floors":[],"current_hp_per_floor":[64,64,63,68,68,68,28,27,27,20,9,31,18,14,36,0,0],"gold":153,"neow_bonus":"ONE_RARE_RELIC","is_daily":false,"chose_seed":false,"campfire_upgraded":1,"win_rate":0.0,"timestamp":1613480539,"path_taken":["M","?","?","?","?","R","E","M","T","M","?","R","E","M","R","BOSS"],"items_purchased_type":[],"build_version":"2020-12-22","purchased_purges":0,"victory":false,"max_hp_per_floor":[71,71,71,76,76,76,76,76,76,76,76,76,76,76,76,76,76],"card_choices":[{"not_picked":["Streamline","Skim"],"picked":"Genetic Algorithm","floor":1},{"not_picked":["Reprogram","Melter","Stack"],"picked":"SKIP","floor":3},{"not_picked":["Gash","Hologram"],"picked":"Ball Lightning","floor":7},{"not_picked":["Turbo","Go for the Eyes"],"picked":"Coolheaded","floor":8},{"not_picked":["Cold Snap+1","Go for the Eyes+1"],"picked":"Capacitor","floor":10},{"not_picked":["Coolheaded","Redo"],"picked":"Undo","floor":11},{"not_picked":["Stack","Consume"],"picked":"Sunder+1","floor":13},{"not_picked":["Coolheaded","Meteor Strike+1"],"picked":"Self Repair","floor":14}],"player_experience":390658,"relics_obtained":[{"floor":7,"key":"Du-Vu Doll"},{"floor":9,"key":"Molten Egg 2"},{"floor":13,"key":"Nunchaku"}],"event_choices":[{"damage_healed":0,"gold_gain":0,"player_choice":"Got Potions","damage_taken":0,"max_hp_gain":0,"max_hp_loss":0,"event_name":"Lab","floor":2,"gold_loss":0},{"damage_healed":0,"gold_gain":0,"player_choice":"Donut","damage_taken":0,"max_hp_gain":5,"max_hp_loss":0,"event_name":"Big Fish","floor":4,"gold_loss":0},{"cards_removed":["Strike_B"],"damage_healed":0,"gold_gain":0,"player_choice":"Offered Basic","damage_taken":0,"max_hp_gain":0,"max_hp_loss":0,"event_name":"Bonfire Elementals","floor":5,"gold_loss":0}],"is_beta":false,"boss_relics":[],"items_purged_floors":[],"is_endless":false,"potions_floor_spawned":[1,7,8,11],"killed_by":"Slime Boss","ascension_level":14}}