{"host":"l88q1sbjrgivgt4w","time":1613436971,"event":{"mods":["BaseMod","BetterRewards","Clawfect","Colored Map","Colored Powertips","Defuse TimeMaze Blight","Friendly Minions","Glutton Mod","Highlight Path","Hubris","Infinite Spire","Mad Scientist","Minty Spire (QoL Compilation)","READ ME - Guardian Mod","READ ME - Snecko Mod","Shop Mod","StSLib","The Disciple","The Poker Player","The Problem Sleuth","The Vixen"],"gold_per_floor":[117,134,151,170,170,170,170,170,170,186,186,218,218,234,234,339,339,357,374,424,436,436,436,436,447,447,447,466,466,480,480,480,480,480],"floor_reached":33,"language":"ENG","playtime":2213,"items_purged":["Strike_Br"],"score":394,"play_id":"ba8ad66d-0fef-40be-8389-0cb4ff5ea3c6","local_time":"20210215195611","is_ascension_mode":false,"campfire_choices":[{"floor":6,"key":"REST"},{"data":"LockedWhetstone","floor":8,"key":"SMITH"},{"data":"ReapSow","floor":11,"key":"SMITH"},{"floor":13,"key":"REST"},{"floor":15,"key":"REST"},{"floor":24,"key":"REST"},{"floor":32,"key":"REST"}],"circlet_count":0,"master_deck":["Allegro","Presto+1","Allegro+1","Allegro+1","Strike_Br","Strike_Br","Strike_Br","Defend_Br","Defend_Br","Defend_Br","Defend_Br","SecondHand","PatternShift","BeatsPerMinute","LockedWhetstone+1","LockedBlood","BiteCommand","MasterKey+1","ReapSow+11","infinitespire:FinalStrike","LockedScales","WindUp","Lento","infinitespire:FinalStrike","LockedBlood","LockedMawBank","Allegro+1"],"relics":["Chronometer","Kunai","Singing Bowl","hubris:GrandSneckoEye","hubris:CrystalStatue","Darkstone Periapt","Pantograph"],"acts_visited":["Exordium","TheCity"],"potions_floor_usage":[16,33],"damage_taken":[{"damage":5,"enemies":"Cultist","floor":1,"turns":4},{"damage":0,"enemies":"Small Slimes","floor":2,"turns":4},{"damage":7,"enemies":"2 Louse","floor":3,"turns":3},{"damage":15,"enemies":"Exordium Wildlife","floor":4,"turns":3},{"damage":2,"enemies":"3 Louse","floor":10,"turns":3},{"damage":13,"enemies":"Lagavulin","floor":12,"turns":5},{"damage":29,"enemies":"Lots of Slimes","floor":14,"turns":4},{"damage":67,"enemies":"The Guardian","floor":16,"turns":8},{"damage":10,"enemies":"Chosen","floor":18,"turns":5},{"damage":40,"enemies":"2 Thieves","floor":19,"turns":4},{"damage":20,"enemies":"Sentry and Sphere","floor":21,"turns":4},{"damage":0,"enemies":"Gremlin Leader","floor":23,"turns":1},{"damage":17,"enemies":"Cultist and Chosen","floor":25,"turns":5},{"damage":50,"enemies":"Shelled Parasite and Fungi","floor":28,"turns":5},{"damage":12,"enemies":"Centurion and Healer","floor":30,"turns":4},{"damage":89,"enemies":"Champ","floor":33,"turns":9}],"seed_played":"-2517015007107016109","potions_obtained":[{"floor":1,"key":"FairyPotion"},{"floor":3,"key":"Regen Potion"},{"floor":10,"key":"BlessingOfTheForge"},{"floor":16,"key":"EssenceOfSteel"}],"is_trial":false,"path_per_floor":["M","M","M","M","?","R","?","R","T","M","R","E","R","M","R","B",null,"M","M","?","M","AVR","E","R","M","T","?","M","?","M","T","R","B"],"character_chosen":"CHRONO_CLASS","items_purchased":["BeatsPerMinute","LockedWhetstone"],"campfire_rested":5,"item_purchase_floors":[0,0],"current_hp_per_floor":[54,58,51,38,22,41,41,41,41,41,41,36,56,33,53,3,69,67,29,29,13,13,13,35,22,22,22,24,24,14,14,37,0,0],"gold":480,"neow_bonus":"","is_daily":false,"chose_seed":false,"campfire_upgraded":2,"win_rate":0.0,"timestamp":1613436971,"path_taken":["M","M","?","M","?","R","?","R","T","M","R","E","R","?","R","BOSS","M","M","?","?","AVR","E","R","?","T","?","M","?","?","?","R","BOSS"],"items_purchased_type":["Card","Card"],"build_version":"2020-12-22","purchased_purges":1,"victory":false,"max_hp_per_floor":[65,65,65,65,65,65,65,65,65,65,65,67,67,67,67,69,69,71,73,73,75,75,75,75,75,75,75,75,75,77,77,77,77,77],"card_choices":[{"not_picked":["ExoVibe","Engulf"],"picked":"LockedBlood","floor":1},{"not_picked":["ExoVibe","ResonantCall"],"picked":"BiteCommand","floor":2},{"not_picked":["Echoward","LockedWarPaint"],"picked":"MasterKey","floor":3},{"not_picked":["Goo","Break"],"picked":"ReapSow","floor":4},{"not_picked":["infinitespire:TheBestDefense","infinitespire:Menacing"],"picked":"infinitespire:FinalStrike","floor":5},{"not_picked":["Tempo","LockedBlood"],"picked":"LockedScales","floor":10},{"not_picked":["Echoward","BackFourSeconds","LockedScales"],"picked":"Singing Bowl","floor":12},{"not_picked":["LockedWhetstone","ReapSow"],"picked":"WindUp","floor":14},{"not_picked":["Pendulum","Chronoelasticity","OverTime"],"picked":"Singing Bowl","floor":16},{"not_picked":["LockedMedicine","ResonantCall","TiringSlam"],"picked":"Singing Bowl","floor":18},{"not_picked":["CrunchTime","WatchCommand","EscortCommand+1"],"picked":"Singing Bowl","floor":19},{"not_picked":["PrimeTime+1","BlueShift","CrunchTime"],"picked":"Singing Bowl","floor":21},{"not_picked":["TickedOff+1","WatchCommand"],"picked":"LockedBlood","floor":25},{"not_picked":["Engulf+1","Cuckoo"],"picked":"LockedMawBank","floor":28},{"not_picked":["LockedMercury","WindUp","ReapSow"],"picked":"Singing Bowl","floor":30}],"player_experience":795380,"relics_obtained":[{"floor":9,"key":"Kunai"},{"floor":12,"key":"Singing Bowl"},{"floor":26,"key":"Darkstone Periapt"},{"floor":31,"key":"Pantograph"}],"event_choices":[{"damage_healed":0,"gold_gain":0,"player_choice":"Grow","damage_taken":0,"max_hp_gain":0,"max_hp_loss":0,"event_name":"Living Wall","floor":7,"gold_loss":0,"cards_upgraded":["MasterKey"]},{"damage_healed":0,"gold_gain":100,"player_choice":"Bet on Murderer","damage_taken":0,"max_hp_gain":0,"max_hp_loss":0,"event_name":"The Joust","floor":20,"gold_loss":50},{"damage_healed":0,"gold_gain":0,"player_choice":"Ignored","damage_taken":0,"max_hp_gain":0,"max_hp_loss":0,"event_name":"Ghosts","floor":27,"gold_loss":0},{"damage_healed":0,"gold_gain":0,"player_choice":"Forge","damage_taken":0,"max_hp_gain":0,"max_hp_loss":0,"event_name":"Accursed Blacksmith","floor":29,"gold_loss":0,"cards_upgraded":["Presto"]}],"is_beta":false,"boss_relics":[{"not_picked":["Tiny House","Velvet Choker"],"picked":"hubris:GrandSneckoEye"}],"items_purged_floors":[0],"is_endless":false,"potions_floor_spawned":[1,3,10,14,16,19,21],"killed_by":"Champ","ascension_level":0}}