{"host":"ueur771it0nnharr","time":1613447060,"event":{"mods":["AchievementEnabler","BaseMod","Colored Map","Colored Powertips","Highlight Path","Hubris","Minty Spire (QoL Compilation)","StSLib"],"gold_per_floor":[15,29,29,29,304,322,322,333,383,383,383,383,416,416,416,416,416],"floor_reached":16,"language":"ENG","playtime":539,"items_purged":[],"score":113,"play_id":"69e2bdba-d3b2-4904-8893-5835e32c8138","local_time":"20210215224420","is_ascension_mode":true,"campfire_choices":[{"data":"Eruption","floor":7,"key":"SMITH"},{"data":"Nirvana","floor":10,"key":"SMITH"},{"floor":12,"key":"REST"},{"floor":15,"key":"REST"}],"circlet_count":0,"master_deck":["Strike_P","Strike_P","Strike_P","Strike_P","Defend_P+1","Defend_P","Defend_P","Defend_P+1","Eruption+1","Vigilance","Ragnarok","CutThroughFate","Nirvana+1","Regret","ThirdEye","ThirdEye+1","Parasite"],"relics":["PureWater","hubris:Icosahedron","MealTicket","Toxic Egg 2"],"acts_visited":["Exordium"],"potions_floor_usage":[8,13,16],"damage_taken":[{"damage":0,"enemies":"2 Louse","floor":1,"turns":2},{"damage":0,"enemies":"Cultist","floor":2,"turns":2},{"damage":13,"enemies":"Small Slimes","floor":6,"turns":4},{"damage":10,"enemies":"2 Fungi Beasts","floor":8,"turns":4},{"damage":40,"enemies":"Lagavulin","floor":13,"turns":3},{"damage":68,"enemies":"Hexaghost","floor":16,"turns":14}],"seed_played":"-7617694404161539864","potions_obtained":[{"floor":2,"key":"Regen Potion"},{"floor":13,"key":"StancePotion"}],"is_trial":false,"path_per_floor":["M","M","?","$","?","M","R","M","T","R","?","R","E","?","R","B"],"character_chosen":"WATCHER","items_purchased":[],"campfire_rested":2,"item_purchase_floors":[],"current_hp_per_floor":[72,72,72,72,72,59,59,61,61,61,47,68,28,46,67,0,0],"gold":416,"neow_bonus":"THREE_RARE_CARDS","is_daily":false,"chose_seed":false,"campfire_upgraded":2,"win_rate":0.0,"timestamp":1613447060,"path_taken":["M","M","?","$","?","M","R","?","T","R","?","R","E","?","R","BOSS"],"items_purchased_type":[],"build_version":"2020-12-22","purchased_purges":0,"victory":false,"max_hp_per_floor":[72,72,72,72,72,72,72,72,72,72,72,72,72,72,72,72,72],"card_choices":[{"not_picked":["Scrawl","Vault"],"picked":"Ragnarok","floor":0},{"not_picked":["Crescendo","Halt"],"picked":"CutThroughFate","floor":1},{"not_picked":["Halt","FlurryOfBlows"],"picked":"Nirvana","floor":2},{"not_picked":["Study","LikeWater","Conclude"],"picked":"SKIP","floor":6},{"not_picked":["Pray","CrushJoints"],"picked":"ThirdEye","floor":8},{"not_picked":["CutThroughFate","DeusExMachina+1"],"picked":"ThirdEye+1","floor":13}],"player_experience":796834,"relics_obtained":[{"floor":9,"key":"MealTicket"},{"floor":13,"key":"Toxic Egg 2"}],"event_choices":[{"damage_healed":0,"gold_gain":275,"player_choice":"Desecrate","damage_taken":0,"max_hp_gain":0,"max_hp_loss":0,"event_name":"Golden Shrine","floor":5,"gold_loss":0,"cards_obtained":["Regret"]},{"damage_healed":0,"gold_gain":0,"player_choice":"Entered Light","damage_taken":14,"max_hp_gain":0,"max_hp_loss":0,"event_name":"Shining Light","floor":11,"gold_loss":0,"cards_upgraded":["Defend_P","Defend_P"]},{"damage_healed":18,"gold_gain":0,"player_choice":"Healed and dodged fight","damage_taken":0,"max_hp_gain":0,"max_hp_loss":0,"event_name":"Mushrooms","floor":14,"gold_loss":0,"cards_obtained":["Parasite"]}],"is_beta":false,"boss_relics":[],"items_purged_floors":[],"is_endless":false,"potions_floor_spawned":[2,13],"killed_by":"Hexaghost","ascension_level":3}}