{"host":"r5cycnjhcbwgkpkf","time":1613437310,"event":{"mods":["2.2 Compatiblity","AchievementEnabler","BaseMod","Bestiary","Better Altar","Better Match","Better Note","Better Skull","Better Third Choice","BetterRewards","Colored Map","Colored Powertips","Infinite Spire","Minty Spire (QoL Compilation)","Reliquary","Replay The Spire","Spicy Shops","StSLib"],"gold_per_floor":[110,110,110,56,80,80,94,94,94,115,115,146,146,159,159,258,258,277,277,291,21,21,21,61,86,109,143,65,65,88,111,111,111,111],"floor_reached":33,"language":"ENG","playtime":1694,"items_purged":["Strike_B","Strike_B","Strike_B"],"score":699,"play_id":"2412c89b-f119-4d09-8500-13dd310f0efe","local_time":"20210215170150","is_ascension_mode":true,"campfire_choices":[{"floor":6.0,"key":"REST"},{"data":"Apotheosis","floor":8.0,"key":"SMITH"},{"floor":11.0,"key":"REST"},{"data":"Scrape","floor":15.0,"key":"SMITH"},{"floor":23.0,"key":"REST"},{"floor":29,"key":"REST"},{"floor":32,"key":"REST"}],"circlet_count":0,"master_deck":["AscendersBane","Strike_B","Defend_B","Defend_B","Defend_B","Defend_B","Zap","Dualcast","Scrape+1","Secret Weapon","Beam Cell","Conserve Battery","Gash","Gash","Coolheaded","Panic Button","Apotheosis+1","Hologram","Gash","Rebound","Scrape","Reprogram","Scrape","Gash"],"relics":["Cracked Core","reliquary:NewFriend","Anchor","DollysMirror","Golden Idol","reliquary:PorcupineQuills","Counterbalance","reliquary:SilkGlove","Toy Ornithopter","Dream Catcher","reliquary:SharkskinSheath"],"acts_visited":["Exordium","TheCity"],"potions_floor_usage":[27,33],"damage_taken":[{"damage":1.0,"enemies":"Cultist","floor":1.0,"turns":3.0},{"damage":0.0,"enemies":"Small Slimes","floor":5.0,"turns":2.0},{"damage":0.0,"enemies":"2 Louse","floor":7.0,"turns":2.0},{"damage":5.0,"enemies":"Gremlin Gang","floor":10.0,"turns":5.0},{"damage":15.0,"enemies":"Lagavulin","floor":12.0,"turns":5.0},{"damage":0.0,"enemies":"Red Slaver","floor":14.0,"turns":2.0},{"damage":8.0,"enemies":"The Guardian","floor":16.0,"turns":7.0},{"damage":15.0,"enemies":"3 Byrds","floor":18.0,"turns":5.0},{"damage":14.0,"enemies":"2 Thieves","floor":20.0,"turns":4.0},{"damage":23.0,"enemies":"Book of Stabbing","floor":24.0,"turns":4.0},{"damage":6.0,"enemies":"3 Cultists","floor":25.0,"turns":4.0},{"damage":5,"enemies":"Replay:Snechameleon","floor":27,"turns":4},{"damage":7,"enemies":"Chosen and Byrds","floor":30,"turns":4},{"damage":18,"enemies":"Snake Plant","floor":31,"turns":3},{"damage":64,"enemies":"Collector","floor":33,"turns":6}],"seed_played":"-8712903140260084623","potions_obtained":[{"floor":7.0,"key":"SpeedPotion"}],"is_trial":false,"path_per_floor":["M","?","?","$","M","R","M","R","T","M","R","E","?","M","R","B",null,"M","?","M","$","?","R","E","M","T","E","$","R","M","M","R","B"],"character_chosen":"DEFECT","items_purchased":["Scrape","Secret Weapon","Beam Cell","reliquary:NewFriend","Conserve Battery","Anchor","Gash","DollysMirror","Coolheaded","Panic Button","Strength Potion","Hologram","Scrape","Reprogram","reliquary:SharkskinSheath"],"campfire_rested":5,"item_purchase_floors":[0,0,0,0,0,0,0,0,0,0,0,4,21,21,28],"current_hp_per_floor":[35,35,35,35,35,56,56,56,56,51,71,56,56,56,56,48,65,50,50,36,36,36,57,34,28,28,28,28,49,42,24,45,0,0],"gold":111,"neow_bonus":"","is_daily":false,"chose_seed":false,"campfire_upgraded":2,"win_rate":0.0,"timestamp":1613437310,"path_taken":["M","?","?","$","M","R","M","R","T","M","R","E","?","M","R","BOSS","M","?","?","?","?","R","E","M","T","E","$","R","?","M","R","BOSS"],"items_purchased_type":["Card","Card","Card","Relic","Card","Relic","Card","Relic","Card","Card","Potion","Card","Card","Card","Relic"],"build_version":"2020-12-22","purchased_purges":3,"victory":false,"max_hp_per_floor":[71,71,71,71,71,71,71,71,71,71,71,71,71,71,71,71,71,71,71,71,71,71,71,71,71,71,71,71,71,71,71,71,71,71],"card_choices":[{"not_picked":["Compile Driver","Steam Power","Beam Cell"],"picked":"SKIP","floor":1.0},{"not_picked":["Steam","Turbo","Chaos"],"picked":"SKIP","floor":5.0},{"not_picked":["BasicCrystalCard","Turbo","Rainbow"],"picked":"SKIP","floor":7.0},{"not_picked":["Compile Driver","Ball Lightning","Beam Cell"],"picked":"SKIP","floor":10.0},{"not_picked":["Ball Lightning","ReplayTheSpireMod:GoodbyeWorld","Static Discharge"],"picked":"SKIP","floor":12.0},{"not_picked":["Chaos","Loop"],"picked":"Gash","floor":14.0},{"not_picked":["Streamline","Steam"],"picked":"Rebound","floor":18.0},{"not_picked":["Stack","Static Discharge","ReplayTheSpireMod:Repulse"],"picked":"SKIP","floor":20.0},{"not_picked":["Recycle+1","Melter","Double Energy"],"picked":"SKIP","floor":24.0},{"not_picked":["Turbo","Rebound+1","ReplayTheSpireMod:GoodbyeWorld"],"picked":"SKIP","floor":25.0},{"not_picked":["Cold Snap","Stack","Blizzard+1"],"picked":"SKIP","floor":27},{"not_picked":["Sunder","Steam","ReplaySort"],"picked":"SKIP","floor":30},{"not_picked":["BasicCrystalCard","ReplaySort"],"picked":"Scrape","floor":31},{"not_picked":["Glacier+1","Stack"],"picked":"Gash","floor":32}],"player_experience":421064,"relics_obtained":[{"floor":9.0,"key":"reliquary:PorcupineQuills"},{"floor":12.0,"key":"Counterbalance"},{"floor":24.0,"key":"reliquary:SilkGlove"},{"floor":26.0,"key":"Toy Ornithopter"},{"floor":27,"key":"Dream Catcher"}],"event_choices":[{"damage_healed":0.0,"max_hp_gain":0.0,"max_hp_loss":0.0,"gold_gain":0.0,"event_name":"Golden Idol","player_choice":"Take Wound","floor":2.0,"gold_loss":0.0,"damage_taken":0.0,"relics_obtained":["Golden Idol"],"cards_obtained":["Injury"]},{"damage_healed":35.0,"max_hp_gain":0.0,"max_hp_loss":71.0,"gold_gain":0.0,"event_name":"betterThird:BetterShining","player_choice":"Embrace","floor":3.0,"gold_loss":0.0,"damage_taken":0.0},{"damage_healed":0.0,"max_hp_gain":0.0,"max_hp_loss":0.0,"gold_gain":0.0,"event_name":"betterThird:BetterScrap","player_choice":"LEAVE","floor":13.0,"gold_loss":0.0,"damage_taken":0.0,"cards_obtained":["Juggernaut"]},{"cards_removed":["Injury"],"damage_healed":0.0,"max_hp_gain":0.0,"max_hp_loss":0.0,"gold_gain":0.0,"event_name":"Purifier","player_choice":"Purged","floor":19.0,"gold_loss":0.0,"damage_taken":0.0},{"damage_healed":0.0,"max_hp_gain":0.0,"max_hp_loss":0.0,"gold_gain":0.0,"event_name":"The Mausoleum","player_choice":"Ignored","floor":22.0,"gold_loss":0.0,"damage_taken":0.0}],"is_beta":false,"boss_relics":[{"not_picked":["Ring of Chaos","Philosopher\u0027s Stone","ReplayTheSpireMod:DimensionalGlitch"]}],"items_purged_floors":[0,0,21],"is_endless":false,"potions_floor_spawned":[7,10,14,24,25],"killed_by":"Collector","ascension_level":15}}