{"host":"0a4nlh1ehg6g254n","time":1613479343,"event":{"mods":["Aspiration","BaseMod","Colored Map","Colored Powertips","Downfall","Friendly Minions","Hermit","Infinite Spire","Marisa????????","Minty Spire (QoL Compilation)","Quick Restart","Replay The Spire","Shop Mod","StSLib","The Animator","The Construct","The Cursed","The Servant 0.9.4"],"gold_per_floor":[99,111,561,585,570,470,548,578,478,517,517,517,145,153,153],"floor_reached":14,"language":"SPA","playtime":1822,"items_purged":[],"score":111,"play_id":"0f4749cf-efab-453e-bafd-52dae8343f0b","local_time":"20210216094223","is_ascension_mode":false,"campfire_choices":[{"floor":1,"key":"RECALL"},{"data":"animator:Benimaru","floor":6,"key":"SMITH"},{"floor":9,"key":"REST"},{"floor":12,"key":"REST"}],"circlet_count":0,"master_deck":["animator:Strike_Konosuba","animator:Defend_Konosuba","animator:Strike","animator:Strike","animator:Strike","animator:Defend","animator:Defend","animator:Defend","animator:Kazuma","animator:Aqua","animator:DolaSchwi","downfall:Icky","downfall:Icky","downfall:Icky","animator:Sebas","animator:Benimaru+1","animator:Chris","animator:SuzuneAmano","animator:HinaKagiyama","animator:Curse_Dizziness","animator:Nanami","animator:Darkness"],"relics":["animator:LivingPicture","animator:TheMissingPiece","animator:PurgingStone","downfall:HeartBlessingRed","downfall:HeartBlessingBlue","Juzu Bracelet","MerchantsRug","Pet Ghost"],"acts_visited":["Exordium"],"potions_floor_usage":[14,14],"damage_taken":[{"damage":3,"enemies":"Small Slimes","floor":2,"turns":5},{"damage":0,"enemies":"2 Louse","floor":4,"turns":3},{"damage":0,"enemies":"downfall:FleeingMerchant","floor":5,"turns":4},{"damage":11,"enemies":"Jaw Worm","floor":8,"turns":4},{"damage":26,"enemies":"3 Sentries","floor":10,"turns":9},{"damage":4,"enemies":"downfall:FleeingMerchant","floor":13,"turns":4},{"damage":93,"enemies":"Gremlin Nob","floor":14,"turns":6}],"seed_played":"6615411165697085060","potions_obtained":[{"floor":2,"key":"sneckomod:MuddlingPotion"},{"floor":4,"key":"Regen Potion"},{"floor":8,"key":"SteroidPotion"}],"is_trial":false,"path_per_floor":["R","M","?","M","$","R","T","M","R","E","?","R","$","E"],"character_chosen":"THE_ANIMATOR","items_purchased":["animator:Darkness","MerchantsRug","Pet Ghost"],"campfire_rested":2,"item_purchase_floors":[13,13,13],"current_hp_per_floor":[72,71,71,72,72,72,72,61,82,58,58,82,80,0,0],"gold":153,"neow_bonus":"TEN_PERCENT_HP_BONUS","is_daily":false,"chose_seed":false,"campfire_upgraded":1,"win_rate":0.0,"timestamp":1613479343,"path_taken":["R","M","?","M","$","R","T","M","R","E","?","R","$","E"],"items_purchased_type":["Card","Relic","Relic"],"build_version":"2020-12-22","purchased_purges":0,"victory":false,"max_hp_per_floor":[72,72,72,72,72,72,72,72,82,82,82,82,82,82,82],"card_choices":[{"not_picked":["animator:RinTohsaka","animator:YachiyoNanami"],"picked":"animator:DolaSchwi","floor":2},{"not_picked":["animator:Viivi","animator:Verdia"],"picked":"animator:Sebas","floor":4},{"not_picked":["animator:RinTohsaka","animator:Viivi"],"picked":"animator:Benimaru","floor":5},{"not_picked":["animator:Verdia","animator:YunYun"],"picked":"animator:Chris","floor":8},{"not_picked":["animator:Kuribayashi","animator:Konayuki"],"picked":"animator:SuzuneAmano","floor":10},{"not_picked":["animator:Add","animator:AcuraTooru"],"picked":"animator:Nanami","floor":13}],"player_experience":37462,"relics_obtained":[{"floor":10,"key":"Juzu Bracelet"}],"event_choices":[],"is_beta":false,"boss_relics":[],"items_purged_floors":[],"is_endless":false,"potions_floor_spawned":[2,4,8],"killed_by":"Gremlin Nob","ascension_level":0}}