{"host":"phy652c7lim9lcu2","time":1613474304,"event":{"mods":["BaseMod","Colored Powertips","Googly Eyes","Minty Spire (QoL Compilation)","Relic Stats","Spicy Shops","StSLib","everything is the same but u backflip on backflip"],"gold_per_floor":[118,132,132,152,169,169,197,197,244,48,61,61,81,99,99,99,99],"floor_reached":16,"language":"ENG","playtime":569,"items_purged":["Strike_R"],"score":166,"play_id":"eb679bff-76f5-46c7-92e0-a08d0a26c9f8","local_time":"20210216211824","is_ascension_mode":true,"campfire_choices":[{"data":"Whirlwind","floor":6.0,"key":"SMITH"},{"data":"Bash","floor":8.0,"key":"SMITH"},{"data":"Armaments","floor":15,"key":"SMITH"}],"circlet_count":0,"master_deck":["AscendersBane","Strike_R","Strike_R","Strike_R","Strike_R","Defend_R","Defend_R","Defend_R","Defend_R","Bash+1","Whirlwind+1","Rupture","Metallicize","Reaper","Whirlwind+1","Armaments+1","Evolve","Whirlwind"],"relics":["Burning Blood","Boot","Pantograph","Smiling Mask","Juzu Bracelet","DollysMirror","Golden Idol"],"acts_visited":["Exordium"],"potions_floor_usage":[11,14,16],"damage_taken":[{"damage":6.0,"enemies":"Cultist","floor":1.0,"turns":5.0},{"damage":10.0,"enemies":"2 Louse","floor":2.0,"turns":3.0},{"damage":8.0,"enemies":"Jaw Worm","floor":4.0,"turns":6.0},{"damage":19.0,"enemies":"Gremlin Gang","floor":5.0,"turns":5.0},{"damage":39.0,"enemies":"Gremlin Nob","floor":7.0,"turns":5.0},{"damage":17,"enemies":"Exordium Thugs","floor":11,"turns":6},{"damage":0,"enemies":"3 Louse","floor":13,"turns":1},{"damage":15,"enemies":"Large Slime","floor":14,"turns":7},{"damage":49,"enemies":"Hexaghost","floor":16,"turns":9}],"seed_played":"-2297516892860867487","potions_obtained":[{"floor":1.0,"key":"Weak Potion"},{"floor":7.0,"key":"Dexterity Potion"},{"floor":11,"key":"Block Potion"},{"floor":14,"key":"Energy Potion"}],"is_trial":false,"path_per_floor":["M","M","?","M","M","R","E","R","T","$","M","?","M","M","R","B"],"character_chosen":"IRONCLAD","items_purchased":["DollysMirror"],"campfire_rested":0,"item_purchase_floors":[10],"current_hp_per_floor":[72,68,68,66,53,53,20,20,20,20,9,9,15,16,16,0,0],"gold":99,"neow_bonus":"RANDOM_COMMON_RELIC","is_daily":false,"chose_seed":false,"campfire_upgraded":3,"win_rate":0.0,"timestamp":1613474304,"path_taken":["M","M","?","M","?","R","E","R","T","$","M","?","M","M","R","BOSS"],"items_purchased_type":["Relic"],"build_version":"2020-12-22","purchased_purges":1,"victory":false,"max_hp_per_floor":[80,80,80,80,80,80,80,80,80,80,80,74,74,74,74,74,74],"relic_stats":{"counters":[9,47],"Golden Idol":8,"Pantograph":25,"Juzu Bracelet":0,"Boot":[42],"Smiling Mask":25,"obtain_stats":[{"DollysMirror":10,"Golden Idol":12,"Pantograph":3,"Juzu Bracelet":9,"Boot":0,"Smiling Mask":7,"Burning Blood":0},{"DollysMirror":5,"Golden Idol":6,"Pantograph":2,"Juzu Bracelet":5,"Boot":0,"Smiling Mask":5,"Burning Blood":0},{"DollysMirror":24,"Golden Idol":30,"Pantograph":8,"Juzu Bracelet":24,"Boot":0,"Smiling Mask":24,"Burning Blood":0}],"Burning Blood":48},"card_choices":[{"not_picked":["Ghostly Armor","Warcry"],"picked":"Whirlwind","floor":1.0},{"not_picked":["Havoc","Wild Strike"],"picked":"Rupture","floor":2.0},{"not_picked":["Thunderclap","Ghostly Armor"],"picked":"Metallicize","floor":4.0},{"not_picked":["Entrench","Havoc","Second Wind"],"picked":"SKIP","floor":5.0},{"not_picked":["Searing Blow","Ghostly Armor"],"picked":"Reaper","floor":7.0},{"not_picked":["Evolve","Entrench"],"picked":"Armaments","floor":11},{"not_picked":["Perfected Strike","Sword Boomerang"],"picked":"Evolve","floor":13},{"not_picked":["Headbutt","Dropkick"],"picked":"Whirlwind","floor":14}],"player_experience":344717,"relics_obtained":[{"floor":7.0,"key":"Smiling Mask"},{"floor":9.0,"key":"Juzu Bracelet"}],"event_choices":[{"damage_healed":0.0,"max_hp_gain":0.0,"max_hp_loss":0.0,"gold_gain":0.0,"event_name":"WeMeetAgain","player_choice":"Gave Potion","floor":3.0,"gold_loss":0.0,"damage_taken":0.0,"relics_obtained":["Pantograph"]},{"damage_healed":0,"gold_gain":0,"player_choice":"Lose Max HP","damage_taken":0,"relics_obtained":["Golden Idol"],"max_hp_gain":0,"max_hp_loss":6,"event_name":"Golden Idol","floor":12,"gold_loss":0}],"is_beta":false,"boss_relics":[],"items_purged_floors":[10],"is_endless":false,"potions_floor_spawned":[1,7,11,14],"killed_by":"Hexaghost","ascension_level":12}}