{"host":"c4445pi3lkcwywew","time":1613492345,"event":{"mods":["AchievementEnabler","BaseMod","Bestiary","Block Reminder","Colored Map","Minty Spire (QoL Compilation)"],"gold_per_floor":[116,132,82,96,96,96,115,115,115,134,134,134,134,150,150,273,273,500,311,236,261,261,500,228,228,228,255,273,289,324,349,349,470,470,493,368,368,381,381,381,444,218,218,218,237,237,62,62,62,62],"floor_reached":51,"language":"ENG","playtime":6043,"items_purged":["Strike_R","Strike_R","Defend_R","Defend_R","Strike_R"],"score":628,"play_id":"059252f8-32d3-4c1b-9db4-6939deb278cb","local_time":"20210216101905","is_ascension_mode":false,"campfire_choices":[{"data":"Rampage","floor":6,"key":"SMITH"},{"data":"Seeing Red","floor":13,"key":"SMITH"},{"data":"Inflame","floor":15,"key":"SMITH"},{"data":"Berserk","floor":23,"key":"SMITH"},{"data":"Inflame","floor":25,"key":"SMITH"},{"floor":32,"key":"REST"},{"data":"Thinking Ahead","floor":40,"key":"SMITH"},{"data":"Limit Break","floor":44,"key":"SMITH"},{"data":"Inflame","floor":46,"key":"SMITH"},{"data":"Evolve","floor":49,"key":"SMITH"}],"circlet_count":0,"master_deck":["Defend_R+1","Defend_R+1","Bash","Impervious","Inflame+1","Rampage+1","Headbutt","Seeing Red+1","Cleave","Headbutt","Berserk+1","Cleave","Whirlwind","Evolve+1","Inflame+1","Sword Boomerang","Rage+1","Limit Break+1","Thinking Ahead+1","Inflame+1"],"relics":["Burning Blood","Golden Idol","Regal Pillow","Singing Bowl","Busted Crown","Centennial Puzzle","InkBottle","Orichalcum","Pear","Torii","Frozen Egg 2"],"acts_visited":["Exordium","TheCity","TheBeyond"],"potions_floor_usage":[16,28,50],"damage_taken":[{"damage":0,"enemies":"2 Louse","floor":1,"turns":4},{"damage":0,"enemies":"Small Slimes","floor":2,"turns":4},{"damage":5,"enemies":"Jaw Worm","floor":4,"turns":4},{"damage":5,"enemies":"Looter","floor":7,"turns":4},{"damage":2,"enemies":"Blue Slaver","floor":10,"turns":4},{"damage":4,"enemies":"2 Fungi Beasts","floor":14,"turns":3},{"damage":40,"enemies":"Hexaghost","floor":16,"turns":8},{"damage":35,"enemies":"3 Byrds","floor":18,"turns":6},{"damage":13,"enemies":"Shell Parasite","floor":21,"turns":4},{"damage":4,"enemies":"Chosen and Byrds","floor":28,"turns":4},{"damage":4,"enemies":"Cultist and Chosen","floor":29,"turns":5},{"damage":33,"enemies":"Gremlin Leader","floor":30,"turns":5},{"damage":6,"enemies":"Centurion and Healer","floor":31,"turns":5},{"damage":21,"enemies":"Collector","floor":33,"turns":7},{"damage":17,"enemies":"3 Shapes","floor":35,"turns":3},{"damage":7,"enemies":"Orb Walker","floor":38,"turns":3},{"damage":0,"enemies":"Mind Bloom Boss Battle","floor":41,"turns":5},{"damage":1,"enemies":"Transient","floor":45,"turns":5},{"damage":60,"enemies":"Time Eater","floor":50,"turns":5}],"seed_played":"5593606322326648486","potions_obtained":[{"floor":4,"key":"Strength Potion"},{"floor":14,"key":"FairyPotion"},{"floor":16,"key":"Ancient Potion"},{"floor":18,"key":"Swift Potion"},{"floor":30,"key":"EssenceOfSteel"},{"floor":33,"key":"SteroidPotion"},{"floor":41,"key":"ElixirPotion"}],"is_trial":false,"path_per_floor":["M","M","?","M","?","R","M","?","T","M","?","?","R","M","R","B",null,"M","$","?","M","?","R","$","R","T","T","M","M","E","M","R","B",null,"M","$","?","M","?","R","?","$","T","R","M","R","$","?","R","B",null],"character_chosen":"IRONCLAD","items_purchased":["Whirlwind","Evolve","Centennial Puzzle","Sword Boomerang","Inflame"],"campfire_rested":1,"item_purchase_floors":[19,19,24,24,42],"current_hp_per_floor":[62,68,68,69,69,69,70,54,54,58,46,39,39,41,41,7,80,51,51,51,44,44,44,44,44,44,44,48,52,35,37,80,65,96,87,87,81,82,82,82,90,90,90,90,97,97,97,97,97,43],"gold":62,"neow_bonus":"THREE_RARE_CARDS","is_daily":false,"chose_seed":false,"campfire_upgraded":9,"win_rate":0.0,"timestamp":1613492345,"path_taken":["M","M","?","M","?","R","M","?","T","?","?","?","R","M","R","BOSS","M","$","?","M","?","R","$","R","T","?","M","M","E","M","R","BOSS","M","$","?","M","?","R","?","$","T","R","M","R","$","?","R","BOSS"],"items_purchased_type":["Card","Card","Relic","Card","Card"],"build_version":"2020-12-22","purchased_purges":5,"victory":true,"max_hp_per_floor":[80,80,80,80,80,80,80,80,80,80,80,80,80,80,80,80,80,80,80,80,80,80,80,80,80,80,80,82,84,94,96,96,96,96,98,98,102,104,104,104,106,106,106,106,108,108,108,108,108,108],"card_choices":[{"not_picked":["Double Tap","Exhume"],"picked":"Impervious","floor":0},{"not_picked":["Flex","Cleave"],"picked":"Inflame","floor":1},{"not_picked":["Uppercut","Shrug It Off"],"picked":"Rampage","floor":2},{"not_picked":["Thunderclap","Dropkick"],"picked":"Headbutt","floor":4},{"not_picked":["Blood for Blood","Carnage"],"picked":"Seeing Red","floor":7},{"not_picked":["Wild Strike","Combust"],"picked":"Cleave","floor":10},{"not_picked":["Perfected Strike","Bludgeon"],"picked":"Headbutt","floor":14},{"not_picked":["Exhume","Double Tap"],"picked":"Berserk","floor":16},{"not_picked":[],"picked":"Cleave","floor":18},{"not_picked":[],"picked":"Inflame","floor":21},{"not_picked":["Pummel"],"picked":"Singing Bowl","floor":28},{"not_picked":["Havoc+1"],"picked":"Singing Bowl","floor":29},{"not_picked":[],"picked":"Rage+1","floor":30},{"not_picked":["Anger+1"],"picked":"Singing Bowl","floor":31},{"not_picked":[],"picked":"Limit Break","floor":33},{"not_picked":["Flame Barrier"],"picked":"Singing Bowl","floor":35},{"not_picked":[],"picked":"Thinking Ahead","floor":37},{"not_picked":["Trip"],"picked":"Singing Bowl","floor":37},{"not_picked":["Mind Blast"],"picked":"Singing Bowl","floor":37},{"not_picked":["Shrug It Off"],"picked":"Singing Bowl","floor":38},{"not_picked":["Dark Embrace"],"picked":"Singing Bowl","floor":41},{"not_picked":["Sword Boomerang+1"],"picked":"Singing Bowl","floor":45}],"player_experience":152537,"relics_obtained":[{"floor":9,"key":"Regal Pillow"},{"floor":26,"key":"InkBottle"},{"floor":27,"key":"Orichalcum"},{"floor":30,"key":"Pear"},{"floor":41,"key":"Torii"},{"floor":43,"key":"Frozen Egg 2"}],"event_choices":[{"cards_removed":["Strike_R"],"damage_healed":0,"gold_gain":0,"player_choice":"Card Removal","damage_taken":0,"max_hp_gain":0,"max_hp_loss":0,"event_name":"The Cleric","floor":3,"gold_loss":50},{"damage_healed":0,"gold_gain":0,"player_choice":"Take Wound","damage_taken":0,"relics_obtained":["Golden Idol"],"max_hp_gain":0,"max_hp_loss":0,"event_name":"Golden Idol","floor":5,"gold_loss":0,"cards_obtained":["Injury"]},{"damage_healed":0,"gold_gain":0,"player_choice":"Entered Light","damage_taken":16,"max_hp_gain":0,"max_hp_loss":0,"event_name":"Shining Light","floor":8,"gold_loss":0,"cards_upgraded":["Defend_R","Defend_R"]},{"damage_healed":0,"gold_gain":0,"player_choice":"Success","damage_taken":12,"relics_obtained":["Singing Bowl"],"max_hp_gain":0,"max_hp_loss":0,"event_name":"Scrap Ooze","floor":11,"gold_loss":0},{"cards_removed":["Injury"],"damage_healed":0,"gold_gain":0,"player_choice":"Card Removal","damage_taken":7,"max_hp_gain":0,"max_hp_loss":0,"event_name":"Golden Wing","floor":12,"gold_loss":0},{"cards_removed":["Strike_R"],"damage_healed":0,"gold_gain":0,"player_choice":"Gave Gold","damage_taken":0,"max_hp_gain":0,"max_hp_loss":0,"event_name":"Beggar","floor":20,"gold_loss":75},{"damage_healed":0,"gold_gain":0,"player_choice":"Ignored","damage_taken":0,"max_hp_gain":0,"max_hp_loss":0,"event_name":"Vampires","floor":22,"gold_loss":0},{"damage_healed":0,"gold_gain":0,"player_choice":"Memory 3","damage_taken":10,"max_hp_gain":0,"max_hp_loss":0,"event_name":"SensoryStone","floor":37,"gold_loss":0},{"damage_healed":0,"gold_gain":0,"player_choice":"Ignored","damage_taken":0,"max_hp_gain":0,"max_hp_loss":0,"event_name":"Mysterious Sphere","floor":39,"gold_loss":0},{"damage_healed":0,"gold_gain":0,"player_choice":"Fight","damage_taken":0,"max_hp_gain":0,"max_hp_loss":0,"event_name":"MindBloom","floor":41,"gold_loss":0},{"damage_healed":0,"gold_gain":0,"player_choice":"Ignored","damage_taken":0,"max_hp_gain":0,"max_hp_loss":0,"event_name":"Golden Shrine","floor":48,"gold_loss":0}],"is_beta":false,"boss_relics":[{"not_picked":["Astrolabe","Tiny House"],"picked":"Busted Crown"},{"not_picked":["Coffee Dripper","Fusion Hammer","Runic Dome"]}],"items_purged_floors":[19,24,36,42,47],"is_endless":false,"potions_floor_spawned":[4,14,16,18,30,33,41],"ascension_level":0}}