{"host":"5y2vm16xfq9gfmb2","time":1613455806,"event":{"mods":["AchievementEnabler","BaseMod","Better Third Choice","Colored Map","Colored Powertips","DeckTracker","Friendly Minions","Marisa????????","Minty Spire (QoL Compilation)","Rare Cards Sparkle","Relic Stats","StSLib","The Alterego","The Animator","The Marked","The Servant 0.9.4","Yohane!"],"gold_per_floor":[115,115,130,155,205,205,205,232,232,249,24,38,52,83,83,184,184,197,47,63,63,82,82,101,111,161,14,14,14,27,47,47,152,152,169,183,208,208,228,228,243,255,281,202,202,202,202,212,212,212,212,212,61,93,93,93],"floor_reached":55,"language":"ENG","playtime":3288,"items_purged":[],"score":756,"play_id":"3e2f2495-5246-46ca-b41d-0302620267b5","local_time":"20210216011006","is_ascension_mode":false,"campfire_choices":[{"floor":6,"key":"RECALL"},{"floor":15,"key":"DIG"},{"floor":23,"key":"DIG"},{"floor":28,"key":"DIG"},{"floor":32,"key":"DIG"},{"floor":40,"key":"DIG"},{"floor":46,"key":"DIG"},{"floor":49,"key":"DIG"},{"floor":52,"key":"DIG"}],"circlet_count":0,"master_deck":["Yohane:Strike_Grey","Yohane:Strike_Grey","Yohane:Strike_Grey","Yohane:Strike_Grey+1","Yohane:Defend_Grey","Yohane:Defend_Grey","Yohane:Defend_Grey","Yohane:Defend_Grey","Yohane:Little_Demon_Lily","Yohane:Well_Laid_Ambush+1","Yohane:Strawberry_Trapper","Yohane:Introspection","Yohane:Runaway_Umbrella","Yohane:Energetic_Performance","Yohane:Little_Demon_Hanamaru","Yohane:Envious","Yohane:Dark_Rest","Yohane:Sloth","Yohane:Wrath","Yohane:Grand_Entrance+1","Yohane:Runaway_Umbrella","Yohane:Lust+1","Yohane:Backfoot+1","Yohane:Sloth+1","Yohane:Grace_Under_Fire","Yohane:Soul_Peek+1","Yohane:Lust","Yohane:Schwarz_Sechs","Tantrum","animator:Cirno","alterego_mod:Weigh","animator:KyokoSakura","SoulSculpture","alterego_mod:TrickOrTreatment","Evaluate+1","Bane","animator:KyokoSakura+1","alterego_mod:GIGAMILK","WindmillStrike+1","alterego_mod:MagicResistance","LuminesStrike","Yohane:Curse_The_Heavens"],"relics":["Yohane:AngelWings","WarpedTongs","Incense Burner","Shovel","Whetstone","Lee\u0027s Waffle","Torii","Prayer Wheel","Philosopher\u0027s Stone","Strange Spoon","Ancient Tea Set","Tiny Chest","PrismaticShard","Bottled Tornado","Ice Cream","Coffee Dripper","Centennial Puzzle","Dream Catcher","Bag of Marbles","InkBottle","Bag of Preparation","Nunchaku","Ornamental Fan","Bronze Scales","Oddly Smooth Stone"],"acts_visited":["Exordium","TheCity","TheBeyond","TheEnding"],"potions_floor_usage":[16,20,24,30,33,33,33,41,42,42,50],"damage_taken":[{"damage":0,"enemies":"Cultist","floor":1,"turns":4},{"damage":10,"enemies":"Jaw Worm","floor":3,"turns":3},{"damage":27,"enemies":"Lagavulin","floor":8,"turns":7},{"damage":7,"enemies":"2 Louse","floor":10,"turns":3},{"damage":1,"enemies":"Red Slaver","floor":12,"turns":3},{"damage":11,"enemies":"Lots of Slimes","floor":13,"turns":4},{"damage":16,"enemies":"3 Sentries","floor":14,"turns":9},{"damage":26,"enemies":"Slime Boss","floor":16,"turns":10},{"damage":3,"enemies":"Shell Parasite","floor":18,"turns":6},{"damage":6,"enemies":"2 Thieves","floor":20,"turns":2},{"damage":2,"enemies":"Cultist and Chosen","floor":22,"turns":6},{"damage":11,"enemies":"3 Cultists","floor":24,"turns":4},{"damage":0,"enemies":"Snake Plant","floor":25,"turns":2},{"damage":6,"enemies":"Chosen and Byrds","floor":30,"turns":2},{"damage":1,"enemies":"3 Cultists","floor":31,"turns":3},{"damage":13,"enemies":"Collector","floor":33,"turns":6},{"damage":12,"enemies":"Orb Walker","floor":35,"turns":3},{"damage":16,"enemies":"3 Darklings","floor":36,"turns":3},{"damage":9,"enemies":"Spire Growth","floor":39,"turns":4},{"damage":21,"enemies":"Sphere and 2 Shapes","floor":41,"turns":4},{"damage":7,"enemies":"Maw","floor":42,"turns":8},{"damage":2,"enemies":"3 Darklings","floor":48,"turns":3},{"damage":33,"enemies":"Donu and Deca","floor":50,"turns":6},{"damage":22,"enemies":"Shield and Spear","floor":54,"turns":5},{"damage":49,"enemies":"The Heart","floor":55,"turns":3}],"seed_played":"5891688829755091423","potions_obtained":[{"floor":8,"key":"Dexterity Potion"},{"floor":13,"key":"Fire Potion"},{"floor":16,"key":"Regen Potion"},{"floor":18,"key":"Fire Potion"},{"floor":21,"key":"FearPotion"},{"floor":30,"key":"Regen Potion"},{"floor":31,"key":"PowerPotion"},{"floor":33,"key":"Swift Potion"},{"floor":35,"key":"EssenceOfSteel"},{"floor":36,"key":"Weak Potion"},{"floor":42,"key":"LiquidMemories"},{"floor":54,"key":"SpeedPotion"}],"is_trial":false,"path_per_floor":["M","?","M","T","?","R","T","E","T","M","$","M","M","E","R","B",null,"M","$","M","?","M","R","M","M","T","$","R","?","M","M","R","B",null,"M","M","T","?","M","R","M","M","T","$","?","R","T","M","R","B",null,"R","$","E","B"],"character_chosen":"FallenAngel","items_purchased":["Lee\u0027s Waffle","Yohane:Envious","Strange Spoon","PrismaticShard","Yohane:Curse_The_Heavens","Bronze Scales"],"campfire_rested":0,"item_purchase_floors":[11,11,19,27,44,53],"current_hp_per_floor":[60,60,50,50,50,50,50,23,23,16,67,66,55,51,51,35,67,67,67,61,61,59,59,48,48,48,48,48,48,47,46,46,59,67,55,39,39,39,30,30,18,31,31,31,59,59,59,57,57,24,59,59,59,41,0,0],"gold":93,"neow_bonus":"ONE_RANDOM_RARE_CARD","is_daily":false,"chose_seed":false,"campfire_upgraded":0,"win_rate":0.0,"timestamp":1613455806,"path_taken":["M","?","?","?","?","R","?","E","T","M","$","M","?","E","R","BOSS","M","$","M","?","M","R","M","?","T","?","R","?","M","?","R","BOSS","M","M","?","?","?","R","M","M","T","$","?","R","?","M","R","BOSS","R","$","E","BOSS"],"items_purchased_type":["Relic","Card","Relic","Relic","Card","Relic"],"build_version":"2020-12-22","purchased_purges":0,"victory":false,"max_hp_per_floor":[60,60,60,60,60,60,60,60,60,60,67,67,67,67,67,67,67,67,67,67,67,67,67,67,67,67,67,67,67,67,67,67,67,67,67,67,67,67,67,67,67,67,67,67,59,59,59,59,59,59,59,59,59,59,59,59],"relic_stats":{"Lee\u0027s Waffle":51,"Torii":54,"counters":[25,113],"Bag of Preparation":[8],"Whetstone":["Yohane:Strike_Grey","Yohane:Well_Laid_Ambush"],"WarpedTongs":[108],"Strange Spoon":[22],"Centennial Puzzle":[21],"Dream Catcher":0,"Nunchaku":[4],"Shovel":8,"Ornamental Fan":[20],"Bronze Scales":[51],"Prayer Wheel":13,"Tiny Chest":2,"obtain_stats":[{"Ice Cream":32,"Torii":14,"Incense Burner":7,"Bag of Preparation":47,"Yohane:AngelWings":0,"Whetstone":9,"Bottled Tornado":28,"Ancient Tea Set":23,"PrismaticShard":27,"Centennial Puzzle":37,"Dream Catcher":40,"Nunchaku":49,"Shovel":8,"Prayer Wheel":15,"Philosopher\u0027s Stone":17,"Tiny Chest":26,"InkBottle":46,"Lee\u0027s Waffle":11,"Oddly Smooth Stone":54,"WarpedTongs":2,"Strange Spoon":19,"Ornamental Fan":52,"Bronze Scales":53,"Coffee Dripper":34,"Bag of Marbles":43},{"Ice Cream":15,"Torii":7,"Incense Burner":2,"Bag of Preparation":21,"Yohane:AngelWings":0,"Whetstone":3,"Bottled Tornado":13,"Ancient Tea Set":11,"PrismaticShard":13,"Centennial Puzzle":18,"Dream Catcher":19,"Nunchaku":22,"Shovel":3,"Prayer Wheel":7,"Philosopher\u0027s Stone":8,"Tiny Chest":13,"InkBottle":21,"Lee\u0027s Waffle":4,"Oddly Smooth Stone":24,"WarpedTongs":1,"Strange Spoon":9,"Ornamental Fan":23,"Bronze Scales":23,"Coffee Dripper":16,"Bag of Marbles":21},{"Ice Cream":68,"Torii":33,"Incense Burner":7,"Bag of Preparation":96,"Yohane:AngelWings":0,"Whetstone":14,"Bottled Tornado":63,"Ancient Tea Set":57,"PrismaticShard":63,"Centennial Puzzle":80,"Dream Catcher":84,"Nunchaku":99,"Shovel":14,"Prayer Wheel":33,"Philosopher\u0027s Stone":43,"Tiny Chest":63,"InkBottle":96,"Lee\u0027s Waffle":17,"Oddly Smooth Stone":110,"WarpedTongs":4,"Strange Spoon":49,"Ornamental Fan":105,"Bronze Scales":105,"Coffee Dripper":74,"Bag of Marbles":96}],"InkBottle":[7]},"card_choices":[{"not_picked":["Yohane:Inspiration","Yohane:Hakodate"],"picked":"Yohane:Introspection","floor":1},{"not_picked":["Yohane:Lailapse","Yohane:Grace_Under_Fire"],"picked":"Yohane:Runaway_Umbrella","floor":3},{"not_picked":["Yohane:Wrath","Yohane:Livestream_Donation"],"picked":"Yohane:Energetic_Performance","floor":8},{"not_picked":["Yohane:Culinary_Genius","Yohane:Impressive_Display"],"picked":"Yohane:Little_Demon_Hanamaru","floor":10},{"not_picked":["Yohane:Lailapse","Yohane:Envious"],"picked":"Yohane:Dark_Rest","floor":12},{"not_picked":["Yohane:Angel_Tears","Yohane:Wrath"],"picked":"Yohane:Sloth","floor":13},{"not_picked":["Yohane:Grace_Under_Fire","Yohane:Cursed_Strike"],"picked":"Yohane:Wrath","floor":14},{"not_picked":["Yohane:City_Of_Sin","Yohane:Witch_Trick"],"picked":"Yohane:Indulge","floor":16},{"not_picked":["Yohane:Backfoot","Yohane:Angel_Tears"],"picked":"Yohane:Grand_Entrance+1","floor":18},{"not_picked":["Yohane:Schwarz_Sechs","Yohane:Fallen_Dragon_Phoenix_Hold"],"picked":"Yohane:Runaway_Umbrella","floor":18},{"not_picked":["Yohane:Cursed_Strike+1","Yohane:Miracle_Wave"],"picked":"Yohane:Lust+1","floor":20},{"not_picked":["Yohane:Gluttony","Yohane:Allure_of_Darkness","Yohane:Introspection"],"picked":"SKIP","floor":20},{"not_picked":["Yohane:Dark_Rest+1","Yohane:Impressive_Display"],"picked":"Yohane:Backfoot+1","floor":22},{"not_picked":["Yohane:Cursed_Strike","Yohane:Angel_Tears"],"picked":"Yohane:Sloth+1","floor":22},{"not_picked":["Yohane:Wrath+1","Yohane:Little_Demon_Hanamaru"],"picked":"Yohane:Grace_Under_Fire","floor":24},{"not_picked":["Yohane:Introspection","Yohane:Angel_Tears"],"picked":"Yohane:Soul_Peek+1","floor":24},{"not_picked":["Yohane:Fallen_Dragon_Phoenix_Hold","Yohane:Angel_Tears"],"picked":"Yohane:Lust","floor":25},{"not_picked":["Yohane:Livestream_Donation","Yohane:Dark_Rest"],"picked":"Yohane:Schwarz_Sechs","floor":25},{"not_picked":["Shrug It Off","animator:Alexander"],"picked":"animator:Cirno","floor":30},{"not_picked":["theMarked:RepellingDischarge","Leap"],"picked":"alterego_mod:Weigh","floor":30},{"not_picked":["FollowUp","Flying Knee"],"picked":"animator:KyokoSakura","floor":31},{"not_picked":["animator:Priestess","animator:Evileye"],"picked":"SoulSculpture","floor":31},{"not_picked":["animator:Envy","theMarked:BiggerThanFate"],"picked":"alterego_mod:TrickOrTreatment","floor":33},{"not_picked":["PiercingWail","animator:RoryMercury+1"],"picked":"Evaluate+1","floor":35},{"not_picked":["animator:MamizouFutatsuiwa+1","PathToVictory+1"],"picked":"Bane","floor":35},{"not_picked":["alterego_mod:RocketPunch","Yohane:Backfoot"],"picked":"animator:KyokoSakura+1","floor":36},{"not_picked":["True Grit","Catalyst+1","animator:ElricAlphonse+1"],"picked":"SKIP","floor":36},{"not_picked":["DualDimension+1","Evaluate"],"picked":"alterego_mod:GIGAMILK","floor":39},{"not_picked":["animator:Mikaela","animator:IchigoKurosaki+1"],"picked":"WindmillStrike+1","floor":39},{"not_picked":["ThirdEye+1","Yohane:Misfortune"],"picked":"alterego_mod:MagicResistance","floor":41},{"not_picked":["Beam Cell+1","theMarked:GodGivenPower+1","Blade Dance+1"],"picked":"SKIP","floor":41},{"not_picked":["PiercingWail","Clothesline+1"],"picked":"LuminesStrike","floor":42},{"not_picked":["animator:CrowleyEusford","theMarked:Static","Consume"],"picked":"SKIP","floor":42},{"not_picked":["Capacitor","SporeBomb","Ricochet+1"],"picked":"SKIP","floor":48},{"not_picked":["Good Instincts","animator:Konayuki","animator:Ara+1"],"picked":"SKIP","floor":48},{"not_picked":["alterego_mod:Pet+1","TreasureHunter","Sword Boomerang"],"picked":"SKIP","floor":54}],"player_experience":124634,"relics_obtained":[{"floor":7,"key":"Incense Burner"},{"floor":8,"key":"Shovel"},{"floor":9,"key":"Whetstone"},{"floor":14,"key":"Torii"},{"floor":15,"key":"Prayer Wheel"},{"floor":23,"key":"Ancient Tea Set"},{"floor":26,"key":"Tiny Chest"},{"floor":28,"key":"Bottled Tornado"},{"floor":32,"key":"Ice Cream"},{"floor":37,"key":"Centennial Puzzle"},{"floor":40,"key":"Dream Catcher"},{"floor":43,"key":"Bag of Marbles"},{"floor":46,"key":"InkBottle"},{"floor":47,"key":"Bag of Preparation"},{"floor":49,"key":"Nunchaku"},{"floor":52,"key":"Ornamental Fan"},{"floor":54,"key":"Oddly Smooth Stone"}],"event_choices":[{"damage_healed":0,"gold_gain":0,"player_choice":"Rummage","damage_taken":0,"relics_obtained":["WarpedTongs"],"max_hp_gain":0,"max_hp_loss":0,"event_name":"Accursed Blacksmith","floor":2,"gold_loss":0,"cards_obtained":["Pain"]},{"damage_healed":0,"gold_gain":50,"player_choice":"Gained Gold","damage_taken":0,"max_hp_gain":0,"max_hp_loss":0,"event_name":"Golden Wing","floor":5,"gold_loss":0},{"damage_healed":0,"gold_gain":0,"player_choice":"Got Potions","damage_taken":0,"max_hp_gain":0,"max_hp_loss":0,"event_name":"Lab","floor":21,"gold_loss":0},{"cards_removed":["Yohane:Indulge"],"damage_healed":0,"gold_gain":0,"player_choice":"Took Card","damage_taken":0,"max_hp_gain":0,"max_hp_loss":0,"event_name":"NoteForYourself","floor":29,"gold_loss":0,"cards_obtained":["Tantrum"]},{"cards_removed":["Pain"],"damage_healed":0,"gold_gain":0,"player_choice":"Purged","damage_taken":0,"max_hp_gain":0,"max_hp_loss":0,"event_name":"Purifier","floor":38,"gold_loss":0},{"damage_healed":59,"gold_gain":0,"player_choice":"Heal","damage_taken":0,"max_hp_gain":0,"max_hp_loss":8,"event_name":"The Moai Head","floor":45,"gold_loss":0}],"is_beta":false,"boss_relics":[{"not_picked":["Sozu","Astrolabe"],"picked":"Philosopher\u0027s Stone"},{"not_picked":["Runic Pyramid","Cursed Key"],"picked":"Coffee Dripper"}],"items_purged_floors":[],"is_endless":false,"potions_floor_spawned":[8,13,16,18,30,31,33,35,36,42,54],"killed_by":"The Heart","ascension_level":0}}