{"host":"2c84cb4cp1emursg","time":1613442595,"event":{"mods":["Act Like it!","BaseMod","Better Third Choice","Bossed Relics","Hermit","Mimic Mod","Minty Spire (QoL Compilation)","Permanent Neow","StSLib"],"gold_per_floor":[18,33,50,67,85,112,122,122,122],"floor_reached":8,"language":"ENG","playtime":455,"items_purged":[],"score":78,"play_id":"a542ff71-eead-46dc-9acb-be47d3681126","local_time":"20210215192955","is_ascension_mode":true,"campfire_choices":[],"circlet_count":0,"master_deck":["Strike_G","Strike_G","Strike_G","Strike_G","Strike_G","Defend_G","Defend_G","Defend_G","Defend_G","Defend_G","Survivor","Neutralize","Secret Weapon","Poisoned Stab","Bouncing Flask","Crippling Poison","Acrobatics","Footwork","Dagger Spray"],"relics":["Ring of the Snake","Ice Cream"],"acts_visited":["Exordium"],"potions_floor_usage":[6,8],"damage_taken":[{"damage":5,"enemies":"Jaw Worm","floor":1,"turns":5},{"damage":0,"enemies":"Small Slimes","floor":2,"turns":3},{"damage":0,"enemies":"2 Louse","floor":3,"turns":2},{"damage":8,"enemies":"Large Slime","floor":4,"turns":5},{"damage":19,"enemies":"Exordium Thugs","floor":5,"turns":5},{"damage":20,"enemies":"Lagavulin","floor":6,"turns":6},{"damage":6,"enemies":"Blue Slaver","floor":7,"turns":4},{"damage":13,"enemies":"Gremlin Nob","floor":8,"turns":2}],"seed_played":"2465714670510550105","potions_obtained":[{"floor":1,"key":"SneckoOil"},{"floor":7,"key":"ColorlessPotion"}],"is_trial":false,"path_per_floor":["M","M","M","M","M","E","M","E"],"character_chosen":"THE_SILENT","items_purchased":[],"campfire_rested":0,"item_purchase_floors":[],"current_hp_per_floor":[65,65,65,57,38,18,12,0,0],"gold":122,"neow_bonus":"RANDOM_COLORLESS_2","is_daily":false,"chose_seed":false,"campfire_upgraded":0,"win_rate":0.0,"timestamp":1613442595,"path_taken":["M","M","M","M","M","E","M","E"],"items_purchased_type":[],"build_version":"2020-12-22","purchased_purges":0,"victory":false,"max_hp_per_floor":[70,70,70,70,70,70,70,70,70],"card_choices":[{"not_picked":["Violence","The Bomb"],"picked":"Secret Weapon","floor":0},{"not_picked":["Acrobatics","Deadly Poison"],"picked":"Poisoned Stab","floor":1},{"not_picked":["Setup","Deflect"],"picked":"Bouncing Flask","floor":2},{"not_picked":["Dagger Spray","Slice"],"picked":"Crippling Poison","floor":3},{"not_picked":["Quick Slash","Sucker Punch","Deadly Poison"],"picked":"SKIP","floor":4},{"not_picked":["Underhanded Strike","Dodge and Roll"],"picked":"Acrobatics","floor":5},{"not_picked":["Wraith Form v2","Quick Slash"],"picked":"Footwork","floor":6},{"not_picked":["Dagger Throw","Outmaneuver"],"picked":"Dagger Spray","floor":7}],"player_experience":486174,"relics_obtained":[{"floor":6,"key":"Ice Cream"}],"event_choices":[],"is_beta":false,"boss_relics":[],"items_purged_floors":[],"is_endless":false,"potions_floor_spawned":[1,7],"killed_by":"Gremlin Nob","ascension_level":5}}