{"host":"2d926qfvvz477zl6","time":1613450640,"event":{"mods":["Aspiration","BaseMod","Challenge The Spire","Conspire","Downfall","GifTheSpireLib","GungeonMod","Halation","Hermit","Hubris","Infinite Spire","Minty Spire (QoL Compilation)","Morshu Shopkeeper","Permanent Neow","Quick Restart","Rare Cards Sparkle","Reliquary","Replay The Spire","Shedinja","Somnambulant","Spicy Shops","StSLib","Stuff the Spire","Td1madao Mod","The Blue Laboratory","The Bug Knight","The Construct","The Cursed","The Disciple","The Forsaken","The Hierophant","The Senshi","TheFirefly","Wandering Minibosses","Wide Potions","everything is the same but u backflip on backflip","slay the spire mod where everything is the same but ironclad has a cowboy hat"],"gold_per_floor":[20,20,20,33,47,47,59,8,31,31,63,63,63,83,83,183,183,194,214,17,17,17,17,17],"floor_reached":23,"language":"ENG","playtime":1146,"items_purged":["StuffTheSpire:CuriosityCurse","thefirefly:Strike+1"],"score":214,"play_id":"2a7b8cc9-0d17-4d3f-b399-a804fc44baa0","local_time":"20210215234400","is_ascension_mode":false,"campfire_choices":[{"data":"thefirefly:ChargedLaser","floor":6.0,"key":"SMITH"},{"floor":10.0,"key":"REST"},{"data":"thefirefly:StealthMode","floor":13,"key":"SMITH"},{"data":"thefirefly:Bombardment","floor":15,"key":"SMITH"}],"circlet_count":0,"master_deck":["thefirefly:Strike+1","thefirefly:Strike+1","thefirefly:Defend+1","thefirefly:Defend+1","thefirefly:Defend+1","thefirefly:Defend+1","thefirefly:StealthMode+1","thefirefly:PhotonBlast","thefirefly:ArtillleryBeam","thefirefly:LifeSupport","thefirefly:EvasiveManeuver","thefirefly:ChargedLaser+1","thefirefly:Preload","thefirefly:FlakCannon","thefirefly:ArtillleryBeam","thefirefly:Bombardment+1","thefirefly:EphemeronForm","TheCursedMod:Dregs","HollowMod:PogoStrike","thefirefly:BreachMissile","Finesse","ReplayTheSpireMod:??????????????????????","thefirefly:Distort","thefirefly:DecoyShot","thefirefly:FlakCannon","Replay:Bootleg Shield Generator","infinitespire:TheBestDefense"],"relics":["thefirefly:StealthSystem","StuffTheSpire:Nightcore","hubris:Potato","Regal Pillow","Letter Opener","ReplayTheSpireMod:SealedPack","halation:Sosunser"],"acts_visited":["Exordium","TheCity"],"potions_floor_usage":[16],"damage_taken":[{"damage":13.0,"enemies":"Jaw Worm","floor":1.0,"turns":3.0},{"damage":0.0,"enemies":"Small Slimes","floor":4.0,"turns":2.0},{"damage":30.0,"enemies":"Cultist","floor":5.0,"turns":7.0},{"damage":11.0,"enemies":"2 Fungi Beasts","floor":7.0,"turns":4.0},{"damage":0.0,"enemies":"3 Sentries","floor":11.0,"turns":3.0},{"damage":18,"enemies":"Large Slime","floor":14,"turns":6},{"damage":34,"enemies":"Slime Boss","floor":16,"turns":10},{"damage":22,"enemies":"Shell Parasite","floor":18,"turns":6},{"damage":15,"enemies":"3 Byrds","floor":19,"turns":6},{"damage":30,"enemies":"Book of Stabbing","floor":23,"turns":6}],"seed_played":"1676574987579009904","potions_obtained":[{"floor":7.0,"key":"Death Potion"},{"floor":14,"key":"blueLaboratory:StoneskinPotion"},{"floor":19,"key":"SteroidPotion"}],"is_trial":false,"path_per_floor":["M","?","?","M","M","R","M","$","T","R","E","?","R","M","R","B",null,"M","M","$","?","AVR","E"],"character_chosen":"THE_FIREFLY","items_purchased":["thefirefly:FlakCannon","thefirefly:FlakCannon","Replay:Bootleg Shield Generator"],"campfire_rested":1,"item_purchase_floors":[8,20,20],"current_hp_per_floor":[42,42,42,48,24,24,19,19,19,50,55,55,55,43,43,15,55,33,24,24,24,24,0,0],"gold":17,"neow_bonus":"ONE_RARE_RELIC","is_daily":false,"chose_seed":false,"campfire_upgraded":3,"win_rate":0.0,"timestamp":1613450640,"path_taken":["M","?","?","M","?","R","M","$","T","R","E","?","R","M","R","BOSS","M","M","$","?","AVR","E"],"items_purchased_type":["Card","Card","Card"],"build_version":"2020-12-22","purchased_purges":2,"victory":false,"max_hp_per_floor":[55,55,55,55,55,55,55,55,55,55,55,55,55,55,55,55,55,55,55,55,55,55,55,55],"card_choices":[{"not_picked":["thefirefly:Preload","thefirefly:EMP"],"picked":"thefirefly:ArtillleryBeam","floor":1.0},{"not_picked":["thefirefly:Boost","thefirefly:Rend"],"picked":"thefirefly:EvasiveManeuver","floor":4.0},{"not_picked":["thefirefly:Quine","thefirefly:Exile"],"picked":"thefirefly:ChargedLaser","floor":5.0},{"not_picked":["thefirefly:InterceptingShot","thefirefly:Rend"],"picked":"thefirefly:Preload","floor":7.0},{"not_picked":["thefirefly:Reposition","thefirefly:EvasiveManeuver"],"picked":"thefirefly:ArtillleryBeam","floor":11.0},{"not_picked":["thefirefly:FullProjection","thefirefly:Rend"],"picked":"thefirefly:Bombardment","floor":14},{"not_picked":["thefirefly:Unweft","thefirefly:BreachMissile"],"picked":"thefirefly:EphemeronForm","floor":16},{"not_picked":["Survivor","DemoMod:CrossBow"],"picked":"HollowMod:PogoStrike","floor":17},{"not_picked":["thefirefly:Dematerialize","thefirefly:RerouteCircuit"],"picked":"thefirefly:BreachMissile","floor":17},{"not_picked":["ReplayTheSpireMod:Uncanny Aura","Specialist"],"picked":"Finesse","floor":17},{"not_picked":["infinitespire:FutureSight","ReplayTheSpireMod:Book of Names"],"picked":"ReplayTheSpireMod:??????????????????????","floor":17},{"not_picked":["thefirefly:Ruminate","thefirefly:ShieldArray"],"picked":"thefirefly:Distort","floor":18},{"not_picked":["thefirefly:PhantomStrike","thefirefly:SteadyAim"],"picked":"thefirefly:DecoyShot","floor":19}],"player_experience":444893,"relics_obtained":[{"floor":9.0,"key":"Regal Pillow"},{"floor":11.0,"key":"Letter Opener"}],"event_choices":[{"damage_healed":0.0,"max_hp_gain":0.0,"max_hp_loss":0.0,"gold_gain":0.0,"cards_transformed":["thefirefly:Strike"],"event_name":"Transmorgrifier","player_choice":"Transformed","floor":3.0,"gold_loss":0.0,"damage_taken":0.0,"cards_obtained":["thefirefly:LifeSupport"]},{"damage_healed":0,"gold_gain":0,"player_choice":"Simplicity","damage_taken":0,"max_hp_gain":0,"max_hp_loss":0,"event_name":"Back to Basics","floor":21,"gold_loss":0,"cards_upgraded":["thefirefly:Strike","thefirefly:Strike","thefirefly:Strike","thefirefly:Defend","thefirefly:Defend","thefirefly:Defend","thefirefly:Defend"]}],"is_beta":false,"boss_relics":[{"not_picked":["Astrolabe","conspire:SpecialSausage"],"picked":"ReplayTheSpireMod:SealedPack"}],"items_purged_floors":[20,22],"is_endless":false,"potions_floor_spawned":[7,14,19],"killed_by":"Book of Stabbing","ascension_level":0}}