{"host":"vlqej45p0v31lhdi","time":1613469291,"event":{"mods":["AchievementEnabler","BaseMod","Bestiary","Colored Powertips","Minty Spire (QoL Compilation)","Relic Stats"],"gold_per_floor":[109,177,60,74,74,109,109,109,109,133,158,194,208,241,241,336,336,350,374,424,33,53,53,53],"floor_reached":23,"language":"ENG","playtime":1132,"items_purged":["Strike_R"],"score":437,"play_id":"6a143773-1fdb-443a-acf6-c5a502b85fd1","local_time":"20210216035451","is_ascension_mode":true,"campfire_choices":[{"data":"Inflame","floor":7.0,"key":"SMITH"},{"data":"Disarm","floor":15.0,"key":"SMITH"}],"circlet_count":0,"master_deck":["AscendersBane","Strike_R","Strike_R","Strike_R","Strike_R","Defend_R","Defend_R","Defend_R","Defend_R","Bash","Sever Soul","Inflame+1","Sword Boomerang","Iron Wave","Fire Breathing","Evolve","Thunderclap","Carnage","Anger","Disarm+1","Impervious","Seeing Red","Fiend Fire","Feel No Pain"],"relics":["Burning Blood","NeowsBlessing","Golden Idol","MealTicket","FossilizedHelix","Thread and Needle","Blood Vial","Vajra","SlaversCollar","Membership Card","Toy Ornithopter"],"acts_visited":["Exordium","TheCity"],"potions_floor_usage":[],"damage_taken":[{"damage":0.0,"enemies":"Small Slimes","floor":1.0,"turns":1.0},{"damage":0.0,"enemies":"2 Louse","floor":4.0,"turns":1.0},{"damage":0.0,"enemies":"Lagavulin","floor":6.0,"turns":1.0},{"damage":0.0,"enemies":"Cultist","floor":10.0,"turns":3.0},{"damage":0.0,"enemies":"Looter","floor":11.0,"turns":3.0},{"damage":12.0,"enemies":"Gremlin Nob","floor":12.0,"turns":4.0},{"damage":0.0,"enemies":"Exordium Wildlife","floor":13.0,"turns":3.0},{"damage":11.0,"enemies":"Lagavulin","floor":14.0,"turns":5.0},{"damage":40.0,"enemies":"Hexaghost","floor":16.0,"turns":8.0},{"damage":43.0,"enemies":"3 Byrds","floor":18.0,"turns":7.0},{"damage":14.0,"enemies":"Chosen","floor":19.0,"turns":5.0},{"damage":23.0,"enemies":"Snake Plant","floor":22.0,"turns":4.0},{"damage":22,"enemies":"Book of Stabbing","floor":23,"turns":3}],"seed_played":"-3008074392679158910","potions_obtained":[{"floor":1.0,"key":"Block Potion"},{"floor":4.0,"key":"AttackPotion"},{"floor":6.0,"key":"Ancient Potion"},{"floor":14.0,"key":"ColorlessPotion"}],"is_trial":false,"path_per_floor":["M","?","$","M","?","E","R","?","T","M","M","E","M","E","R","B",null,"M","M","?","$","M","E"],"character_chosen":"IRONCLAD","items_purchased":["Inflame","Sword Boomerang","Membership Card","Fiend Fire","Toy Ornithopter","Fire Potion"],"campfire_rested":0,"item_purchase_floors":[3,3,21,21,21,21],"current_hp_per_floor":[74,74,74,75,68,68,68,50,50,56,62,56,64,61,61,29,58,23,17,17,32,17,0,0],"gold":53,"neow_bonus":"THREE_ENEMY_KILL","is_daily":false,"chose_seed":false,"campfire_upgraded":2,"win_rate":0.0,"timestamp":1613469291,"path_taken":["M","?","$","M","?","E","R","?","T","M","M","E","M","E","R","BOSS","M","M","?","$","M","E"],"items_purchased_type":["Card","Card","Relic","Card","Relic","Potion"],"build_version":"2020-12-22","purchased_purges":1,"victory":false,"max_hp_per_floor":[75,75,75,75,68,68,68,68,68,68,68,68,68,68,68,68,68,68,68,68,68,68,68,68],"relic_stats":{"Blood Vial":14,"counters":[13,48],"Golden Idol":65,"MealTicket":15,"obtain_stats":[{"Blood Vial":12,"SlaversCollar":17,"NeowsBlessing":0,"Golden Idol":5,"Vajra":14,"MealTicket":6,"Thread and Needle":9,"Membership Card":21,"Burning Blood":0,"FossilizedHelix":8,"Toy Ornithopter":21},{"Blood Vial":6,"SlaversCollar":9,"NeowsBlessing":0,"Golden Idol":2,"Vajra":8,"MealTicket":3,"Thread and Needle":3,"Membership Card":11,"Burning Blood":0,"FossilizedHelix":3,"Toy Ornithopter":11},{"Blood Vial":13,"SlaversCollar":29,"NeowsBlessing":0,"Golden Idol":2,"Vajra":21,"MealTicket":3,"Thread and Needle":3,"Membership Card":41,"Burning Blood":0,"FossilizedHelix":3,"Toy Ornithopter":41}],"Burning Blood":61,"Toy Ornithopter":0},"card_choices":[{"not_picked":["Warcry","Clash"],"picked":"Sever Soul","floor":1.0},{"not_picked":["Reckless Charge","Bloodletting"],"picked":"Iron Wave","floor":4.0},{"not_picked":["Whirlwind","Headbutt"],"picked":"Fire Breathing","floor":6.0},{"not_picked":["Pommel Strike","Intimidate"],"picked":"Evolve","floor":10.0},{"not_picked":["Perfected Strike","Shrug It Off"],"picked":"Thunderclap","floor":11.0},{"not_picked":["Heavy Blade","Dropkick"],"picked":"Carnage","floor":12.0},{"not_picked":["Dropkick","Rampage"],"picked":"Anger","floor":13.0},{"not_picked":["Double Tap","Thunderclap"],"picked":"Disarm","floor":14.0},{"not_picked":["Corruption","Offering"],"picked":"Impervious","floor":16.0},{"not_picked":["Clash+1","Warcry","Carnage+1"],"picked":"SKIP","floor":18.0},{"not_picked":["Thunderclap","Flex"],"picked":"Seeing Red","floor":19.0},{"not_picked":["Infernal Blade","Warcry"],"picked":"Feel No Pain","floor":22.0}],"player_experience":2913226,"relics_obtained":[{"floor":6.0,"key":"MealTicket"},{"floor":9.0,"key":"Thread and Needle"},{"floor":12.0,"key":"Blood Vial"},{"floor":14.0,"key":"Vajra"}],"event_choices":[{"damage_healed":0.0,"max_hp_gain":0.0,"max_hp_loss":0.0,"gold_gain":68.0,"event_name":"Golden Wing","player_choice":"Gained Gold","floor":2.0,"gold_loss":0.0,"damage_taken":0.0},{"damage_healed":0.0,"max_hp_gain":0.0,"max_hp_loss":7.0,"gold_gain":0.0,"event_name":"Golden Idol","player_choice":"Lose Max HP","floor":5.0,"gold_loss":0.0,"damage_taken":0.0,"relics_obtained":["Golden Idol"]},{"damage_healed":0.0,"max_hp_gain":0.0,"max_hp_loss":0.0,"gold_gain":0.0,"event_name":"Scrap Ooze","player_choice":"Success","floor":8.0,"gold_loss":0.0,"damage_taken":18.0,"relics_obtained":["FossilizedHelix"]},{"damage_healed":0.0,"max_hp_gain":0.0,"max_hp_loss":0.0,"gold_gain":50.0,"event_name":"Nest","player_choice":"Stole From Cult","floor":20.0,"gold_loss":0.0,"damage_taken":0.0}],"is_beta":false,"boss_relics":[{"not_picked":["Coffee Dripper","Fusion Hammer"],"picked":"SlaversCollar"}],"items_purged_floors":[21],"is_endless":false,"potions_floor_spawned":[1,4,6,10,14,22],"killed_by":"Book of Stabbing","ascension_level":17}}