{"host":"r081svdj6e9i7zze","time":1613453127,"event":{"mods":["AchievementEnabler","BaseMod","Colored Map","Minty Spire (QoL Compilation)","SuperFastMode"],"gold_per_floor":[113,113,113,126,76,104,115,115,115,115,131,148,178,231,243,352,364,393,330,18,35,35,52,62,62,62,62,162,177,177,191,191,295,295,310,310,270,270,270,299,20,38,38,38,38,63,63,81,81,81],"floor_reached":51,"language":"KOR","playtime":2651,"items_purged":["Strike_G","Defend_G"],"score":813,"play_id":"94c5955b-0b8a-4be1-8001-bee63e91fc27","local_time":"20210216142527","is_ascension_mode":false,"campfire_choices":[{"data":"Corpse Explosion","floor":8,"key":"SMITH"},{"floor":10,"key":"REST"},{"floor":15,"key":"REST"},{"data":"Infinite Blades","floor":27,"key":"SMITH"},{"floor":32,"key":"REST"},{"data":"Bullet Time","floor":45,"key":"SMITH"},{"data":"After Image","floor":47,"key":"SMITH"},{"floor":49,"key":"REST"}],"circlet_count":0,"master_deck":["Strike_G","Strike_G","Defend_G","Defend_G","Survivor","Neutralize","Skewer","Blade Dance","Slice+1","Corpse Explosion+1","Poisoned Stab+1","Finisher+1","Endless Agony+1","Adrenaline","Calculated Gamble","Endless Agony+1","Infinite Blades+1","Sucker Punch+1","Bane+1","Unload+1","Deflect","Leg Sweep","Malaise","Poisoned Stab+1","Caltrops+1","Bullet Time+1","Dagger Throw+1","Neutralize+1","After Image+1","Noxious Fumes","Acrobatics+1","Caltrops","Prepared"],"relics":["Ring of the Snake","Sundial","Molten Egg 2","Juzu Bracelet","InkBottle","MawBank","Black Star","DollysMirror","Mango","Tingsha","HornCleat","Philosopher\u0027s Stone","White Beast Statue","Blood Vial","Blue Candle","TheAbacus","Paper Crane","Bottled Lightning","Ancient Tea Set","PreservedInsect"],"acts_visited":["Exordium","TheCity","TheBeyond"],"potions_floor_usage":[12,16,16,16,23,28,28,35,40,40,40,40,40,40,42,46,48,48,48,50,50],"damage_taken":[{"damage":0,"enemies":"Small Slimes","floor":1,"turns":6},{"damage":0,"enemies":"2 Louse","floor":4,"turns":4},{"damage":38,"enemies":"3 Sentries","floor":6,"turns":11},{"damage":0,"enemies":"Jaw Worm","floor":7,"turns":3},{"damage":4,"enemies":"2 Fungi Beasts","floor":11,"turns":3},{"damage":13,"enemies":"Lots of Slimes","floor":12,"turns":3},{"damage":21,"enemies":"Gremlin Nob","floor":13,"turns":4},{"damage":0,"enemies":"Slime Boss","floor":16,"turns":2},{"damage":12,"enemies":"2 Thieves","floor":18,"turns":3},{"damage":2,"enemies":"Spheric Guardian","floor":21,"turns":3},{"damage":10,"enemies":"Cultist and Chosen","floor":23,"turns":2},{"damage":0,"enemies":"Snecko","floor":24,"turns":2},{"damage":11,"enemies":"Colosseum Slavers","floor":28,"turns":3},{"damage":21,"enemies":"Colosseum Nobs","floor":28,"turns":3},{"damage":2,"enemies":"Chosen and Byrds","floor":29,"turns":3},{"damage":18,"enemies":"Shelled Parasite and Fungi","floor":31,"turns":5},{"damage":93,"enemies":"Automaton","floor":33,"turns":8},{"damage":31,"enemies":"3 Darklings","floor":35,"turns":4},{"damage":5,"enemies":"Reptomancer","floor":40,"turns":4},{"damage":32,"enemies":"3 Shapes","floor":42,"turns":2},{"damage":5,"enemies":"Giant Head","floor":46,"turns":7},{"damage":12,"enemies":"Spire Growth","floor":48,"turns":4},{"damage":22,"enemies":"Donu and Deca","floor":50,"turns":6}],"seed_played":"-940950497023988621","potions_obtained":[{"floor":6,"key":"SneckoOil"},{"floor":7,"key":"SteroidPotion"},{"floor":11,"key":"Fire Potion"},{"floor":12,"key":"Energy Potion"},{"floor":18,"key":"FairyPotion"},{"floor":22,"key":"LiquidMemories"},{"floor":22,"key":"Regen Potion"},{"floor":23,"key":"Strength Potion"},{"floor":33,"key":"GhostInAJar"},{"floor":37,"key":"EntropicBrew"},{"floor":37,"key":"Explosive Potion"},{"floor":37,"key":"Regen Potion"},{"floor":40,"key":"Regen Potion"},{"floor":42,"key":"EssenceOfSteel"},{"floor":46,"key":"EntropicBrew"},{"floor":48,"key":"Energy Potion"}],"is_trial":false,"path_per_floor":["M","?","?","M","?","E","M","R","T","R","M","M","E","T","R","B",null,"M","?","$","M","?","M","M","$","T","R","?","M","?","M","R","B",null,"M","?","?","T","?","E","$","M","T","T","R","E","R","M","R","B",null],"character_chosen":"THE_SILENT","items_purchased":["DollysMirror","Infinite Blades","Sucker Punch+1","Noxious Fumes","TheAbacus"],"campfire_rested":4,"item_purchase_floors":[20,20,20,41,41],"current_hp_per_floor":[77,65,58,58,58,20,20,20,20,43,39,26,5,5,28,28,77,65,65,65,63,63,53,53,53,67,67,40,38,38,20,47,12,91,60,60,60,60,60,67,67,42,42,42,42,39,39,29,56,36],"gold":81,"neow_bonus":"TEN_PERCENT_HP_BONUS","is_daily":false,"chose_seed":false,"campfire_upgraded":4,"win_rate":0.0,"timestamp":1613453127,"path_taken":["M","?","?","M","?","E","M","R","T","R","M","M","E","?","R","BOSS","M","?","$","M","?","M","M","$","T","R","?","M","?","M","R","BOSS","M","?","?","?","?","E","$","M","T","?","R","E","R","M","R","BOSS"],"items_purchased_type":["Relic","Card","Card","Card","Relic"],"build_version":"2020-12-22","purchased_purges":2,"victory":true,"max_hp_per_floor":[77,77,77,77,77,77,77,77,77,77,77,77,77,77,77,77,77,77,77,77,77,77,77,77,77,91,91,91,91,91,91,91,91,91,91,91,91,91,91,91,91,91,91,91,91,91,91,91,91,91],"card_choices":[{"not_picked":["Acrobatics","Quick Slash"],"picked":"Skewer","floor":1},{"not_picked":["Escape Plan","Deflect"],"picked":"Blade Dance","floor":4},{"not_picked":["Blade Dance","Dagger Spray+1"],"picked":"Slice+1","floor":6},{"not_picked":["Outmaneuver","Dagger Throw+1"],"picked":"Corpse Explosion","floor":7},{"not_picked":["Sucker Punch+1","Quick Slash+1"],"picked":"Poisoned Stab+1","floor":11},{"not_picked":["Dagger Spray+1","Deadly Poison"],"picked":"Finisher+1","floor":12},{"not_picked":["Underhanded Strike+1","Predator+1"],"picked":"Endless Agony+1","floor":13},{"not_picked":["Malaise","Corpse Explosion"],"picked":"Adrenaline","floor":16},{"not_picked":["Dash+1","Dodge and Roll"],"picked":"Calculated Gamble","floor":18},{"not_picked":["PiercingWail","Dagger Throw+1"],"picked":"Bane+1","floor":21},{"not_picked":["Dagger Spray+1","Predator+1"],"picked":"Unload+1","floor":23},{"not_picked":["Tactician","Endless Agony+1"],"picked":"Deflect","floor":24},{"not_picked":["Deadly Poison","Flying Knee+1"],"picked":"Leg Sweep","floor":28},{"not_picked":["Blade Dance","PiercingWail"],"picked":"Malaise","floor":29},{"not_picked":["Prepared","Outmaneuver"],"picked":"Caltrops+1","floor":31},{"not_picked":["Unload+1","Corpse Explosion"],"picked":"Bullet Time","floor":33},{"not_picked":["Outmaneuver","Underhanded Strike+1"],"picked":"Dagger Throw+1","floor":35},{"not_picked":["Footwork+1","Eviscerate+1"],"picked":"After Image","floor":40},{"not_picked":["PiercingWail","Sucker Punch+1"],"picked":"Acrobatics+1","floor":42},{"not_picked":["Flying Knee+1","Deadly Poison"],"picked":"Caltrops","floor":46},{"not_picked":["Calculated Gamble","Quick Slash+1"],"picked":"Prepared","floor":48}],"player_experience":64964,"relics_obtained":[{"floor":6,"key":"Molten Egg 2"},{"floor":9,"key":"Juzu Bracelet"},{"floor":13,"key":"InkBottle"},{"floor":14,"key":"MawBank"},{"floor":26,"key":"Mango"},{"floor":28,"key":"Tingsha"},{"floor":28,"key":"HornCleat"},{"floor":38,"key":"White Beast Statue"},{"floor":40,"key":"Blood Vial"},{"floor":40,"key":"Blue Candle"},{"floor":43,"key":"Paper Crane"},{"floor":44,"key":"Bottled Lightning"},{"floor":46,"key":"Ancient Tea Set"},{"floor":46,"key":"PreservedInsect"}],"event_choices":[{"damage_healed":0,"gold_gain":0,"player_choice":"Success","damage_taken":12,"relics_obtained":["Sundial"],"max_hp_gain":0,"max_hp_loss":0,"event_name":"Scrap Ooze","floor":2,"gold_loss":0},{"cards_removed":["Strike_G"],"damage_healed":0,"gold_gain":0,"player_choice":"Card Removal","damage_taken":7,"max_hp_gain":0,"max_hp_loss":0,"event_name":"Golden Wing","floor":3,"gold_loss":0},{"cards_removed":["Strike_G"],"damage_healed":0,"gold_gain":0,"player_choice":"Card Removal","damage_taken":0,"max_hp_gain":0,"max_hp_loss":0,"event_name":"The Cleric","floor":5,"gold_loss":50},{"cards_removed":["Defend_G"],"damage_healed":0,"gold_gain":0,"player_choice":"Gave Gold","damage_taken":0,"max_hp_gain":0,"max_hp_loss":0,"event_name":"Beggar","floor":19,"gold_loss":75},{"damage_healed":0,"gold_gain":0,"player_choice":"Got Potions","damage_taken":0,"max_hp_gain":0,"max_hp_loss":0,"event_name":"Lab","floor":22,"gold_loss":0},{"damage_healed":0,"gold_gain":0,"player_choice":"Fight","damage_taken":0,"max_hp_gain":0,"max_hp_loss":0,"event_name":"Colosseum","floor":28,"gold_loss":0},{"damage_healed":0,"gold_gain":0,"player_choice":"Fought Nobs","damage_taken":0,"max_hp_gain":0,"max_hp_loss":0,"event_name":"Colosseum","floor":28,"gold_loss":0},{"damage_healed":0,"gold_gain":0,"cards_transformed":["Defend_G"],"player_choice":"Transformed","damage_taken":0,"max_hp_gain":0,"max_hp_loss":0,"event_name":"Transmorgrifier","floor":30,"gold_loss":0,"cards_obtained":["Poisoned Stab"]},{"damage_healed":0,"gold_gain":0,"player_choice":"1 cards matched","damage_taken":0,"max_hp_gain":0,"max_hp_loss":0,"event_name":"Match and Keep!","floor":36,"gold_loss":0,"cards_obtained":["Neutralize"]},{"damage_healed":0,"gold_gain":0,"player_choice":"Bought 3 Potions","damage_taken":0,"max_hp_gain":0,"max_hp_loss":0,"event_name":"The Woman in Blue","floor":37,"gold_loss":0},{"damage_healed":0,"gold_gain":0,"player_choice":"Ignored","damage_taken":0,"max_hp_gain":0,"max_hp_loss":0,"event_name":"Tomb of Lord Red Mask","floor":39,"gold_loss":0}],"is_beta":false,"boss_relics":[{"not_picked":["Empty Cage","Astrolabe"],"picked":"Black Star"},{"not_picked":["Runic Pyramid","Sozu"],"picked":"Philosopher\u0027s Stone"}],"items_purged_floors":[20,41],"is_endless":false,"potions_floor_spawned":[6,7,11,12,18,23,28,33,40,42,46,48],"ascension_level":0}}