{"host":"cz96naaoibjp08st","time":1613473005,"event":{"mods":["Act Like it!","BaseMod","BetterRewards","GifTheSpireLib","Minty Spire (QoL Compilation)","Replay The Spire","Shop Mod","StSLib"],"gold_per_floor":[116,41,41,59,73,73,100,100,100,0,0,24,34,49,49,153,153,170,187,187,62,161,161,191,191,215,242,242,262,287,300,300,401,401,412,461,461,477,181,181,195,195,195,206,222,47,47,63,63,63],"floor_reached":51,"language":"ZHS","playtime":1608,"items_purged":["Defend_B","Regret","Shame","Strike_B+1","Gash"],"score":755,"play_id":"1b67dbea-13d3-475e-bdca-8c47a04c7006","local_time":"20210216185645","is_ascension_mode":false,"campfire_choices":[{"data":"Zap","floor":6,"key":"SMITH"},{"data":"Dualcast","floor":11,"key":"SMITH"},{"data":"Streamline","floor":15,"key":"SMITH"},{"data":"Core Surge","floor":23,"key":"SMITH"},{"data":"Conserve Battery","floor":25,"key":"SMITH"},{"floor":32,"key":"REST"},{"data":"Buffer","floor":40,"key":"SMITH"},{"data":"Rainbow","floor":42,"key":"SMITH"},{"floor":49,"key":"REST"}],"circlet_count":0,"master_deck":["Defend_B","Defend_B","Zap+1","Dualcast+1","Conserve Battery+1","Echo Form","Streamline+1","Core Surge+1","FTL+1","Gash+1","Buffer+1","Panic Button+1","Echo Form","Rainbow+1"],"relics":["Replay:Drink Me","Replay:Mystery Machine","Nunchaku","Darkstone Periapt","Toy Ornithopter","Sozu","Letter Opener","Mercury Hourglass","Vajra","Incense Burner","Whetstone","Bottled Lightning","Busted Crown","Thread and Needle"],"acts_visited":["Exordium","TheCity","TheBeyond"],"potions_floor_usage":[],"damage_taken":[{"damage":0,"enemies":"Cultist","floor":1,"turns":4},{"damage":0,"enemies":"Jaw Worm","floor":4,"turns":4},{"damage":0,"enemies":"2 Louse","floor":5,"turns":2},{"damage":7,"enemies":"Lagavulin","floor":7,"turns":5},{"damage":6,"enemies":"Exordium Thugs","floor":13,"turns":4},{"damage":12,"enemies":"Blue Slaver","floor":14,"turns":3},{"damage":3,"enemies":"The Guardian","floor":16,"turns":7},{"damage":10,"enemies":"Spheric Guardian","floor":18,"turns":3},{"damage":10,"enemies":"Shell Parasite","floor":19,"turns":4},{"damage":15,"enemies":"Gremlin Leader","floor":24,"turns":5},{"damage":12,"enemies":"Replay:Snechameleon","floor":27,"turns":4},{"damage":0,"enemies":"Shelled Parasite and Fungi","floor":29,"turns":3},{"damage":9,"enemies":"Book of Stabbing","floor":30,"turns":4},{"damage":4,"enemies":"3 Cultists","floor":31,"turns":3},{"damage":4,"enemies":"Collector","floor":33,"turns":5},{"damage":0,"enemies":"Orb Walker","floor":35,"turns":3},{"damage":39,"enemies":"2 Orb Walkers","floor":36,"turns":4},{"damage":0,"enemies":"3 Darklings","floor":38,"turns":4},{"damage":0,"enemies":"Sphere and 2 Shapes","floor":41,"turns":4},{"damage":0,"enemies":"4 Shapes","floor":44,"turns":3},{"damage":1,"enemies":"Jaw Worm Horde","floor":45,"turns":3},{"damage":0,"enemies":"Sphere and 2 Shapes","floor":48,"turns":4},{"damage":0,"enemies":"Donu and Deca","floor":50,"turns":8}],"seed_played":"-6813263410767249112","potions_obtained":[{"floor":4,"key":"Elixir"},{"floor":14,"key":"Reflective Coating"}],"is_trial":false,"path_per_floor":["M","$","?","M","M","R","E","?","T","$","R","T","M","M","R","B",null,"M","M","?","$","?","R","E","R","T","E","T","M","E","M","R","B",null,"M","?","?","M","$","R","M","R","T","M","M","$","?","M","R","B",null],"character_chosen":"DEFECT","items_purchased":["Rainbow"],"campfire_rested":2,"item_purchase_floors":[39],"current_hp_per_floor":[57,57,57,57,57,57,50,50,50,50,50,50,44,32,32,29,57,47,37,43,43,43,43,28,28,28,16,16,16,7,3,21,17,63,63,24,24,24,24,24,24,24,24,24,23,23,23,23,41,41],"gold":63,"neow_bonus":"BOSS_RELIC","is_daily":false,"chose_seed":false,"campfire_upgraded":7,"win_rate":0.0,"timestamp":1613473005,"path_taken":["M","$","?","?","M","R","E","?","T","$","R","?","M","M","R","BOSS","M","M","?","$","?","R","E","R","T","E","?","M","E","M","R","BOSS","M","?","?","M","$","R","M","R","T","M","?","?","?","M","R","BOSS"],"items_purchased_type":["Card"],"build_version":"2020-12-22","purchased_purges":5,"victory":true,"max_hp_per_floor":[57,57,57,57,57,57,57,57,57,57,57,57,57,57,57,57,57,57,57,63,63,63,63,63,63,63,63,63,63,63,63,63,63,63,63,63,63,63,63,63,63,63,63,63,63,63,63,63,63,63],"card_choices":[{"not_picked":["Stack","Skim"],"picked":"Conserve Battery","floor":1},{"not_picked":["Glacier","Coolheaded"],"picked":"Streamline","floor":4},{"not_picked":["Rebound","Storm","Lockon"],"picked":"SKIP","floor":5},{"not_picked":["Creative AI","Ball Lightning","Redo"],"picked":"SKIP","floor":7},{"not_picked":["Creative AI","Ball Lightning","Redo"],"picked":"SKIP","floor":7},{"not_picked":["ReplayTheSpireMod:Repulse","Sweeping Beam","Leap"],"picked":"SKIP","floor":13},{"not_picked":["Go for the Eyes","BasicCrystalCard","Ball Lightning"],"picked":"SKIP","floor":14},{"not_picked":["Meteor Strike","Machine Learning"],"picked":"Core Surge","floor":16},{"not_picked":["Go for the Eyes","Skim"],"picked":"FTL","floor":18},{"not_picked":["Aggregate","Steam Power","Sweeping Beam+1"],"picked":"SKIP","floor":19},{"not_picked":["Compile Driver","Creative AI","Conserve Battery+1"],"picked":"SKIP","floor":24},{"not_picked":["Cold Snap","BootSequence","Fusion"],"picked":"SKIP","floor":27},{"not_picked":["Barrage","Tempest","Aggregate"],"picked":"SKIP","floor":29},{"not_picked":["Static Discharge","Go for the Eyes+1"],"picked":"Gash","floor":30},{"not_picked":["Tempest","Beam Cell"],"picked":"Gash+1","floor":31},{"not_picked":["Thunder Strike","Creative AI"],"picked":"Buffer","floor":33},{"not_picked":["Leap"],"picked":"SKIP","floor":35},{"not_picked":[],"picked":"Panic Button+1","floor":36},{"not_picked":["FIFO Queue"],"picked":"SKIP","floor":38},{"not_picked":["Hologram"],"picked":"SKIP","floor":41},{"not_picked":["BasicCrystalCard"],"picked":"SKIP","floor":44},{"not_picked":["Melter"],"picked":"SKIP","floor":45},{"not_picked":["Leap"],"picked":"SKIP","floor":48}],"player_experience":292318,"relics_obtained":[{"floor":7,"key":"Replay:Mystery Machine"},{"floor":9,"key":"Darkstone Periapt"},{"floor":12,"key":"Toy Ornithopter"},{"floor":24,"key":"Mercury Hourglass"},{"floor":26,"key":"Vajra"},{"floor":27,"key":"Incense Burner"},{"floor":28,"key":"Whetstone"},{"floor":30,"key":"Bottled Lightning"},{"floor":36,"key":"Thread and Needle"}],"event_choices":[{"damage_healed":0,"gold_gain":0,"cards_transformed":["Strike_B"],"player_choice":"Transformed","damage_taken":0,"max_hp_gain":0,"max_hp_loss":0,"event_name":"Transmorgrifier","floor":3,"gold_loss":0,"cards_obtained":["Echo Form"]},{"damage_healed":0,"gold_gain":0,"player_choice":"Box","damage_taken":0,"relics_obtained":["Nunchaku"],"max_hp_gain":0,"max_hp_loss":0,"event_name":"Big Fish","floor":8,"gold_loss":0,"cards_obtained":["Regret"]},{"damage_healed":0,"gold_gain":0,"player_choice":"Stole Relic","damage_taken":0,"relics_obtained":["Letter Opener"],"max_hp_gain":0,"max_hp_loss":0,"event_name":"Addict","floor":20,"gold_loss":0,"cards_obtained":["Shame"]},{"damage_healed":0,"gold_gain":99,"player_choice":"Stole From Cult","damage_taken":0,"max_hp_gain":0,"max_hp_loss":0,"event_name":"Nest","floor":22,"gold_loss":0},{"damage_healed":0,"gold_gain":0,"player_choice":"Fight","damage_taken":0,"max_hp_gain":0,"max_hp_loss":0,"event_name":"Mysterious Sphere","floor":36,"gold_loss":0},{"damage_healed":0,"gold_gain":0,"player_choice":"Copied","damage_taken":0,"max_hp_gain":0,"max_hp_loss":0,"event_name":"Duplicator","floor":37,"gold_loss":0,"cards_obtained":["Echo Form"]}],"is_beta":false,"boss_relics":[{"not_picked":["Replay:Wanted Poster","SacredBark"],"picked":"Sozu"},{"not_picked":["Astrolabe","Cursed Key"],"picked":"Busted Crown"}],"items_purged_floors":[2,10,21,39,46],"is_endless":false,"potions_floor_spawned":[4,14,18,19,29,38,41,48],"ascension_level":0}}