{"host":"19tvufa8xx4wr4o1","time":1613435229,"event":{"mods":["AchievementEnabler","BaseMod","Better Sensory Stone","Better Third Choice","Highlight Path","Minty Spire (QoL Compilation)","Relic Stats","StSLib"],"gold_per_floor":[116,116,191,201,126,126,158,71,71,102,102,112,140,140,140,211,211,221,221,221,136,36,36,64,81,81,92,92,108,108,121,121,121,121],"floor_reached":33,"language":"ENG","playtime":840,"items_purged":["Strike_B","Strike_B"],"score":576,"play_id":"560e7521-870b-4d7a-9328-aaba574c39b1","local_time":"20210215182709","is_ascension_mode":true,"campfire_choices":[{"data":"Darkness","floor":6,"key":"SMITH"},{"floor":15,"key":"REST"},{"data":"Defragment","floor":23,"key":"SMITH"},{"floor":28,"key":"REST"},{"floor":32,"key":"REST"}],"circlet_count":0,"master_deck":["AscendersBane","Strike_B","Strike_B","Defend_B","Defend_B","Defend_B","Defend_B","Zap+1","Dualcast","Darkness+1","Static Discharge","Loop","Undo","Echo Form","Defragment+1","Darkness","Reinforced Body","Defragment+1","Defragment","Auto Shields"],"relics":["Cracked Core","NeowsBlessing","Bronze Scales","Singing Bowl","Akabeko","Potion Belt","SlaversCollar","Pear","Anchor","Bottled Tornado"],"acts_visited":["Exordium","TheCity"],"potions_floor_usage":[18,27,29,33,33,33],"damage_taken":[{"damage":0.0,"enemies":"Cultist","floor":1.0,"turns":1.0},{"damage":0.0,"enemies":"2 Louse","floor":4.0,"turns":1.0},{"damage":0,"enemies":"Gremlin Nob","floor":7,"turns":1},{"damage":10,"enemies":"Lagavulin","floor":10,"turns":5},{"damage":13,"enemies":"Jaw Worm","floor":12,"turns":4},{"damage":25,"enemies":"3 Sentries","floor":13,"turns":6},{"damage":20,"enemies":"The Guardian","floor":16,"turns":10},{"damage":2,"enemies":"Chosen","floor":18,"turns":5},{"damage":38,"enemies":"Gremlin Leader","floor":24,"turns":5},{"damage":11,"enemies":"Shell Parasite","floor":25,"turns":5},{"damage":11,"enemies":"Centurion and Healer","floor":27,"turns":6},{"damage":16,"enemies":"Snecko","floor":29,"turns":5},{"damage":8,"enemies":"Chosen and Byrds","floor":31,"turns":4},{"damage":63,"enemies":"Collector","floor":33,"turns":6}],"seed_played":"-4446100908859702271","potions_obtained":[{"floor":1.0,"key":"GamblersBrew"},{"floor":7,"key":"EssenceOfDarkness"},{"floor":16,"key":"LiquidBronze"},{"floor":18,"key":"SteroidPotion"},{"floor":25,"key":"ColorlessPotion"},{"floor":27,"key":"DistilledChaos"},{"floor":31,"key":"Block Potion"}],"is_trial":false,"path_per_floor":["M","?","?","M","$","R","E","$","T","E","?","M","E","?","R","B",null,"M","?","?","?","$","R","E","M","T","M","R","M","?","M","R","B"],"character_chosen":"DEFECT","items_purchased":["Loop"],"campfire_rested":3,"item_purchase_floors":[8],"current_hp_per_floor":[64,64,53,53,53,53,53,53,53,45,50,39,14,14,38,18,65,65,65,65,75,75,75,37,26,26,15,42,26,26,18,45,0,0],"gold":121,"neow_bonus":"THREE_ENEMY_KILL","is_daily":false,"chose_seed":false,"campfire_upgraded":2,"win_rate":0.0,"timestamp":1613435229,"path_taken":["M","?","?","M","$","R","E","$","T","E","?","M","E","?","R","BOSS","M","?","?","?","?","R","E","?","T","M","R","M","?","M","R","BOSS"],"items_purchased_type":["Card"],"build_version":"2020-12-22","purchased_purges":2,"victory":false,"max_hp_per_floor":[71,71,71,71,71,71,71,71,71,73,78,80,80,80,80,80,80,82,82,82,92,92,92,92,92,92,92,92,92,92,92,92,92,92],"relic_stats":{"Singing Bowl":6,"counters":[14,64],"Bronze Scales":[186],"obtain_stats":[{"Potion Belt":13,"SlaversCollar":17,"Anchor":24,"Pear":21,"NeowsBlessing":0,"Singing Bowl":9,"Bronze Scales":7,"Bottled Tornado":26,"Cracked Core":0,"Akabeko":10},{"Potion Belt":6,"SlaversCollar":7,"Anchor":9,"Pear":8,"NeowsBlessing":0,"Singing Bowl":3,"Bronze Scales":3,"Bottled Tornado":10,"Cracked Core":0,"Akabeko":4},{"Potion Belt":18,"SlaversCollar":28,"Anchor":38,"Pear":33,"NeowsBlessing":0,"Singing Bowl":3,"Bronze Scales":3,"Bottled Tornado":43,"Cracked Core":0,"Akabeko":8}]},"card_choices":[{"not_picked":["Storm","Hologram","Stack"],"picked":"SKIP","floor":1.0},{"not_picked":["Cold Snap","Stack"],"picked":"Darkness","floor":4},{"not_picked":["Multi-Cast","Compile Driver"],"picked":"Static Discharge","floor":7},{"not_picked":["Redo","Turbo","Coolheaded"],"picked":"Singing Bowl","floor":10},{"not_picked":["Rebound","Rip and Tear","Force Field"],"picked":"Singing Bowl","floor":12},{"not_picked":["Recycle","Sunder"],"picked":"Undo","floor":13},{"not_picked":["Rainbow","Thunder Strike"],"picked":"Echo Form","floor":16},{"not_picked":["Ball Lightning","Compile Driver+1","BootSequence"],"picked":"Singing Bowl","floor":18},{"not_picked":["White Noise","Streamline"],"picked":"Darkness","floor":24},{"not_picked":["Leap","Stack"],"picked":"Reinforced Body","floor":25},{"not_picked":["Ball Lightning","Leap"],"picked":"Defragment+1","floor":27},{"not_picked":["Recycle","Streamline"],"picked":"Defragment","floor":29},{"not_picked":["Streamline","Melter"],"picked":"Auto Shields","floor":31}],"player_experience":641666,"relics_obtained":[{"floor":7,"key":"Bronze Scales"},{"floor":9,"key":"Singing Bowl"},{"floor":10,"key":"Akabeko"},{"floor":13,"key":"Potion Belt"},{"floor":24,"key":"Anchor"},{"floor":26,"key":"Bottled Tornado"}],"event_choices":[{"damage_healed":0.0,"max_hp_gain":0.0,"max_hp_loss":0.0,"gold_gain":0.0,"event_name":"Living Wall","player_choice":"Grow","floor":2.0,"gold_loss":0.0,"damage_taken":0.0,"cards_upgraded":["Zap"]},{"damage_healed":0.0,"max_hp_gain":0.0,"max_hp_loss":0.0,"gold_gain":75.0,"event_name":"betterThird:BetterGoop","player_choice":"Gold","floor":3.0,"gold_loss":0.0,"damage_taken":11.0},{"damage_healed":0,"gold_gain":0,"player_choice":"Donut","damage_taken":0,"max_hp_gain":5,"max_hp_loss":0,"event_name":"Big Fish","floor":11,"gold_loss":0},{"damage_healed":0,"gold_gain":1,"player_choice":"LEAVE","damage_taken":0,"max_hp_gain":0,"max_hp_loss":0,"event_name":"betterThird:BetterScrap","floor":14,"gold_loss":0,"cards_obtained":["Hemokinesis"]},{"damage_healed":0,"gold_gain":0,"player_choice":"Read","damage_taken":0,"max_hp_gain":0,"max_hp_loss":0,"event_name":"The Library","floor":19,"gold_loss":0,"cards_obtained":["Defragment"]},{"damage_healed":0,"gold_gain":0,"player_choice":"Ignored","damage_taken":0,"max_hp_gain":0,"max_hp_loss":0,"event_name":"The Mausoleum","floor":20,"gold_loss":0},{"damage_healed":0,"gold_gain":0,"player_choice":"Obtained Relic","damage_taken":0,"relics_obtained":["Pear"],"max_hp_gain":0,"max_hp_loss":0,"event_name":"Addict","floor":21,"gold_loss":85},{"damage_healed":0,"gold_gain":0,"player_choice":"Ignored","damage_taken":0,"max_hp_gain":0,"max_hp_loss":0,"event_name":"Vampires","floor":30,"gold_loss":0}],"is_beta":false,"boss_relics":[{"not_picked":["Coffee Dripper","Astrolabe"],"picked":"SlaversCollar"}],"items_purged_floors":[5,22],"is_endless":false,"potions_floor_spawned":[1,7,16,18,25,27,31],"killed_by":"Collector","ascension_level":16}}