{"host":"Cenci","time":1613470777,"event":{"mods":["BaseMod","Downfall","Highlight Path","Minty Spire (QoL Compilation)","StSLib"],"gold_per_floor":[99,111,126,126,126,35,35,63,63,81,114,124,24,50,65,65,65,65],"floor_reached":16,"language":"ENG","playtime":746,"items_purged":[],"score":150,"play_id":"c1bdd699-a281-42eb-9ab3-8ea75514b416","local_time":"20210216111937","is_ascension_mode":true,"campfire_choices":[{"data":"hexamod:Float","floor":1,"key":"SMITH"},{"floor":9,"key":"RECALL"},{"floor":13,"key":"REST"}],"circlet_count":0,"master_deck":["hexamod:Strike","hexamod:Strike","hexamod:Strike","hexamod:Strike","hexamod:Defend","hexamod:Defend","hexamod:Defend","hexamod:Defend","hexamod:Sear","hexamod:Float+1","hexamod:SpectersWail","hexamod:DynamicBlow","hexamod:NightmareStrike","hexamod:RadiantFlame","hexamod:BurningTouch","hexamod:FlamesFromBeyond","hexamod:NightmareStrike","hexamod:ChargedBarrage","hexamod:Toasty","hexamod:Firestarter","hexamod:RainOfEmbers","hexamod:BurningTouch"],"relics":["hexamod:SpiritBrand","Bag of Marbles","Orichalcum","Gremlin Horn","downfall:HeartBlessingRed","Omamori"],"acts_visited":["Exordium"],"potions_floor_usage":[16],"damage_taken":[{"damage":2,"enemies":"Small Slimes","floor":2,"turns":3},{"damage":2,"enemies":"Jaw Worm","floor":3,"turns":3},{"damage":0,"enemies":"Cultist","floor":5,"turns":1},{"damage":5,"enemies":"downfall:FleeingMerchant","floor":6,"turns":4},{"damage":5,"enemies":"Gremlin Nob","floor":8,"turns":3},{"damage":23,"enemies":"Lots of Slimes","floor":10,"turns":4},{"damage":14,"enemies":"Lagavulin","floor":11,"turns":4},{"damage":2,"enemies":"2 Fungi Beasts","floor":12,"turns":3},{"damage":10,"enemies":"3 Sentries","floor":14,"turns":3},{"damage":9,"enemies":"Large Slime","floor":15,"turns":3},{"damage":49,"enemies":"DF_ARCHETYPE_STREAMLINE","floor":16,"turns":6}],"seed_played":"-6749144330002582826","potions_obtained":[{"floor":2,"key":"Regen Potion"},{"floor":8,"key":"Dexterity Potion"},{"floor":11,"key":"GamblersBrew"}],"is_trial":false,"path_per_floor":["R","M","M","?","M","$","T","E","R","M","E","M","R","E","M","B"],"character_chosen":"THE_SPIRIT","items_purchased":["hexamod:BurningTouch","hexamod:FlamesFromBeyond"],"campfire_rested":1,"item_purchase_floors":[6,6],"current_hp_per_floor":[70,68,66,66,66,61,61,56,56,33,19,17,38,28,19,0,0,0],"gold":65,"neow_bonus":"THREE_CARDS","is_daily":false,"chose_seed":false,"campfire_upgraded":1,"win_rate":0.0,"timestamp":1613470777,"path_taken":["R","M","M","?","M","$","T","E","R","M","E","M","R","E","M","BOSS"],"items_purchased_type":["Card","Card"],"build_version":"2020-11-17","purchased_purges":0,"victory":false,"max_hp_per_floor":[70,70,70,70,70,70,70,70,70,70,70,70,70,70,70,70,70,70],"card_choices":[{"not_picked":["hexamod:FlamesFromBeyond","hexamod:InspiringFlames"],"picked":"hexamod:SpectersWail","floor":0},{"not_picked":["hexamod:Haunt","hexamod:CatchUp","hexamod:Firestarter"],"picked":"SKIP","floor":2},{"not_picked":["hexamod:Firestarter","hexamod:HauntingEcho"],"picked":"hexamod:DynamicBlow","floor":3},{"not_picked":["hexamod:FastForward","hexamod:NecessarySacrifice"],"picked":"hexamod:NightmareStrike","floor":5},{"not_picked":["hexamod:HauntingEcho","hexamod:PhantomCloak"],"picked":"hexamod:RadiantFlame","floor":6},{"not_picked":["hexamod:RecurringNightmare","hexamod:Again"],"picked":"hexamod:NightmareStrike","floor":8},{"not_picked":["hexamod:HeatMetal","hexamod:HauntingEcho"],"picked":"hexamod:ChargedBarrage","floor":10},{"not_picked":["hexamod:ThermalTransfer","hexamod:GhostOfSpireFuture"],"picked":"hexamod:Toasty","floor":11},{"not_picked":["hexamod:PhantomCloak","hexamod:CatchUp"],"picked":"hexamod:Firestarter","floor":12},{"not_picked":["hexamod:HauntingEcho","hexamod:GhostOfSpirePast"],"picked":"hexamod:RainOfEmbers","floor":14},{"not_picked":["hexamod:FirstSeal","hexamod:FastForward"],"picked":"hexamod:BurningTouch","floor":15}],"player_experience":336792,"relics_obtained":[{"floor":7,"key":"Bag of Marbles"},{"floor":8,"key":"Orichalcum"},{"floor":11,"key":"Gremlin Horn"},{"floor":14,"key":"Omamori"}],"event_choices":[],"is_beta":true,"boss_relics":[],"items_purged_floors":[],"is_endless":false,"potions_floor_spawned":[2,8,11],"killed_by":"DF_ARCHETYPE_STREAMLINE","ascension_level":5}}