{"host":"65mk3suhfjklhbko","time":1613437412,"event":{"mods":["Astrologer","BaseMod","Downfall","Hermit","Jorbs\u0027s Wanderer Trilogy","Mad Scientist","Minty Spire (QoL Compilation)","Quick Restart","StSLib","The Disciple","The Mystic","The Servant 0.9.4","TheBandit"],"gold_per_floor":[99,116,116,135,149,167,167,199,199,218,237,237,237,264,284,284,284,284],"floor_reached":16,"language":"ENG","playtime":854,"items_purged":[],"score":114,"play_id":"a07d7b0c-ebf8-489e-b4d0-392075efbc06","local_time":"20210215200332","is_ascension_mode":false,"campfire_choices":[{"data":"champ:Taunt","floor":1,"key":"SMITH"},{"data":"champ:TornadoPunch","floor":9,"key":"SMITH"},{"floor":13,"key":"REST"}],"circlet_count":0,"master_deck":["champ:Strike","champ:Strike","champ:Strike","champ:Strike","champ:Defend","champ:Defend","champ:Defend","champ:Defend","champ:Execute","champ:Taunt+1","champ:TornadoPunch+1","champ:BringItOn","champ:BerserkersShout","champ:FocusedDefense","champ:BladeFlurry","champ:Backstep","champ:PreciseThrust","champ:DefensiveShout","champ:GladiatorForm"],"relics":["champ:ChampionCrown","downfall:ShatteredFragment","Sundial","Peace Pipe","Ornamental Fan"],"acts_visited":["Exordium"],"potions_floor_usage":[16],"damage_taken":[{"damage":15,"enemies":"Small Slimes","floor":2,"turns":4},{"damage":10,"enemies":"2 Louse","floor":4,"turns":2},{"damage":21,"enemies":"Jaw Worm","floor":5,"turns":4},{"damage":24,"enemies":"Blue Slaver","floor":6,"turns":4},{"damage":39,"enemies":"Gremlin Nob","floor":8,"turns":5},{"damage":22,"enemies":"Large Slime","floor":10,"turns":4},{"damage":10,"enemies":"Red Slaver","floor":11,"turns":2},{"damage":30,"enemies":"3 Sentries","floor":14,"turns":6},{"damage":4,"enemies":"Lots of Slimes","floor":15,"turns":2},{"damage":31,"enemies":"DF_ARCHETYPE_STREAMLINE","floor":16,"turns":4}],"seed_played":"-7376229589080898723","potions_obtained":[{"floor":2,"key":"SteroidPotion"},{"floor":10,"key":"Strength Potion"},{"floor":15,"key":"DuplicationPotion"}],"is_trial":false,"path_per_floor":["R","M","?","M","M","M","T","E","R","M","M","?","R","E","M","B"],"character_chosen":"THE_CHAMP","items_purchased":[],"campfire_rested":1,"item_purchase_floors":[],"current_hp_per_floor":[99,94,67,67,56,47,47,23,23,21,21,21,50,25,21,0,0,0],"gold":284,"neow_bonus":"TEN_PERCENT_HP_BONUS","is_daily":false,"chose_seed":false,"campfire_upgraded":2,"win_rate":0.0,"timestamp":1613437412,"path_taken":["R","M","?","M","M","M","T","E","R","M","M","?","R","E","M","BOSS"],"items_purchased_type":[],"build_version":"2020-12-22","purchased_purges":0,"victory":false,"max_hp_per_floor":[99,99,99,99,99,99,99,99,99,99,99,99,99,99,99,99,99,99],"card_choices":[{"not_picked":["champ:FalseCounter","champ:CrownThrow"],"picked":"champ:TornadoPunch","floor":2},{"not_picked":["champ:Encircle","champ:RisingSlash"],"picked":"champ:BringItOn","floor":4},{"not_picked":["champ:Haymaker","champ:SetATrap"],"picked":"champ:BerserkersShout","floor":5},{"not_picked":["champ:Parry","champ:DeathBlow"],"picked":"champ:FocusedDefense","floor":6},{"not_picked":["champ:BerserkersShout","champ:SkillfulDodge"],"picked":"champ:BladeFlurry","floor":8},{"not_picked":["champ:FocusedDefense","champ:FlashCut"],"picked":"champ:Backstep","floor":10},{"not_picked":["champ:BerserkersShout","champ:Backstep"],"picked":"champ:PreciseThrust","floor":11},{"not_picked":["champ:DeathBlow","champ:Backstep"],"picked":"champ:DefensiveShout","floor":14},{"not_picked":["champ:DefensiveShout","champ:CrookedStrike"],"picked":"champ:GladiatorForm","floor":15}],"player_experience":782820,"relics_obtained":[{"floor":7,"key":"Sundial"},{"floor":8,"key":"Peace Pipe"},{"floor":14,"key":"Ornamental Fan"}],"event_choices":[],"is_beta":false,"boss_relics":[],"items_purged_floors":[],"is_endless":false,"potions_floor_spawned":[2,10,15],"killed_by":"DF_ARCHETYPE_STREAMLINE","ascension_level":0}}