{"host":"fc4hh3zaz3zk8cya","time":1613464814,"event":{"mods":["BaseMod","BetterRewards","Colored Map","Colored Powertips","Downfall","GifTheSpireLib","Highlight Path","Infinite Spire","Minty Spire (QoL Compilation)","Permanent Neow","Quick Restart","Replay The Spire","Shop Mod","StSLib","slay the spire mod where everything is the same but ironclad has a cowboy hat"],"gold_per_floor":[217,217,233,136,150,178,178,178,231,261,295,295,343,379,479,604,604,658,286,336,364,400,400,442,442,442,488,558,558,558,558,558,10,10,128,128,186,225,225,274,348,348,409,409,409,409,454,809,809,859,859,885],"floor_reached":53,"language":"ENG","playtime":2542,"items_purged":["Replay:Poison Smokescreen"],"score":930,"play_id":"c7de0a87-9d7e-422c-8347-a3f3c986c5b1","local_time":"20210216034014","is_ascension_mode":true,"campfire_choices":[{"data":"Blade Dance","floor":8,"key":"SMITH"},{"floor":12,"key":"REST"},{"data":"Replay:Bag of Tricks","floor":23,"key":"SMITH"},{"floor":32,"key":"DIG"},{"floor":34,"key":"REST"},{"floor":42,"key":"DIG"},{"floor":44,"key":"DIG"},{"floor":46,"key":"DIG"}],"circlet_count":0,"master_deck":["Strike_G","Strike_G","Strike_G","Strike_G","Strike_G","Defend_G","Defend_G","Defend_G+1","Defend_G","Defend_G","Survivor","Neutralize","Blade Dance+1","Bane","Dramatic Entrance","Poisoned Stab","Hidden Blade+1","Poisoned Stab+1","Hidden Blade","Backstab","Adrenaline","ReplayTheSpireMod:Shiv Toss","Deflect","Deadly Poison+1","Replay:Bag of Tricks+1","Poisoned Stab+1","Adrenaline","Backstab","Backstab+1","A Thousand Cuts","Backstab+1","Hidden Blade","Well Laid Plans+1","Toxin Wave","Sucker Punch","Noxious Fumes+1","Finisher","Prepared+1","ReplayTheSpireMod:Tripwire"],"relics":["Ring of the Snake","ReplayFunnel","Snack Pack","Question Card","Replay:Rubber Ducky","Replay:Bandana","Odd Mushroom","Replay:Bronze Core","TwistedFunnel","MerchantsRug","Pear","Shovel","Prayer Wheel","Vampiric Spirits","Blue Doll","Vajra","HandDrill","Ring of Chaos","Replay:Ringing Soul","Whetstone","Oddly Smooth Stone","Blood Vial","War Paint","Pen Nib","Old Coin"],"acts_visited":["Exordium","TheCity","TheBeyond"],"potions_floor_usage":[27,52,52],"damage_taken":[{"damage":0,"enemies":"Jaw Worm","floor":1,"turns":5},{"damage":0,"enemies":"2 Louse","floor":3,"turns":3},{"damage":0,"enemies":"Small Slimes","floor":5,"turns":3},{"damage":31,"enemies":"Lagavulin","floor":6,"turns":8},{"damage":22,"enemies":"Replay:BlueRogue","floor":11,"turns":7},{"damage":0,"enemies":"The Mushroom Lair","floor":13,"turns":3},{"damage":0,"enemies":"Exordium Wildlife","floor":14,"turns":2},{"damage":49,"enemies":"Fading Forest","floor":16,"turns":11},{"damage":2,"enemies":"Shell Parasite","floor":18,"turns":3},{"damage":14,"enemies":"2 Thieves","floor":20,"turns":3},{"damage":13,"enemies":"Snecko","floor":21,"turns":5},{"damage":6,"enemies":"Snake Plant","floor":22,"turns":3},{"damage":23,"enemies":"Shelled Parasite and Fungi","floor":24,"turns":5},{"damage":0,"enemies":"Centurion and Healer","floor":27,"turns":3},{"damage":16,"enemies":"Slavers","floor":28,"turns":3},{"damage":22,"enemies":"Champ","floor":35,"turns":8},{"damage":22,"enemies":"3 Darklings","floor":37,"turns":4},{"damage":0,"enemies":"Orb Walker","floor":38,"turns":1},{"damage":3,"enemies":"Sphere and 2 Shapes","floor":40,"turns":3},{"damage":26,"enemies":"Reptomancer","floor":43,"turns":5},{"damage":3,"enemies":"4 Shapes","floor":47,"turns":3},{"damage":15,"enemies":"Giant Head","floor":48,"turns":8},{"damage":0,"enemies":"Spire Growth","floor":50,"turns":3},{"damage":105,"enemies":"Time Eater","floor":52,"turns":11}],"seed_played":"-1557529817104491511","potions_obtained":[{"floor":1,"key":"Guardian:BlockOnCardUsePotion"},{"floor":11,"key":"Adrenaline Potion"},{"floor":14,"key":"SpeedPotion"},{"floor":24,"key":"hexamod:SoulburnPotion"},{"floor":35,"key":"Elixir"},{"floor":37,"key":"FearPotion"},{"floor":43,"key":"Regen Potion"},{"floor":47,"key":"SkillPotion"}],"is_trial":false,"path_per_floor":["M","?","M","$","M","E","T","R","T","?","E","R","?","M","R_BF","B",null,"M","$","M","M","M","R","M","?","T","M","E","AVR","PTL","PTL","R","$","R","B",null,"M","M","?","M","T","R","E","R","T","R","M","E","?","M","R_BF","B",null],"character_chosen":"THE_SILENT","items_purchased":["Dramatic Entrance","TwistedFunnel","MerchantsRug","ReplayTheSpireMod:Shiv Toss","Blue Doll","Backstab","Vajra","HandDrill"],"campfire_rested":2,"item_purchase_floors":[4,19,19,19,33,33,33,33],"current_hp_per_floor":[70,70,70,70,70,39,39,39,39,39,25,46,52,56,56,41,70,70,70,62,57,57,57,40,27,37,45,39,39,39,39,39,39,64,68,85,67,85,81,81,81,81,62,62,62,62,87,77,77,93,96,16],"gold":885,"neow_bonus":"HUNDRED_GOLD","is_daily":false,"chose_seed":false,"campfire_upgraded":2,"win_rate":0.0,"timestamp":1613464814,"path_taken":["M","?","M","$","M","E","?","R","T","?","E","R","?","M","R_BF","BOSS","M","$","M","M","M","R","M","?","T","M","E","AVR","PTL","PTL","R","$","R","BOSS","M","M","?","M","?","R","E","R","T","R","?","E","?","M","R_BF","BOSS"],"items_purchased_type":["Card","Relic","Relic","Card","Relic","Card","Relic","Relic"],"build_version":"2020-12-22","purchased_purges":1,"victory":true,"max_hp_per_floor":[70,70,70,70,70,70,70,70,70,70,70,70,70,70,70,70,70,70,70,70,70,70,70,70,75,85,85,85,85,85,85,85,85,85,85,85,85,85,81,81,81,81,84,84,84,84,87,90,90,93,96,96],"card_choices":[{"not_picked":["Dodge and Roll","Dagger Spray"],"picked":"Blade Dance","floor":1},{"not_picked":["Distraction","Skewer"],"picked":"Bane","floor":3},{"not_picked":["Dash","Backstab"],"picked":"Poisoned Stab","floor":5},{"not_picked":["Atom Bomb","Tools of the Trade"],"picked":"Hidden Blade","floor":6},{"not_picked":["Dagger Throw","Deflect","Backflip"],"picked":"Poisoned Stab","floor":11},{"not_picked":["Slice","Finisher","PiercingWail"],"picked":"Hidden Blade","floor":13},{"not_picked":["Riddle With Holes","PiercingWail","ReplayTheSpireMod:Exploit Weakness"],"picked":"Backstab","floor":14},{"not_picked":["Unload","Wraith Form v2","Tools of the Trade"],"picked":"Adrenaline","floor":16},{"not_picked":["Eviscerate","PiercingWail","Dodge and Roll","Leg Sweep"],"picked":"SKIP","floor":18},{"not_picked":["Bane+1","Dagger Throw","Footwork"],"picked":"Deflect","floor":20},{"not_picked":["Masterful Stab","Flying Knee","Backflip"],"picked":"Deadly Poison+1","floor":21},{"not_picked":["Heel Hook+1","Bane+1","Acrobatics+1"],"picked":"Replay:Bag of Tricks","floor":22},{"not_picked":["Dodge and Roll","Outmaneuver+1","Acrobatics"],"picked":"Replay:Poison Smokescreen","floor":24},{"not_picked":["Acrobatics+1","Predator","Leg Sweep+1"],"picked":"Poisoned Stab+1","floor":27},{"not_picked":["Dodge and Roll","Masterful Stab","Poisoned Stab"],"picked":"Adrenaline","floor":28},{"not_picked":["Doppelganger","Atom Bomb","Venomology"],"picked":"A Thousand Cuts","floor":35},{"not_picked":["Flechettes","ReplayTheSpireMod:Tripwire","PiercingWail+1"],"picked":"Backstab+1","floor":37},{"not_picked":["Tactician+1","Backflip+1","Dagger Spray"],"picked":"Deflect+1","floor":37},{"not_picked":["Tactician","Deflect+1","Sneak Up"],"picked":"Hidden Blade","floor":38},{"not_picked":["ReplayTheSpireMod:Scrap Shanks+1","Deadly Poison","Riddle With Holes"],"picked":"Well Laid Plans+1","floor":38},{"not_picked":["Prepared","Bouncing Flask+1","Fluid Movement+1"],"picked":"Toxin Wave","floor":40},{"not_picked":["Unload","Outmaneuver","Toxin Wave"],"picked":"Footwork+1","floor":40},{"not_picked":["Quick Slash","Dagger Spray+1","Poisoned Stab"],"picked":"Sucker Punch","floor":43},{"not_picked":["PiercingWail","Poisoned Stab","Deflect+1"],"picked":"Noxious Fumes+1","floor":47},{"not_picked":["ReplayTheSpireMod:Exploit Weakness+1","Outmaneuver+1","Dagger Spray","Dodge and Roll"],"picked":"SKIP","floor":47},{"not_picked":["Skewer+1","Burst","Prepared"],"picked":"Finisher","floor":48},{"not_picked":["Slice+1","Heel Hook","Deadly Poison"],"picked":"Prepared+1","floor":50},{"not_picked":["Backflip","Sucker Punch","Slice+1","Eviscerate"],"picked":"SKIP","floor":50}],"player_experience":87512,"relics_obtained":[{"floor":2,"key":"ReplayFunnel"},{"floor":6,"key":"Snack Pack"},{"floor":7,"key":"Question Card"},{"floor":9,"key":"Replay:Rubber Ducky"},{"floor":11,"key":"Replay:Bandana"},{"floor":13,"key":"Odd Mushroom"},{"floor":26,"key":"Pear"},{"floor":28,"key":"Shovel"},{"floor":32,"key":"Vampiric Spirits"},{"floor":41,"key":"Replay:Ringing Soul"},{"floor":42,"key":"Whetstone"},{"floor":43,"key":"Oddly Smooth Stone"},{"floor":44,"key":"Blood Vial"},{"floor":45,"key":"War Paint"},{"floor":46,"key":"Pen Nib"},{"floor":48,"key":"Old Coin"}],"event_choices":[{"damage_healed":0,"gold_gain":30,"player_choice":"Searched \u00272\u0027 times","damage_taken":0,"max_hp_gain":0,"max_hp_loss":0,"event_name":"Dead Adventurer","floor":10,"gold_loss":0},{"damage_healed":0,"gold_gain":0,"player_choice":"Fought Mushrooms","damage_taken":0,"max_hp_gain":0,"max_hp_loss":0,"event_name":"Mushrooms","floor":13,"gold_loss":0},{"damage_healed":0,"gold_gain":0,"player_choice":"Shed Blood","damage_taken":18,"max_hp_gain":5,"max_hp_loss":0,"event_name":"Forgotten Altar","floor":25,"gold_loss":0},{"damage_healed":0,"gold_gain":0,"player_choice":"Max HP","damage_taken":0,"max_hp_gain":0,"max_hp_loss":4,"event_name":"Winding Halls","floor":39,"gold_loss":0},{"cards_removed":["Deflect"],"damage_healed":0,"gold_gain":0,"player_choice":"Removed Skill","damage_taken":0,"max_hp_gain":0,"max_hp_loss":0,"event_name":"Falling","floor":49,"gold_loss":0}],"is_beta":false,"boss_relics":[{"not_picked":["Replay:Wanted Poster","infinitespire:Cupcake"],"picked":"Replay:Bronze Core"},{"not_picked":["Black Star","Velvet Choker"],"picked":"Ring of Chaos"}],"items_purged_floors":[33],"is_endless":false,"potions_floor_spawned":[1,11,14,21,24,35,37,43,47,48],"ascension_level":1}}