{"host":"xsfbp1yx1f2ea5z7","time":1613476123,"event":{"mods":["100% Spire Juice","AchievementEnabler","Act Like it!","Bard","BaseMod","Beaked The Cultist","Better Altar","Better Match","Better Note","Better Sensory Stone","Better Skull","Better Third Choice","BetterRewards","Block Reminder","ChefMod","Colored Map","Colored Powertips","Conspire","DeckTracker","Downfall","GifTheSpireLib","GungeonMod","Halation","Hermit","Hubris","Infinite Spire","Jedi Mod","Jorbs\u0027s Wanderer Trilogy","Marked Mod","Mimic Mod","Minty Spire (QoL Compilation)","Replay The Spire","Robot Space Explorer","Shade Mod","Spicy Shops","StSLib","The Blackbeard","The Cursed","The Hierophant","The Judge","The Jungle","The Marked","The Mystic","The Runesmith","TheBandit","Unceasing Turn Reminder","Wandering Minibosses","everything is the same but u backflip on backflip"],"gold_per_floor":[109,109,109,109,126,154,165,195,195,195,195,195,214,214,214,318,318,331,331,311,221,221,221,221,256,256,288,312,360,360,375,375,378,378],"floor_reached":33,"language":"ENG","playtime":1136,"items_purged":[],"score":316,"play_id":"5e40fbba-05df-47aa-a67e-8687b3d1cf8b","local_time":"20210216194843","is_ascension_mode":false,"campfire_choices":[{"data":"RobotSpaceExplorer:ChargingLaser","floor":10,"key":"SMITH"},{"data":"RobotSpaceExplorer:Blaster","floor":15,"key":"SMITH"},{"floor":23,"key":"RECALL"},{"data":"RobotSpaceExplorer:RigExplosive","floor":32,"key":"SMITH"}],"circlet_count":0,"master_deck":["Pot Of Greed+1","RobotSpaceExplorer:Strike+1","RobotSpaceExplorer:Strike","RobotSpaceExplorer:Strike","RobotSpaceExplorer:Defend","RobotSpaceExplorer:Defend","RobotSpaceExplorer:Defend","RobotSpaceExplorer:Scan+1","RobotSpaceExplorer:MiniLasers","RobotSpaceExplorer:Fix+1","RobotSpaceExplorer:Blaster+1","RobotSpaceExplorer:Explosion+1","RobotSpaceExplorer:MiniDrones","RobotSpaceExplorer:ChargingLaser+1","hubris:NaturalOne","RobotSpaceExplorer:Autoloader","RobotSpaceExplorer:JunkDive+1","RobotSpaceExplorer:RigExplosive+1","RobotSpaceExplorer:ScrapMissile"],"relics":["RobotSpaceExplorer:RoboCore","NeowsBlessing","DemoMod:PoisonVial","DemoMod:ResourcefulSack","ReplayFunnel","hubris:BundleOfHerbs","hubris:Icosahedron","Black Star","halation:PinkSoulGem","conspire:GlowingRock","halation:LettersToHer","Meat on the Bone","halation:IllGainedPizza","infinitespire:CheckeredPen","DemoMod:GlassGuonStoneRelic","DemoMod:MeatBun"],"acts_visited":["Exordium","TheCity"],"potions_floor_usage":[8,8,16,20,28,31,33],"damage_taken":[{"damage":0,"enemies":"Jaw Worm","floor":1,"turns":1},{"damage":0,"enemies":"2 Louse","floor":5,"turns":1},{"damage":0,"enemies":"Lagavulin","floor":6,"turns":1},{"damage":0,"enemies":"conspire:RoseBush","floor":7,"turns":4},{"damage":2,"enemies":"Gremlin Nob","floor":8,"turns":4},{"damage":10,"enemies":"Exordium Wildlife","floor":13,"turns":4},{"damage":12,"enemies":"The Guardian","floor":16,"turns":11},{"damage":10,"enemies":"Chosen","floor":18,"turns":5},{"damage":24,"enemies":"2 Thieves","floor":20,"turns":4},{"damage":29,"enemies":"Nightmare","floor":25,"turns":7},{"damage":16,"enemies":"conspire:SneckoGhost","floor":27,"turns":6},{"damage":22,"enemies":"Snake Plant","floor":28,"turns":4},{"damage":0,"enemies":"Centurion and Healer","floor":31,"turns":3},{"damage":0,"enemies":"Pondfish","floor":33,"turns":2}],"seed_played":"-6946277611994300197","potions_obtained":[{"floor":1,"key":"Fire Potion"},{"floor":7,"key":"Block Potion"},{"floor":13,"key":"DemoMod:LeadSkinPotion"},{"floor":18,"key":"bronze:BurnAndBuffPotion"},{"floor":20,"key":"EssenceOfSteel"}],"is_trial":false,"path_per_floor":["M","?","?","?","M","E","M","E","T","R","?","?","M","?","R","B",null,"M","?","M","?","?","R","?","NM","T","E","M","T","$","M","R","B"],"character_chosen":"RobotSpaceExplorer","items_purchased":["DemoMod:MeatBun"],"campfire_rested":0,"item_purchase_floors":[30],"current_hp_per_floor":[75,60,53,53,53,57,61,63,63,63,63,63,57,57,57,49,75,65,65,47,47,47,47,47,24,24,26,22,22,26,44,44,50,50],"gold":378,"neow_bonus":"THREE_ENEMY_KILL","is_daily":false,"chose_seed":false,"campfire_upgraded":3,"win_rate":0.0,"timestamp":1613476123,"path_taken":["M","?","?","?","?","E","M","E","T","R","?","?","?","?","R","BOSS","M","?","M","?","?","R","?","NM","T","E","M","?","?","M","R","BOSS"],"items_purchased_type":["Relic"],"build_version":"2020-12-22","purchased_purges":0,"victory":false,"max_hp_per_floor":[75,75,75,75,75,75,75,75,75,75,75,75,75,75,75,75,75,75,75,75,75,75,75,75,75,75,75,75,75,75,75,75,75,75],"card_choices":[{"not_picked":["RobotSpaceExplorer:FranticSearch","RobotSpaceExplorer:Pulsar"],"picked":"RobotSpaceExplorer:Fix","floor":1},{"not_picked":["RobotSpaceExplorer:BigMissile","RobotSpaceExplorer:Probe"],"picked":"RobotSpaceExplorer:Blaster","floor":5},{"not_picked":["RobotSpaceExplorer:SurgingStrike","RobotSpaceExplorer:Jetpack"],"picked":"RobotSpaceExplorer:Explosion","floor":6},{"not_picked":["RobotSpaceExplorer:SwiftStep","RobotSpaceExplorer:DoubleBlock"],"picked":"RobotSpaceExplorer:MiniDrones","floor":7},{"not_picked":["RobotSpaceExplorer:JunkDive","RobotSpaceExplorer:StunGrenade"],"picked":"RobotSpaceExplorer:ChargingLaser","floor":8},{"not_picked":["RobotSpaceExplorer:SwiftStep","RobotSpaceExplorer:Counterblock","RobotSpaceExplorer:MiniDrones"],"picked":"SKIP","floor":13},{"not_picked":["RobotSpaceExplorer:Comet","RobotSpaceExplorer:HighVoltage"],"picked":"RobotSpaceExplorer:Autoloader","floor":16},{"not_picked":["RobotSpaceExplorer:ShockKick","RobotSpaceExplorer:Blitz","RobotSpaceExplorer:Electroshield+1"],"picked":"SKIP","floor":18},{"not_picked":["RobotSpaceExplorer:StarLightning","RobotSpaceExplorer:ShovelStrike"],"picked":"RobotSpaceExplorer:JunkDive+1","floor":20},{"not_picked":["RobotSpaceExplorer:ExhaustFan","RobotSpaceExplorer:FrostMissile","RobotSpaceExplorer:MakeshiftVolley"],"picked":"SKIP","floor":25},{"not_picked":["RobotSpaceExplorer:StunGrenade","RobotSpaceExplorer:DualCore"],"picked":"RobotSpaceExplorer:RigExplosive","floor":27},{"not_picked":["RobotSpaceExplorer:GlueShot","RobotSpaceExplorer:FreezingShield+1","RobotSpaceExplorer:Blitz"],"picked":"SKIP","floor":28},{"not_picked":["RobotSpaceExplorer:Counterblock","RobotSpaceExplorer:SurgingStrike"],"picked":"RobotSpaceExplorer:ScrapMissile","floor":31}],"player_experience":28354,"relics_obtained":[{"floor":6,"key":"DemoMod:ResourcefulSack"},{"floor":8,"key":"ReplayFunnel"},{"floor":9,"key":"hubris:BundleOfHerbs"},{"floor":25,"key":"conspire:GlowingRock"},{"floor":25,"key":"halation:LettersToHer"},{"floor":26,"key":"halation:LettersToHer"},{"floor":26,"key":"Meat on the Bone"},{"floor":27,"key":"halation:IllGainedPizza"},{"floor":27,"key":"infinitespire:CheckeredPen"},{"floor":29,"key":"halation:LettersToHer"}],"event_choices":[{"damage_healed":75,"gold_gain":0,"player_choice":"Upgrade","damage_taken":15,"max_hp_gain":0,"max_hp_loss":75,"event_name":"betterThird:BetterShining","floor":2,"gold_loss":0,"cards_upgraded":["RobotSpaceExplorer:Strike","Pot Of Greed"]},{"damage_healed":0,"gold_gain":0,"player_choice":"Relic ","damage_taken":7,"max_hp_gain":0,"max_hp_loss":0,"event_name":"betterThird:BetterScrap","floor":3,"gold_loss":0,"cards_obtained":["Expertise"]},{"damage_healed":0,"gold_gain":0,"player_choice":"Leave","damage_taken":0,"max_hp_gain":0,"max_hp_loss":0,"event_name":"conspire:Investor","floor":4,"gold_loss":0},{"damage_healed":0,"gold_gain":0,"player_choice":"Grow","damage_taken":0,"max_hp_gain":0,"max_hp_loss":0,"event_name":"Living Wall","floor":12,"gold_loss":0,"cards_upgraded":["RobotSpaceExplorer:Explosion"]},{"damage_healed":0,"gold_gain":0,"player_choice":"Upgraded","damage_taken":0,"max_hp_gain":0,"max_hp_loss":0,"event_name":"Upgrade Shrine","floor":19,"gold_loss":0,"cards_upgraded":["RobotSpaceExplorer:Fix"]},{"cards_removed":["RobotSpaceExplorer:Strike"],"damage_healed":0,"gold_gain":0,"player_choice":"Upgrade and Remove","damage_taken":0,"max_hp_gain":0,"max_hp_loss":0,"event_name":"Designer","floor":21,"gold_loss":90,"cards_upgraded":["RobotSpaceExplorer:Scan"]},{"damage_healed":0,"gold_gain":0,"player_choice":"Ignored","damage_taken":0,"max_hp_gain":0,"max_hp_loss":0,"event_name":"betterNote:BetterNote","floor":22,"gold_loss":0,"cards_obtained":["Battle Trance"]}],"is_beta":false,"boss_relics":[{"not_picked":["halation:PinkAlligatorPlush","conspire:SeveredTorchhead"],"picked":"Black Star"}],"items_purged_floors":[],"is_endless":false,"potions_floor_spawned":[1,7,13,18,20],"killed_by":"Pondfish","ascension_level":0}}