{"host":"vssfhwrh2g618jiv","time":1613467111,"event":{"mods":["Ascension Reborn","BaseMod","Downfall","Lobotomy","Marisa£®ÏF”Í°°ƒß¿Ì…≥£©","Minty Spire (QoL Compilation)","Remilia£®¿Ÿ√◊¿Ú—«£©","Replay The Spire","StSLib","TestMod","The Servant 0.9.4"],"gold_per_floor":[119,173,186,204,204,222,256,256,302,336,347,347,364,379,379,475,475,486,500,519,535,547,579,579,611,635,652,662,662,762,775,775,880,880,896,896,896,577,577,577,602,602,647,670,516,542,542,570,570,570,570,570,570,605,605,605],"floor_reached":55,"language":"ZHS","playtime":2148,"items_purged":["downfall:Icky"],"score":1228,"play_id":"d86b30a7-6fc3-45ca-b615-c536f68ee1ec","local_time":"20210216171831","is_ascension_mode":true,"campfire_choices":[{"floor":12,"key":"RECALL"},{"data":"ReplayTheSpireMod:LeadingStrike","floor":15,"key":"SMITH"},{"floor":29,"key":"DIG"},{"floor":32,"key":"DIG"},{"floor":40,"key":"DIG"},{"floor":42,"key":"DIG"},{"floor":47,"key":"DIG"},{"data":"Clumsy","floor":49,"key":"PURGE"},{"floor":52,"key":"DIG"}],"circlet_count":0,"master_deck":["Strike_R+1","Strike_R+1","Strike_R+1","Strike_R+1","Strike_R+1","Defend_R+1","Defend_R+1","Defend_R+1","Defend_R+1","Bash+1","Spot Weakness","Clothesline+1","Spot Weakness","Flex","Hemokinesis","Clothesline","ReplayReversal","ReplayTheSpireMod:LeadingStrike+1","Sword Boomerang","Reaper","ReplayReversal+1","Bloodletting","Replay:Undeath\u0027s Touch","Impervious","Inflame","Run Through","Slimebound:CheckThePlaybook","Disarm+1","Heavy Blade","Thunderclap","Replay:Undeath\u0027s Touch+1","Exhume","Armaments+1","Wraith","Madness","Madness","Run Through+1","Hemokinesis","Twin Strike","Pommel Strike"],"relics":["Burning Blood","testmod-TestBox","NeowsBlessing","testmod-ArcanaOfDestiny","Darkstone Periapt","ReplayFunnel","Replay:Ancient Bell","Omamori","Chameleon Ring","testmod-Brilliant","Replay:Multitool","King of Hearts","PreservedInsect","Nunchaku","Replay:PocketPolymizer","testmod-BatchProcessingSystem","Paper Frog","Singing Bowl","Lantern","Replay:Rubber Ducky","CeramicFish","Brimstone","Toxic Egg 2","Mummified Hand","Replay:Towering Pillar of Hats"],"acts_visited":["Exordium","TheCity","TheBeyond","TheEnding"],"potions_floor_usage":[14,16,23,41,41,41,50,50],"damage_taken":[{"damage":0,"enemies":"2 Louse","floor":1,"turns":1},{"damage":0,"enemies":"Jaw Worm","floor":3,"turns":1},{"damage":0,"enemies":"Cultist","floor":4,"turns":1},{"damage":0,"enemies":"Looter","floor":6,"turns":2},{"damage":9,"enemies":"Replay:BlueRogue","floor":7,"turns":3},{"damage":6,"enemies":"Gremlin Nob","floor":10,"turns":3},{"damage":5,"enemies":"3 Louse","floor":11,"turns":2},{"damage":2,"enemies":"Lots of Slimes","floor":13,"turns":4},{"damage":0,"enemies":"Exordium Thugs","floor":14,"turns":3},{"damage":14,"enemies":"The Guardian","floor":16,"turns":6},{"damage":0,"enemies":"2 Thieves","floor":18,"turns":1},{"damage":10,"enemies":"Spheric Guardian","floor":19,"turns":3},{"damage":2,"enemies":"Snake Plant","floor":20,"turns":1},{"damage":2,"enemies":"Snecko","floor":21,"turns":2},{"damage":2,"enemies":"Cultist and Chosen","floor":22,"turns":1},{"damage":14,"enemies":"Book of Stabbing","floor":23,"turns":4},{"damage":0,"enemies":"Gremlin Leader","floor":25,"turns":1},{"damage":0,"enemies":"3 Cultists","floor":27,"turns":1},{"damage":0,"enemies":"Centurion and Healer","floor":28,"turns":1},{"damage":2,"enemies":"Snecko","floor":31,"turns":2},{"damage":0,"enemies":"Pondfish","floor":33,"turns":4},{"damage":0,"enemies":"Orb Walker","floor":35,"turns":1},{"damage":2,"enemies":"Giant Head","floor":41,"turns":5},{"damage":0,"enemies":"3 Shapes","floor":44,"turns":1},{"damage":0,"enemies":"3 Darklings","floor":46,"turns":1},{"damage":3,"enemies":"Writhing Mass","floor":48,"turns":1},{"damage":43,"enemies":"Time Eater","floor":50,"turns":6},{"damage":0,"enemies":"Shield and Spear","floor":54,"turns":1},{"damage":106,"enemies":"The Heart","floor":55,"turns":3}],"seed_played":"-127307432122982921","potions_obtained":[{"floor":1,"key":"Strength Potion"},{"floor":4,"key":"Fire Potion"},{"floor":7,"key":"Energy Potion"},{"floor":21,"key":"LifebloodPotion"},{"floor":22,"key":"PowerPotion"},{"floor":23,"key":"PowerPotion"},{"floor":41,"key":"Energy Potion"},{"floor":46,"key":"Swift Potion"},{"floor":54,"key":"SpeedPotion"}],"is_trial":false,"path_per_floor":["M","?","M","M","?","M","E","?","T","E","M","R","M","M","R","B",null,"M","M","M","M","M","E","?","E","T","M","M","R","?","M","R","B",null,"M","?","?","$","T","R","E","R","T","M","$","M","R","M","R","B",null,"R","$","E","B"],"character_chosen":"IRONCLAD","items_purchased":["Paper Frog","Brimstone"],"campfire_rested":0,"item_purchase_floors":[38,45],"current_hp_per_floor":[80,80,80,80,80,80,77,82,82,82,83,83,85,85,85,77,91,91,87,91,91,91,83,89,95,95,97,97,97,97,97,97,97,97,97,103,90,90,90,90,96,96,96,102,102,105,105,105,105,68,105,105,105,105,0,0],"gold":605,"neow_bonus":"THREE_ENEMY_KILL","is_daily":false,"chose_seed":false,"campfire_upgraded":1,"win_rate":0.0,"timestamp":1613467111,"path_taken":["M","?","M","M","?","M","E","?","T","E","M","R","M","?","R","BOSS","M","?","M","M","M","E","?","E","T","M","M","R","?","?","R","BOSS","M","?","?","?","?","R","E","R","T","M","$","M","R","?","R","BOSS","R","$","E","BOSS"],"items_purchased_type":["Relic","Relic"],"build_version":"2020-12-22","purchased_purges":1,"victory":false,"max_hp_per_floor":[80,80,80,80,80,80,80,85,85,85,85,85,85,85,85,85,91,91,91,91,91,91,91,97,97,97,97,97,97,97,97,97,97,97,97,103,103,103,103,103,105,105,105,105,105,105,105,105,105,105,105,105,105,105,105,105],"card_choices":[{"not_picked":["Reckless Charge","Shrug It Off"],"picked":"Spot Weakness","floor":1},{"not_picked":["Clash","Iron Wave"],"picked":"Clothesline","floor":3},{"not_picked":["Combust","Sword Boomerang"],"picked":"Spot Weakness","floor":4},{"not_picked":["Body Slam","Cleave"],"picked":"Flex","floor":6},{"not_picked":["Sever Soul","Exhume"],"picked":"Hemokinesis","floor":7},{"not_picked":["Clash","Evolve"],"picked":"Clothesline","floor":10},{"not_picked":["Wild Strike","Warcry"],"picked":"ReplayReversal","floor":11},{"not_picked":["Warcry","Dark Embrace"],"picked":"ReplayTheSpireMod:LeadingStrike","floor":13},{"not_picked":["Havoc","Wild Strike"],"picked":"Sword Boomerang","floor":14},{"not_picked":["Brutality","Eclipse"],"picked":"Reaper","floor":16},{"not_picked":["Shame","Sickly"],"picked":"ReplayTheSpireMod:IOU","floor":17},{"not_picked":["Decay","Wraith"],"picked":"Greed_TH","floor":17},{"not_picked":["CurseOfTheBell","Greed_TH"],"picked":"Clumsy","floor":17},{"not_picked":["Iron Wave","Armaments"],"picked":"ReplayReversal+1","floor":18},{"not_picked":["Flex","ReplayTheSpireMod:Strike From Hell"],"picked":"Bloodletting","floor":19},{"not_picked":["Cleave","Twin Strike"],"picked":"Replay:Undeath\u0027s Touch","floor":20},{"not_picked":["Blood for Blood","Cleave"],"picked":"Impervious","floor":21},{"not_picked":["Flex","Clash"],"picked":"Inflame","floor":22},{"not_picked":["Sword Boomerang","Armaments"],"picked":"Run Through","floor":23},{"not_picked":["Flex","Armaments"],"picked":"Disarm+1","floor":25},{"not_picked":["ReplayTheSpireMod:LeadingStrike","Cleave"],"picked":"Heavy Blade","floor":27},{"not_picked":["Shrug It Off","Pommel Strike+1"],"picked":"Thunderclap","floor":28},{"not_picked":["Headbutt","Flex"],"picked":"Replay:Undeath\u0027s Touch+1","floor":31},{"not_picked":["Replay:Many Hands","Impervious"],"picked":"Exhume","floor":33},{"not_picked":["True Grit+1","Perfected Strike"],"picked":"Armaments+1","floor":35},{"not_picked":["Seeing Red+1","Warcry+1","ReplayTheSpireMod:Strike From Hell"],"picked":"Singing Bowl","floor":41},{"not_picked":["Burning Pact","Heavy Blade+1"],"picked":"Run Through+1","floor":44},{"not_picked":["Havoc","Body Slam+1"],"picked":"Hemokinesis","floor":46},{"not_picked":["Spot Weakness+1","ReplayTheSpireMod:LeadingStrike+1"],"picked":"Twin Strike","floor":48},{"not_picked":["Massacre","Whirlwind"],"picked":"Pommel Strike","floor":54}],"player_experience":16624,"relics_obtained":[{"floor":7,"key":"Darkstone Periapt"},{"floor":10,"key":"ReplayFunnel"},{"floor":23,"key":"Replay:Multitool"},{"floor":25,"key":"King of Hearts"},{"floor":26,"key":"PreservedInsect"},{"floor":29,"key":"Nunchaku"},{"floor":32,"key":"Replay:PocketPolymizer"},{"floor":39,"key":"Singing Bowl"},{"floor":41,"key":"Lantern"},{"floor":42,"key":"Replay:Rubber Ducky"},{"floor":43,"key":"CeramicFish"},{"floor":47,"key":"Toxic Egg 2"},{"floor":52,"key":"Mummified Hand"},{"floor":54,"key":"Replay:Towering Pillar of Hats"}],"event_choices":[{"damage_healed":0,"gold_gain":54,"player_choice":"Gained Gold","damage_taken":0,"max_hp_gain":0,"max_hp_loss":0,"event_name":"Golden Wing","floor":2,"gold_loss":0},{"damage_healed":0,"gold_gain":0,"player_choice":"Donut","damage_taken":0,"max_hp_gain":5,"max_hp_loss":0,"event_name":"Big Fish","floor":8,"gold_loss":0},{"damage_healed":0,"gold_gain":100,"player_choice":"Pray","damage_taken":0,"max_hp_gain":0,"max_hp_loss":0,"event_name":"Golden Shrine","floor":30,"gold_loss":0},{"damage_healed":0,"gold_gain":0,"player_choice":"Ignored","damage_taken":0,"max_hp_gain":0,"max_hp_loss":0,"event_name":"OrinTheCat","floor":36,"gold_loss":0},{"damage_healed":0,"gold_gain":0,"player_choice":"Embrace Madness","damage_taken":13,"max_hp_gain":0,"max_hp_loss":0,"event_name":"Winding Halls","floor":37,"gold_loss":0,"cards_obtained":["Madness","Madness"]}],"is_beta":false,"boss_relics":[{"not_picked":["testmod-KeyOfTheVoid","SacredBark"],"picked":"Replay:Ancient Bell"},{"not_picked":["Happy Flower","Replay:Baseball"],"picked":"Omamori"},{"not_picked":["Mercury Hourglass","Shuriken"],"picked":"Chameleon Ring"},{"not_picked":["Incense Burner","Dead Branch"],"picked":"testmod-Brilliant"},{"not_picked":["testmod-StringDisintegrator","testmod-SaigiyounoYou"],"picked":"testmod-BatchProcessingSystem"}],"items_purged_floors":[38],"is_endless":false,"potions_floor_spawned":[1,4,7,11,13,21,22,23,27,28,33,41,46,54],"killed_by":"The Heart","ascension_level":0}}