{"host":"si6a1ixj09zwrub4","time":1613447949,"event":{"mods":["2.2 Compatiblity","A Magickal Journey","AchievementEnabler","Act Like it!","Aspiration","Bard","BaseMod","Beaked The Cultist","BetterRewards","Colored Powertips","Conspire","Defuse TimeMaze Blight","Dio Mod","Downfall","Elementarium","Energized Spire","GifTheSpireLib","Hermit","HololiveMod","Hubris","Infinite Spire","Lobotomy","Melee Mod","Minty Spire (QoL Compilation)","Permanent Neow","Potionbrewer","QueenMod","READ ME - Guardian Mod","READ ME - Snecko Mod","Railgun Mod","Random Character Button","Remilia（蕾米莉亚）","Shade Mod","Shop Mod","Slumbering Mod","StSLib","The Accelerator","The Animator","The Bladedancer","The Bug Knight","The Construct","The Cursed","The Death Knight","The Disciple","The Exalted","The Florist","The Forsaken","The Gatherer","The Hierophant","The Judge","The Marked","The Runesmith","The Senshi","The Wild Card","TheBandit","TheFirefly","TheHero","Waifu the Spire","Wandering Minibosses"],"gold_per_floor":[99,111,127,127,143,154,154,168,168,168,168,168,168,194,207,309,309,309,321,331,331,61,76,76,76,93,93,93,93],"floor_reached":27,"language":"ENG","playtime":2581,"items_purged":[],"score":240,"play_id":"4170397a-e743-47bf-8026-d4ba1505c689","local_time":"20210216105909","is_ascension_mode":false,"campfire_choices":[{"data":"bronze:Goto","floor":1,"key":"SMITH"},{"data":"bronze:ThunderWave","floor":12,"key":"SMITH"},{"data":"bronze:Verify","floor":18,"key":"SMITH"},{"floor":25,"key":"REST"}],"circlet_count":0,"master_deck":["bronze:Strike","bronze:Strike","bronze:Strike","bronze:Strike","bronze:Defend+1","bronze:Defend","bronze:Defend","bronze:Defend","bronze:Replicate+1","bronze:Goto+1","bronze:ClassDefault","bronze:FineTuning","bronze:WhirlingStrike","bronze:Repulsor","bronze:ThunderWave+1","bronze:FineTuning","bronze:Boost","bronze:Verify+1","bronze:Deprecate+1","bronze:FineTuning+1","bronze:Optimize","expansioncontent:QuickStudy","bronze:AlphaBuild"],"relics":["bronze:BronzeCore","Bromod:ArcanePistoleer","Oddly Smooth Stone","Black Star","War Paint"],"acts_visited":["Exordium","TheCity"],"potions_floor_usage":[14,14,20,27],"damage_taken":[{"damage":0,"enemies":"theSlumbering:NewCultist","floor":2,"turns":3},{"damage":25,"enemies":"infinitespire:Voidling","floor":3,"turns":7},{"damage":2,"enemies":"conspire:RoseBush","floor":5,"turns":3},{"damage":2,"enemies":"2 Fungi Beasts","floor":6,"turns":2},{"damage":10,"enemies":"downfall:LooterAlt","floor":8,"turns":3},{"damage":5,"enemies":"theSlumbering:Adrasteia","floor":14,"turns":8},{"damage":15,"enemies":"3 Louse","floor":15,"turns":3},{"damage":19,"enemies":"WA_ARCHETYPE_RETAIN","floor":16,"turns":8},{"damage":34,"enemies":"3 Byrds","floor":19,"turns":7},{"damage":27,"enemies":"conspire:FuzzyDice","floor":20,"turns":8},{"damage":0,"enemies":"downfall:FleeingMerchant","floor":22,"turns":4},{"damage":2,"enemies":"Snecko","floor":23,"turns":3},{"damage":12,"enemies":"conspire:HollyBat","floor":26,"turns":9},{"damage":28,"enemies":"conspire:MimicChest","floor":27,"turns":4}],"seed_played":"-2640991671269901065","potions_obtained":[{"floor":2,"key":"Weak Potion"},{"floor":6,"key":"Explosive Potion"},{"floor":8,"key":"bronze:CleanCodePotion"},{"floor":19,"key":"potionbrewer:HastePotion"},{"floor":26,"key":"Energy Potion"}],"is_trial":false,"path_per_floor":["R","M","M","?","M","M","T","M","?","?","?","R","?","E","M","B",null,"R","M","M","?","$","M","T","R","M","?"],"character_chosen":"THE_AUTOMATON","items_purchased":["bronze:Optimize","expansioncontent:QuickStudy"],"campfire_rested":1,"item_purchase_floors":[22,22],"current_hp_per_floor":[70,70,49,49,47,45,45,35,35,40,40,40,40,35,20,1,75,75,41,14,14,14,12,12,34,22,0,0,0],"gold":93,"neow_bonus":"UPGRADE_CARD","is_daily":false,"chose_seed":false,"campfire_upgraded":3,"win_rate":0.0,"timestamp":1613447949,"path_taken":["R","M","M","?","M","M","T","?","?","?","?","R","?","E","M","BOSS","R","M","M","?","?","M","T","R","?","?"],"items_purchased_type":["Card","Card"],"build_version":"2020-12-22","purchased_purges":0,"victory":false,"max_hp_per_floor":[70,70,70,70,70,70,70,70,70,75,75,75,75,75,75,75,75,75,75,75,75,75,75,75,75,75,75,75,75],"card_choices":[{"not_picked":["bronze:FineTuning","bronze:CutThrough"],"picked":"bronze:ClassDefault","floor":2},{"not_picked":["bronze:NullPointer","bronze:Overheat"],"picked":"bronze:FineTuning","floor":3},{"not_picked":["bronze:ForceShield","bronze:BronzeArmor"],"picked":"bronze:WhirlingStrike","floor":5},{"not_picked":["bronze:DelayedSlice","bronze:BuggyMess"],"picked":"bronze:Repulsor","floor":6},{"not_picked":["bronze:WildBeam","bronze:Fortify"],"picked":"bronze:ThunderWave","floor":8},{"not_picked":["bronze:BugBarrage","bronze:Shell"],"picked":"bronze:FineTuning","floor":14},{"not_picked":["bronze:Philosophize","bronze:Frontload"],"picked":"bronze:Boost","floor":15},{"not_picked":["bronze:Break","bronze:Assembly"],"picked":"bronze:Verify","floor":16},{"not_picked":["bronze:Frontload","bronze:Invalidate"],"picked":"bronze:Deprecate+1","floor":19},{"not_picked":["bronze:ForLoop","bronze:Frontload","bronze:DelayedSlice"],"picked":"SKIP","floor":20},{"not_picked":["bronze:Overheat","bronze:WhirlingStrike"],"picked":"bronze:FineTuning","floor":22},{"not_picked":["bronze:Overheat","bronze:Branch","bronze:Safeguard"],"picked":"SKIP","floor":23},{"not_picked":["bronze:Turbo","bronze:DelayedGuard"],"picked":"bronze:AlphaBuild","floor":26}],"player_experience":394698,"relics_obtained":[{"floor":7,"key":"Bromod:ArcanePistoleer"},{"floor":14,"key":"Oddly Smooth Stone"},{"floor":24,"key":"War Paint"}],"event_choices":[{"damage_healed":0,"gold_gain":0,"player_choice":"Ignored","damage_taken":0,"max_hp_gain":0,"max_hp_loss":0,"event_name":"NoteForYourself","floor":4,"gold_loss":0},{"damage_healed":0,"gold_gain":0,"player_choice":"Donut","damage_taken":0,"max_hp_gain":5,"max_hp_loss":0,"event_name":"Big Fish","floor":10,"gold_loss":0},{"damage_healed":0,"gold_gain":0,"player_choice":"Disagree","damage_taken":0,"max_hp_gain":0,"max_hp_loss":0,"event_name":"conspire:LoneGhost","floor":11,"gold_loss":0}],"is_beta":false,"boss_relics":[{"not_picked":["Fusion Hammer","conspire:RoyalGoblet"],"picked":"Black Star"}],"items_purged_floors":[],"is_endless":false,"potions_floor_spawned":[2,6,8,19,26],"killed_by":"conspire:MimicChest","ascension_level":0}}