{"host":"onmzcmq5a68cxj3d","time":1613511715,"event":{"mods":["BaseMod","Colored Map","Minty Spire (QoL Compilation)","Remove Card Discount Mod"],"gold_per_floor":[118,218,27,27,42,42,69,69,69,89,89,89,89,89,89,188,188,208,63,63,63,63,63,63,63,63,63,61,61,61,71,71,172,172,191,191,4,4,4,4,4,31,83,83,83,83,0,0,0,0],"floor_reached":51,"language":"ENG","playtime":1907,"items_purged":["Wraith Form v2","Defend_G","Strike_G","Defend_G","Strike_G","Strike_G"],"score":707,"play_id":"52695737-8737-49ab-9a57-b13acba7418c","local_time":"20210216144155","daily_mods":["Heirloom","Time Dilation","Flight"],"is_ascension_mode":false,"campfire_choices":[{"data":"DevaForm","floor":6,"key":"SMITH"},{"data":"Echo Form","floor":8,"key":"SMITH"},{"floor":12,"key":"REST"},{"floor":15,"key":"REST"},{"data":"Demon Form","floor":23,"key":"SMITH"},{"data":"Infinite Blades","floor":25,"key":"SMITH"},{"data":"RitualDagger","floor":29,"key":"SMITH"},{"data":"Blade Dance","floor":30,"key":"SMITH"},{"floor":32,"key":"REST"},{"data":"Accuracy","floor":40,"key":"SMITH"},{"floor":44,"key":"REST"},{"data":"Survivor","floor":45,"key":"SMITH"},{"floor":46,"key":"REST"},{"data":"Neutralize","floor":49,"key":"SMITH"}],"circlet_count":0,"master_deck":["Demon Form+1","Echo Form+1","DevaForm+1","Strike_G","Strike_G","Defend_G+1","Defend_G","Survivor+1","Neutralize+1","Blade Dance+1","Infinite Blades+1","RitualDagger+1","Accuracy+1","Accuracy+1","Writhe"],"relics":["Unceasing Top","Pocketwatch","TwistedFunnel","Vajra","Singing Bowl","Toolbox","Sundial","Busted Crown","Juzu Bracelet","Orichalcum","Dream Catcher","Red Mask"],"acts_visited":["Exordium","TheCity","TheBeyond"],"potions_floor_usage":[10,50],"damage_taken":[{"damage":0,"enemies":"Small Slimes","floor":1,"turns":5},{"damage":4,"enemies":"Cultist","floor":5,"turns":3},{"damage":18,"enemies":"Lagavulin","floor":7,"turns":5},{"damage":0,"enemies":"2 Louse","floor":10,"turns":1},{"damage":35,"enemies":"Slime Boss","floor":16,"turns":5},{"damage":14,"enemies":"2 Thieves","floor":18,"turns":4},{"damage":14,"enemies":"3 Byrds","floor":31,"turns":4},{"damage":42,"enemies":"Collector","floor":33,"turns":6},{"damage":27,"enemies":"3 Darklings","floor":35,"turns":3},{"damage":43,"enemies":"Nemesis","floor":42,"turns":3},{"damage":40,"enemies":"Time Eater","floor":50,"turns":7}],"seed_played":"730271358420121095","potions_obtained":[{"floor":7,"key":"Explosive Potion"},{"floor":42,"key":"LiquidMemories"}],"is_trial":true,"path_per_floor":["M","?","$","?","M","R","E","R","T","M","?","R","?","$","R","B",null,"M","$","?","?","$","R","$","R","T","?","$","R","R","M","R","B",null,"M","?","$","$","?","R","?","E","T","R","R","R","?","?","R","B",null],"character_chosen":"THE_SILENT","items_purchased":["TwistedFunnel","Infinite Blades","Toolbox","Juzu Bracelet","Accuracy"],"campfire_rested":5,"item_purchase_floors":[3,3,19,37,37],"current_hp_per_floor":[70,70,70,70,66,66,48,48,48,50,36,57,57,57,72,39,74,62,62,62,62,62,62,62,62,62,56,56,56,56,42,64,24,78,53,55,55,55,76,76,76,35,35,62,62,88,88,88,88,48],"gold":0,"neow_bonus":"","is_daily":false,"chose_seed":false,"campfire_upgraded":9,"win_rate":0.0,"timestamp":1613511715,"path_taken":["M","?","$","?","?","R","E","R","T","?","?","R","?","?","R","BOSS","M","$","?","?","$","R","?","R","T","?","?","R","R","?","R","BOSS","M","?","$","$","?","R","?","E","T","R","R","R","?","?","R","BOSS"],"items_purchased_type":["Relic","Card","Relic","Relic","Card"],"build_version":"2020-12-22","purchased_purges":6,"victory":true,"max_hp_per_floor":[70,70,70,70,70,70,70,70,70,72,72,72,72,72,72,74,74,76,76,76,76,76,76,76,76,76,76,76,76,76,76,76,78,78,80,82,82,82,82,82,82,84,84,86,86,88,88,88,88,88],"card_choices":[{"not_picked":["Endless Agony","Cloak And Dagger"],"picked":"Blade Dance","floor":1},{"not_picked":["Reflex","Dagger Throw","Underhanded Strike"],"picked":"SKIP","floor":5},{"not_picked":["Dagger Spray","Masterful Stab","Blur"],"picked":"SKIP","floor":7},{"not_picked":["Quick Slash","Terror","Flechettes"],"picked":"Singing Bowl","floor":10},{"not_picked":["Grand Finale","Wraith Form v2","Venomology"],"picked":"Singing Bowl","floor":16},{"not_picked":["Deflect","Deadly Poison","PiercingWail"],"picked":"Singing Bowl","floor":18},{"not_picked":["PiercingWail","Terror"],"picked":"Accuracy","floor":31},{"not_picked":["Unload","Venomology","Glass Knife"],"picked":"Singing Bowl","floor":33},{"not_picked":["Bane+1"],"picked":"Singing Bowl","floor":35},{"not_picked":["Apotheosis"],"picked":"Singing Bowl","floor":36},{"not_picked":["Underhanded Strike+1"],"picked":"Singing Bowl","floor":42},{"not_picked":["Sucker Punch"],"picked":"Singing Bowl","floor":44},{"not_picked":["Dodge and Roll+1"],"picked":"Singing Bowl","floor":46}],"player_experience":444776,"relics_obtained":[{"floor":7,"key":"Vajra"},{"floor":9,"key":"Singing Bowl"},{"floor":26,"key":"Sundial"},{"floor":42,"key":"Orichalcum"},{"floor":43,"key":"Dream Catcher"}],"event_choices":[{"damage_healed":0,"gold_gain":100,"player_choice":"Pray","damage_taken":0,"max_hp_gain":0,"max_hp_loss":0,"event_name":"Golden Shrine","floor":2,"gold_loss":0},{"damage_healed":0,"gold_gain":0,"player_choice":"Ignored","damage_taken":0,"max_hp_gain":0,"max_hp_loss":0,"event_name":"NoteForYourself","floor":4,"gold_loss":0},{"damage_healed":0,"gold_gain":0,"player_choice":"Entered Light","damage_taken":14,"max_hp_gain":0,"max_hp_loss":0,"event_name":"Shining Light","floor":11,"gold_loss":0,"cards_upgraded":["Defend_G","Defend_G"]},{"damage_healed":0,"gold_gain":0,"player_choice":"Ignored","damage_taken":0,"max_hp_gain":0,"max_hp_loss":0,"event_name":"Golden Wing","floor":13,"gold_loss":0},{"damage_healed":0,"gold_gain":0,"player_choice":"Ignored","damage_taken":0,"max_hp_gain":0,"max_hp_loss":0,"event_name":"Ghosts","floor":21,"gold_loss":0},{"damage_healed":0,"gold_gain":0,"player_choice":"Joined the Cult","damage_taken":6,"max_hp_gain":0,"max_hp_loss":0,"event_name":"Nest","floor":27,"gold_loss":0,"cards_obtained":["RitualDagger"]},{"damage_healed":0,"gold_gain":0,"player_choice":"Memory 1","damage_taken":0,"max_hp_gain":0,"max_hp_loss":0,"event_name":"SensoryStone","floor":36,"gold_loss":0},{"damage_healed":21,"gold_gain":0,"player_choice":"Writhe","damage_taken":0,"max_hp_gain":0,"max_hp_loss":0,"event_name":"Winding Halls","floor":39,"gold_loss":0,"cards_obtained":["Writhe"]},{"damage_healed":0,"gold_gain":0,"player_choice":"Forge","damage_taken":0,"max_hp_gain":0,"max_hp_loss":0,"event_name":"Accursed Blacksmith","floor":41,"gold_loss":0,"cards_upgraded":["Accuracy"]},{"damage_healed":0,"gold_gain":0,"player_choice":"Paid","damage_taken":0,"relics_obtained":["Red Mask"],"max_hp_gain":0,"max_hp_loss":0,"event_name":"Tomb of Lord Red Mask","floor":47,"gold_loss":83},{"cards_removed":["Defend_G"],"damage_healed":0,"gold_gain":0,"player_choice":"Removed Skill","damage_taken":0,"max_hp_gain":0,"max_hp_loss":0,"event_name":"Falling","floor":48,"gold_loss":0}],"is_beta":false,"boss_relics":[{"not_picked":["HoveringKite","Calling Bell","Velvet Choker"]},{"not_picked":["Runic Dome","Fusion Hammer"],"picked":"Busted Crown"}],"items_purged_floors":[3,3,3,3,28,37],"is_endless":false,"potions_floor_spawned":[7,42],"ascension_level":0}}