{"host":"a1eatafr7pisesky","time":1613464000,"event":{"mods":["AchievementEnabler","BaseMod","Colored Map","Keyboard Shortcuts","Minty Spire (QoL Compilation)","Say the Spire","StSLib","SuperFastMode","everything is the same but u backflip on backflip"],"gold_per_floor":[113,113,127,127,49,76,76,104,179,207,224,258,333,359,359,359,359,359],"floor_reached":17,"language":"KOR","playtime":373,"items_purged":[],"score":316,"play_id":"05657216-0515-4ea0-a407-4a7a2050dbf8","local_time":"20210216172640","is_ascension_mode":true,"campfire_choices":[{"floor":7.0,"key":"REST"},{"floor":15.0,"key":"REST"}],"circlet_count":0,"master_deck":["AscendersBane","Strike_P","Strike_P","Strike_P","Strike_P","Defend_P","Defend_P","Defend_P","Eruption","Vigilance","Thinking Ahead","InnerPeace","WheelKick","EmptyFist"],"relics":["PureWater","Bag of Marbles","Mango","Singing Bowl","Girya","TeardropLocket","Regal Pillow"],"acts_visited":["Exordium"],"potions_floor_usage":[17],"damage_taken":[{"damage":1.0,"enemies":"2 Louse","floor":1.0,"turns":3.0},{"damage":13.0,"enemies":"Small Slimes","floor":3.0,"turns":5.0},{"damage":25.0,"enemies":"Gremlin Nob","floor":6.0,"turns":4.0},{"damage":19.0,"enemies":"Lagavulin","floor":8.0,"turns":6.0},{"damage":0.0,"enemies":"Gremlin Nob","floor":10.0,"turns":2.0},{"damage":0.0,"enemies":"Jaw Worm","floor":11.0,"turns":3.0},{"damage":17.0,"enemies":"Lagavulin","floor":12.0,"turns":6.0},{"damage":15.0,"enemies":"3 Sentries","floor":14.0,"turns":8.0},{"damage":49,"enemies":"Hexaghost","floor":17,"turns":10}],"seed_played":"4560502485180397402","potions_obtained":[{"floor":8.0,"key":"Strength Potion"},{"floor":11.0,"key":"Weak Potion"},{"floor":12.0,"key":"Block Potion"},{"floor":14.0,"key":"BottledMiracle"}],"is_trial":false,"path_per_floor":["M","?","M","?","$","E","R","E","T","E","M","E","?","E","R","R","B"],"character_chosen":"WATCHER","items_purchased":["WheelKick"],"campfire_rested":2,"item_purchase_floors":[5],"current_hp_per_floor":[60,60,47,52,52,27,47,42,42,42,44,29,18,5,46,46,0,0],"gold":359,"neow_bonus":"RANDOM_COLORLESS_2","is_daily":false,"chose_seed":false,"campfire_upgraded":0,"win_rate":0.0,"timestamp":1613464000,"path_taken":["M","?","M","?","?","E","R","E","T","E","?","E","?","E","R","R","BOSS"],"items_purchased_type":["Card"],"build_version":"2020-12-22","purchased_purges":0,"victory":false,"max_hp_per_floor":[62,62,62,67,67,67,67,81,81,81,83,85,85,87,87,87,87,87],"card_choices":[{"not_picked":["Metamorphosis","Sadistic Nature"],"picked":"Thinking Ahead","floor":0.0},{"not_picked":["Crescendo","Protect"],"picked":"InnerPeace","floor":1.0},{"not_picked":["LikeWater","SignatureMove","FlyingSleeves"],"picked":"SKIP","floor":3.0},{"not_picked":["EmptyBody","SashWhip","Perseverance"],"picked":"SKIP","floor":6.0},{"not_picked":["ForeignInfluence","ClearTheMind","ReachHeaven"],"picked":"SKIP","floor":8.0},{"not_picked":["Meditate","Crescendo"],"picked":"EmptyFist","floor":10.0},{"not_picked":["Judgement","CrushJoints","BowlingBash"],"picked":"Singing Bowl","floor":11.0},{"not_picked":["SandsOfTime","CutThroughFate","Crescendo"],"picked":"Singing Bowl","floor":12.0},{"not_picked":["Protect","Omniscience","FlyingSleeves"],"picked":"Singing Bowl","floor":14.0}],"player_experience":457951,"relics_obtained":[{"floor":6.0,"key":"Bag of Marbles"},{"floor":8.0,"key":"Mango"},{"floor":9.0,"key":"Singing Bowl"},{"floor":10.0,"key":"Girya"},{"floor":12.0,"key":"TeardropLocket"},{"floor":14.0,"key":"Regal Pillow"}],"event_choices":[{"cards_removed":["Defend_P"],"damage_healed":0.0,"max_hp_gain":0.0,"max_hp_loss":0.0,"gold_gain":0.0,"event_name":"Living Wall","player_choice":"Forget","floor":2.0,"gold_loss":0.0,"damage_taken":0.0},{"damage_healed":0.0,"max_hp_gain":5.0,"max_hp_loss":0.0,"gold_gain":0.0,"event_name":"Big Fish","player_choice":"Donut","floor":4.0,"gold_loss":0.0,"damage_taken":0.0},{"damage_healed":0.0,"max_hp_gain":0.0,"max_hp_loss":0.0,"gold_gain":75.0,"event_name":"World of Goop","player_choice":"Gather Gold","floor":13.0,"gold_loss":0.0,"damage_taken":11.0}],"is_beta":false,"boss_relics":[],"items_purged_floors":[],"is_endless":false,"potions_floor_spawned":[8,11,12,14],"killed_by":"Hexaghost","ascension_level":15}}