{"host":"tf5skwcwe0vlu2md","time":1613470144,"event":{"mods":["BaseMod","Downfall","Highlight Path","Minty Spire (QoL Compilation)","Quick Restart","StSLib","The Hierophant"],"gold_per_floor":[117,192,203,218,237,237,268,268,295,295,321,331,331,348,348,348,348],"floor_reached":16,"playtime":539,"items_purged":[],"score":134,"play_id":"92040671-9900-4664-8440-63f977a60c9e","local_time":"20210216210904","is_ascension_mode":true,"campfire_choices":[{"data":"Flex","floor":6,"key":"SMITH"},{"data":"Bash","floor":8,"key":"SMITH"},{"data":"Heavy Blade","floor":10,"key":"SMITH"},{"data":"Rampage","floor":15,"key":"SMITH"}],"circlet_count":0,"master_deck":["Strike_R","Strike_R","Strike_R","Strike_R","Strike_R","Defend_R","Defend_R","Defend_R","Defend_R","Bash+1","Flex","Reckless Charge","Heavy Blade+1","Flex+1","Rampage+1","Evolve","Rampage","Anger"],"relics":["Burning Blood","Boot","Potion Belt","MealTicket","Bottled Flame"],"acts_visited":["Exordium"],"potions_floor_usage":[16,16],"damage_taken":[{"damage":7,"enemies":"Small Slimes","floor":1,"turns":3},{"damage":2,"enemies":"Jaw Worm","floor":3,"turns":3},{"damage":0,"enemies":"Cultist","floor":4,"turns":2},{"damage":7,"enemies":"2 Fungi Beasts","floor":5,"turns":4},{"damage":8,"enemies":"Gremlin Nob","floor":7,"turns":3},{"damage":45,"enemies":"3 Sentries","floor":11,"turns":8},{"damage":18,"enemies":"Red Slaver","floor":12,"turns":3},{"damage":12,"enemies":"Looter","floor":14,"turns":3},{"damage":29,"enemies":"The Guardian","floor":16,"turns":5}],"seed_played":"5966571088130757138","potions_obtained":[{"floor":5,"key":"champ:CounterPotion"},{"floor":7,"key":"SmokeBomb"},{"floor":14,"key":"SkillPotion"}],"is_trial":false,"path_per_floor":["M","?","M","M","M","R","E","R","T","R","E","M","T","M","R","B"],"character_chosen":"IRONCLAD","items_purchased":[],"campfire_rested":0,"item_purchase_floors":[],"current_hp_per_floor":[87,76,80,86,85,85,83,83,83,83,44,32,32,26,26,0,0],"gold":348,"neow_bonus":"TEN_PERCENT_HP_BONUS","is_daily":false,"chose_seed":false,"campfire_upgraded":4,"win_rate":0.0,"timestamp":1613470144,"path_taken":["M","?","M","M","M","R","E","R","T","R","E","M","?","M","R","BOSS"],"items_purchased_type":[],"build_version":"2020-12-13","purchased_purges":0,"victory":false,"max_hp_per_floor":[88,88,88,88,88,88,88,88,88,88,88,88,88,88,88,88,88],"card_choices":[{"not_picked":["Shrug It Off","Anger"],"picked":"Flex","floor":1},{"not_picked":["Blood for Blood","Body Slam"],"picked":"Reckless Charge","floor":3},{"not_picked":["Warcry","Armaments"],"picked":"Heavy Blade","floor":4},{"not_picked":["Warcry","Feel No Pain"],"picked":"Flex","floor":5},{"not_picked":["Fiend Fire","Reckless Charge"],"picked":"Rampage","floor":7},{"not_picked":["Body Slam","Fiend Fire"],"picked":"Evolve","floor":11},{"not_picked":["Perfected Strike","Twin Strike"],"picked":"Rampage","floor":12},{"not_picked":["Sword Boomerang","Intimidate"],"picked":"Anger","floor":14}],"player_experience":252365,"relics_obtained":[{"floor":7,"key":"Boot"},{"floor":9,"key":"Potion Belt"},{"floor":11,"key":"MealTicket"},{"floor":13,"key":"Bottled Flame"}],"event_choices":[{"damage_healed":0,"gold_gain":75,"player_choice":"Gather Gold","damage_taken":11,"max_hp_gain":0,"max_hp_loss":0,"event_name":"World of Goop","floor":2,"gold_loss":0}],"is_beta":false,"boss_relics":[],"items_purged_floors":[],"is_endless":false,"potions_floor_spawned":[5,7,14],"killed_by":"The Guardian","ascension_level":4}}