{"host":"w3q5ijqu8eoknil3","time":1613519742,"event":{"mods":["AchievementEnabler","BaseMod","Block Reminder","Colored Map","Colored Powertips","Curses Come First","Dark Map","Minty Spire (QoL Compilation)","Quick Restart","Relic Stats","StSLib","ojb\u0027s Better Paths Mod","ojb\u0027s Info Mod","slay the spire mod where everything is the same but ironclad has a cowboy hat"],"gold_per_floor":[117,127,127,127,147,147,179,206,206,224,224,253,263,12,12,84,84,95,95,95,109,24,24,58,58,113,131,158,172,12,23,23,23,23],"floor_reached":33,"language":"ENG","playtime":1265,"items_purged":[],"score":698,"play_id":"45254140-9ad7-4f80-8cf3-6438fbc7ac52","local_time":"20210216235542","is_ascension_mode":true,"campfire_choices":[{"data":"Dagger Spray","floor":6,"key":"SMITH"},{"floor":11,"key":"REST"},{"data":"Footwork","floor":15,"key":"SMITH"},{"floor":23,"key":"REST"},{"data":"Skewer","floor":25,"key":"SMITH"},{"floor":32,"key":"REST"}],"circlet_count":0,"master_deck":["AscendersBane","Strike_G","Strike_G","Strike_G","Strike_G","Strike_G","Defend_G","Defend_G","Defend_G","Defend_G","Defend_G","Survivor","Neutralize","Flying Knee","Dagger Spray+1","Flying Knee","Caltrops","Backflip","Sucker Punch","Corpse Explosion","Footwork+1","Backstab","Corpse Explosion","Noxious Fumes","Blur","Bane","Bullet Time","Underhanded Strike","Skewer+1","Prepared+1","Acrobatics+1","Malaise+1","Deadly Poison+1","Backflip+1","Riddle With Holes"],"relics":["Ring of the Snake","Art of War","Toy Ornithopter","Anchor","Smiling Mask","Du-Vu Doll","Orrery","Snecko Eye","Pen Nib","Toxic Egg 2","Snake Skull","Prayer Wheel","ClockworkSouvenir"],"acts_visited":["Exordium","TheCity"],"potions_floor_usage":[12,12,16,24,28,33],"damage_taken":[{"damage":3,"enemies":"2 Louse","floor":1,"turns":4},{"damage":1,"enemies":"Small Slimes","floor":2,"turns":3},{"damage":0,"enemies":"Jaw Worm","floor":5,"turns":4},{"damage":30,"enemies":"3 Sentries","floor":7,"turns":11},{"damage":15,"enemies":"Exordium Thugs","floor":10,"turns":5},{"damage":6,"enemies":"Gremlin Nob","floor":12,"turns":3},{"damage":0,"enemies":"Exordium Wildlife","floor":13,"turns":3},{"damage":33,"enemies":"Hexaghost","floor":16,"turns":8},{"damage":10,"enemies":"Chosen","floor":18,"turns":4},{"damage":18,"enemies":"Spheric Guardian","floor":21,"turns":5},{"damage":0,"enemies":"Gremlin Leader","floor":24,"turns":6},{"damage":8,"enemies":"Snecko","floor":27,"turns":5},{"damage":10,"enemies":"Slavers","floor":28,"turns":4},{"damage":0,"enemies":"Centurion and Healer","floor":29,"turns":3},{"damage":11,"enemies":"Sentry and Sphere","floor":31,"turns":3},{"damage":43,"enemies":"Champ","floor":33,"turns":10}],"seed_played":"9887064034350781","potions_obtained":[{"floor":2,"key":"BlessingOfTheForge"},{"floor":5,"key":"FearPotion"},{"floor":13,"key":"AttackPotion"},{"floor":18,"key":"Explosive Potion"},{"floor":27,"key":"ColorlessPotion"},{"floor":31,"key":"GamblersBrew"}],"is_trial":false,"path_per_floor":["M","M","?","?","M","R","E","T","T","M","R","E","M","$","R","B",null,"M","?","?","M","?","R","E","R","T","M","E","M","$","M","R","B"],"character_chosen":"THE_SILENT","items_purchased":["Footwork","Orrery","ClockworkSouvenir"],"campfire_rested":3,"item_purchase_floors":[14,14,30],"current_hp_per_floor":[56,55,55,60,60,60,30,30,30,15,36,40,40,40,40,12,56,46,26,26,8,8,30,35,35,35,27,22,22,22,11,33,0,0],"gold":23,"neow_bonus":"RANDOM_COMMON_RELIC","is_daily":false,"chose_seed":false,"campfire_upgraded":3,"win_rate":0.0,"timestamp":1613519742,"path_taken":["M","M","?","?","?","R","E","?","T","M","R","E","M","?","R","BOSS","M","?","?","M","?","R","E","R","T","M","E","M","$","M","R","BOSS"],"items_purchased_type":["Card","Relic","Relic"],"build_version":"2020-12-22","purchased_purges":0,"victory":false,"max_hp_per_floor":[66,66,66,71,71,71,71,71,71,71,71,71,71,71,71,71,71,71,76,76,76,76,76,76,76,76,76,76,76,76,76,76,76,76],"relic_stats":{"counters":[16,81],"Snecko Eye":[80,97,70,78],"Prayer Wheel":2,"Pen Nib":[7],"Snake Skull":[25],"Art of War":[8],"Smiling Mask":0,"obtain_stats":[{"Pen Nib":22,"Snake Skull":26,"Smiling Mask":9,"ClockworkSouvenir":30,"Du-Vu Doll":12,"Anchor":8,"Orrery":14,"Snecko Eye":17,"Prayer Wheel":28,"Art of War":0,"Toxic Egg 2":24,"Toy Ornithopter":7,"Ring of the Snake":0},{"Pen Nib":10,"Snake Skull":11,"Smiling Mask":4,"ClockworkSouvenir":14,"Du-Vu Doll":6,"Anchor":4,"Orrery":7,"Snecko Eye":8,"Prayer Wheel":13,"Art of War":0,"Toxic Egg 2":11,"Toy Ornithopter":4,"Ring of the Snake":0},{"Pen Nib":50,"Snake Skull":56,"Smiling Mask":22,"ClockworkSouvenir":68,"Du-Vu Doll":30,"Anchor":22,"Orrery":33,"Snecko Eye":41,"Prayer Wheel":65,"Art of War":0,"Toxic Egg 2":56,"Toy Ornithopter":22,"Ring of the Snake":0}],"Toy Ornithopter":30,"Ring of the Snake":[32]},"card_choices":[{"not_picked":["Noxious Fumes","Flechettes"],"picked":"Flying Knee","floor":1},{"not_picked":["Calculated Gamble","Backflip"],"picked":"Dagger Spray","floor":2},{"not_picked":["Catalyst","Deflect"],"picked":"Flying Knee","floor":5},{"not_picked":["Flying Knee","Deflect"],"picked":"Caltrops","floor":7},{"not_picked":["Slice","Dodge and Roll"],"picked":"Backflip","floor":10},{"not_picked":["Slice","Heel Hook"],"picked":"Sucker Punch","floor":12},{"not_picked":["Tactician","Catalyst"],"picked":"Corpse Explosion","floor":13},{"not_picked":["Bane","Outmaneuver"],"picked":"Backstab","floor":14},{"not_picked":["Flying Knee","Footwork"],"picked":"Corpse Explosion","floor":14},{"not_picked":["Outmaneuver","Sucker Punch"],"picked":"Noxious Fumes","floor":14},{"not_picked":["Backstab","Deflect"],"picked":"Blur","floor":14},{"not_picked":["Grand Finale","Underhanded Strike"],"picked":"Bane","floor":14},{"not_picked":["Burst","Tools of the Trade"],"picked":"Bullet Time","floor":16},{"not_picked":["Distraction","Escape Plan"],"picked":"Underhanded Strike","floor":18},{"not_picked":["Endless Agony","Deflect"],"picked":"Skewer","floor":21},{"not_picked":["Prepared+1","Deflect+1","Underhanded Strike"],"picked":"SKIP","floor":24},{"not_picked":["Deflect+1","Underhanded Strike"],"picked":"Prepared+1","floor":24},{"not_picked":["Dagger Throw","Footwork"],"picked":"Acrobatics+1","floor":27},{"not_picked":["Accuracy+1","Quick Slash","Bane"],"picked":"SKIP","floor":28},{"not_picked":["Flechettes","Poisoned Stab"],"picked":"Malaise+1","floor":29},{"not_picked":["Flying Knee","Masterful Stab+1"],"picked":"Deadly Poison+1","floor":29},{"not_picked":["Underhanded Strike","Flying Knee"],"picked":"Backflip+1","floor":31},{"not_picked":["Dagger Spray","Skewer"],"picked":"Riddle With Holes","floor":31}],"player_experience":1052661,"relics_obtained":[{"floor":7,"key":"Toy Ornithopter"},{"floor":8,"key":"Anchor"},{"floor":9,"key":"Smiling Mask"},{"floor":12,"key":"Du-Vu Doll"},{"floor":24,"key":"Toxic Egg 2"},{"floor":26,"key":"Snake Skull"},{"floor":28,"key":"Prayer Wheel"}],"event_choices":[{"damage_healed":0,"gold_gain":0,"player_choice":"Leave","damage_taken":0,"max_hp_gain":0,"max_hp_loss":0,"event_name":"The Cleric","floor":3,"gold_loss":0},{"damage_healed":0,"gold_gain":0,"player_choice":"Donut","damage_taken":0,"max_hp_gain":5,"max_hp_loss":0,"event_name":"Big Fish","floor":4,"gold_loss":0},{"damage_healed":0,"gold_gain":0,"player_choice":"Shed Blood","damage_taken":25,"max_hp_gain":5,"max_hp_loss":0,"event_name":"Forgotten Altar","floor":19,"gold_loss":0},{"damage_healed":0,"gold_gain":0,"player_choice":"Ignored","damage_taken":0,"max_hp_gain":0,"max_hp_loss":0,"event_name":"The Mausoleum","floor":20,"gold_loss":0},{"damage_healed":0,"gold_gain":0,"player_choice":"Obtained Relic","damage_taken":0,"relics_obtained":["Pen Nib"],"max_hp_gain":0,"max_hp_loss":0,"event_name":"Addict","floor":22,"gold_loss":85}],"is_beta":false,"boss_relics":[{"not_picked":["Coffee Dripper","Cursed Key"],"picked":"Snecko Eye"}],"items_purged_floors":[],"is_endless":false,"potions_floor_spawned":[2,5,13,18,27,31],"killed_by":"Champ","ascension_level":19}}