{"host":"fyg75lclw0tbsq92","time":1613450540,"event":{"mods":["AchievementEnabler","Act Like it!","Aspiration","BaseMod","BetterRewards","Gensokyo","Minty Spire (QoL Compilation)","Reimu£®≤©¿ˆ¡È√Œ£©","Replay The Spire","StSLib","The Administrix","The Disciple"],"gold_per_floor":[113,128,33,33,33,33,63,28,28,40,40,52,52,62,62,138,138,152,166,76,93,43,43,57,92,115,170,1,1,36,54,54,131,131,150,6,96,96,162,162,296,221,221,117,178,178,292,392,392,552,552,552,26,142,287],"floor_reached":56,"language":"ZHS","playtime":5003,"items_purged":["Defend_Lin:ReiMu","Defend_Lin:ReiMu","Defend_Lin:ReiMu","Defend_Lin:ReiMu","Strike_Lin:ReiMu"],"score":3090,"play_id":"11d99e8c-7591-43de-ae22-fec9b2fba2d1","local_time":"20210216124219","is_ascension_mode":true,"campfire_choices":[{"data":"Secret Technique","floor":6.0,"key":"SMITH"},{"data":"LovePray:ReiMu","floor":6.0,"key":"SMITH"},{"floor":13.0,"key":"RECALL"},{"floor":15.0,"key":"DIG"},{"floor":23,"key":"REST"},{"floor":29,"key":"REST"},{"floor":32,"key":"DIG"},{"data":"Master of Strategy","floor":40,"key":"SMITH"},{"data":"DependentForm:ReiMu","floor":40,"key":"SMITH"},{"data":"Dreaming:ReiMu","floor":46,"key":"SMITH"},{"data":"ReplayUltimateDefense","floor":46,"key":"SMITH"},{"floor":49,"key":"DIG"},{"data":"LearningPray:ReiMu","floor":52,"key":"SMITH"},{"data":"PrayRite:ReiMu","floor":52,"key":"SMITH"}],"circlet_count":0,"master_deck":["AscendersBane","Strike_Lin:ReiMu","NB:ReiMu","Stagnation:ReiMu","Amulet:ReiMu","SpreadBorder2:ReiMu","SpreadBorder2:ReiMu+1","PassingAway:ReiMu","Gathering:ReiMu","YinYangSange:ReiMu","LearningPray:ReiMu+1","Secret Technique+1","Dreaming2:ReiMu","LovePray:ReiMu+1","Master of Strategy+1","Enchanting:ReiMu","Revelation:ReiMu","YinYangSange:ReiMu","InherentArray:ReiMu","WonderfulDomain:ReiMu","Dreaming:ReiMu+1","CareerPray:ReiMu","DependentForm:ReiMu+1","RainPray2:ReiMu","PassingAway:ReiMu","Revelation:ReiMu+1","SpringWay:ReiMu+1","Dreaming:ReiMu","PrayRite:ReiMu+1","AirManeuver:ReiMu+1","PrayRite:ReiMu","ReplayUltimateDefense+1","RainPray2:ReiMu","Chrysalis","Madness","SubcavityFantasy:ReiMu","CleanRite:ReiMu"],"relics":["FlyPower:ReiMu","Prayer Wheel","Membership Card","Mummified Hand","ReplayTheSpireMod:CursedCoin","Replay:Baseball","BargainBundle","Iron Hammer","Replay:Arrowhead","Replay:Wax Seal","aspiration:AnachronicSnailShell","Chameleon Ring","Meat on the Bone","Painkiller Herb","HornCleat","Potion Belt","Gremlin Horn","Juzu Bracelet","Replay:Rubber Ducky","Anchor","RedLine:ReiMu","Replay:Bandana","Gremlin Food","Pantograph","Ginger","InkBottle","CheatingSign:ReiMu","Strawberry","Pet Ghost"],"acts_visited":["Exordium","TheCity","TheBeyond","TheEnding"],"potions_floor_usage":[21,25,55,55,55,55],"damage_taken":[{"damage":0.0,"enemies":"2 Louse","floor":1.0,"turns":4.0},{"damage":0.0,"enemies":"Small Slimes","floor":2.0,"turns":4.0},{"damage":19.0,"enemies":"3 Sentries","floor":7.0,"turns":11.0},{"damage":0.0,"enemies":"Jaw Worm","floor":10.0,"turns":4.0},{"damage":5.0,"enemies":"Lots of Slimes","floor":12.0,"turns":7.0},{"damage":1.0,"enemies":"2 Fungi Beasts","floor":14.0,"turns":6.0},{"damage":0.0,"enemies":"Slime Boss","floor":16.0,"turns":12.0},{"damage":0.0,"enemies":"Spheric Guardian","floor":18.0,"turns":5.0},{"damage":10.0,"enemies":"Chosen","floor":19.0,"turns":7.0},{"damage":9.0,"enemies":"Centurion and Healer","floor":20.0,"turns":5.0},{"damage":15,"enemies":"Cultist and Chosen","floor":21,"turns":5},{"damage":6,"enemies":"Snake Plant","floor":24,"turns":4},{"damage":4,"enemies":"Book of Stabbing","floor":25,"turns":5},{"damage":13,"enemies":"Replay:Snechameleon","floor":30,"turns":6},{"damage":0,"enemies":"3 Cultists","floor":31,"turns":2},{"damage":0,"enemies":"Champ","floor":33,"turns":6},{"damage":0,"enemies":"Orb Walker","floor":35,"turns":3},{"damage":2,"enemies":"3 Darklings","floor":37,"turns":3},{"damage":0,"enemies":"4 Shapes","floor":39,"turns":3},{"damage":0,"enemies":"Nemesis","floor":41,"turns":5},{"damage":0,"enemies":"Writhing Mass","floor":45,"turns":4},{"damage":0,"enemies":"Jaw Worm Horde","floor":47,"turns":4},{"damage":0,"enemies":"Mind Bloom Boss Battle","floor":48,"turns":4},{"damage":0,"enemies":"Awakened One","floor":50,"turns":4},{"damage":0,"enemies":"Shield and Spear","floor":54,"turns":3},{"damage":32,"enemies":"The Heart","floor":55,"turns":5}],"seed_played":"-589559112102178704","potions_obtained":[{"floor":10.0,"key":"Explosive Potion"},{"floor":12.0,"key":"Flashbang"},{"floor":21,"key":"ColorlessPotion"},{"floor":25,"key":"HakureiPotion:ReiMu"},{"floor":30,"key":"Cursed Concoction"},{"floor":33,"key":"ColorlessPotion"},{"floor":35,"key":"Energy Potion"},{"floor":39,"key":"DistilledChaos"},{"floor":41,"key":"LiquidFlight:ReiMu"}],"is_trial":false,"path_per_floor":["M","M","$","?","?","R","E","?","T","M","T","M","R","M","R","B",null,"?","?","?","?","?","T","?","E","T","?","T","T","E","?","T","B",null,"?","T","?","?","?","T","E","T","T","T","?","T","?","?","T","B",null,"T","T","E","B",null],"character_chosen":"REIMU","items_purchased":["Prayer Wheel","Membership Card","Amulet:ReiMu","SpreadBorder2:ReiMu","Mummified Hand","SpreadBorder2:ReiMu+1","PassingAway:ReiMu","Gathering:ReiMu","YinYangSange:ReiMu","LearningPray:ReiMu","ReplayTheSpireMod:CursedCoin","Replay:Baseball","Secret Technique","Dreaming2:ReiMu","LovePray:ReiMu","Master of Strategy","BargainBundle","Strength Potion","HakureiPotion:ReiMu","Enchanting:ReiMu","Iron Hammer","Revelation:ReiMu","Replay:Arrowhead","Replay:Wax Seal","Dreaming:ReiMu","Juzu Bracelet","Replay:Bandana","ReplayUltimateDefense","CheatingSign:ReiMu","Chrysalis","Madness","Strawberry","PinkPotion:ReiMu","SubcavityFantasy:ReiMu"],"campfire_rested":2,"item_purchase_floors":[0,0,0,0,0,0,0,0,0,0,0,0,0,0,0,0,0,0,0,0,0,0,0,3,28,28,36,44,53,53,53,53,53,53],"current_hp_per_floor":[54,54,54,54,47,47,28,41,41,41,41,36,36,35,35,35,50,50,40,31,28,28,44,38,34,34,16,16,32,31,31,31,40,51,51,51,49,49,54,54,54,54,54,54,54,54,54,55,55,55,55,55,62,62,42],"gold":287,"neow_bonus":"","is_daily":false,"chose_seed":false,"campfire_upgraded":8,"win_rate":0.0,"timestamp":1613450539,"path_taken":["M","M","$","?","?","R","E","?","T","M","?","M","R","M","R","BOSS","?","?","?","?","?","T","?","E","T","?","T","T","E","?","T","BOSS","?","T","?","?","?","T","E","?","T","T","?","T","?","?","T","BOSS","T","T","E","BOSS"],"items_purchased_type":["Relic","Relic","Card","Card","Relic","Card","Card","Card","Card","Card","Relic","Relic","Card","Card","Card","Card","Relic","Potion","Potion","Card","Relic","Card","Relic","Relic","Card","Relic","Relic","Card","Relic","Card","Card","Relic","Potion","Card"],"build_version":"2020-12-22","purchased_purges":5,"victory":true,"max_hp_per_floor":[55,55,55,55,55,55,55,55,55,55,55,55,55,55,55,55,55,55,55,55,55,55,55,55,55,55,55,55,55,55,55,55,55,55,55,55,55,55,55,55,55,55,55,55,55,55,55,55,55,55,55,55,62,62,62],"card_choices":[{"not_picked":["SafetyPray:ReiMu","CareerPray:ReiMu","EmergencyTakeOff:ReiMu"],"picked":"SKIP","floor":1.0},{"not_picked":["AirManeuver:ReiMu","SubcavityInstant:ReiMu","Gathering:ReiMu"],"picked":"SKIP","floor":1.0},{"not_picked":["SubcavityInstant:ReiMu","Intuition:ReiMu"],"picked":"YinYangSange:ReiMu","floor":2.0},{"not_picked":["SpiritualOutbreak2:ReiMu","FantasyBorder:ReiMu","FineLineFantasy:ReiMu"],"picked":"SKIP","floor":2.0},{"not_picked":["MountainWay:ReiMu","Crusade:ReiMu"],"picked":"InherentArray:ReiMu","floor":7.0},{"not_picked":["YinYangSange:ReiMu","BarrageOfMoneybags:ReiMu"],"picked":"WonderfulDomain:ReiMu","floor":10.0},{"not_picked":["UniversalSpiritual:ReiMu","SealNeedle:ReiMu","Conquer:ReiMu"],"picked":"SKIP","floor":10.0},{"not_picked":["TightArray:ReiMu","FantasyBorder:ReiMu","OrbThrow:ReiMu"],"picked":"SKIP","floor":12.0},{"not_picked":["MountainWay:ReiMu","BarrageOfMoneybags:ReiMu","SubcavityInstant:ReiMu"],"picked":"SKIP","floor":12.0},{"not_picked":["SubAcupoint:ReiMu","BarrageOfMoneybags:ReiMu","RunawayExorcism:ReiMu"],"picked":"SKIP","floor":14.0},{"not_picked":["Meditation:ReiMu","SealNeedle:ReiMu","Conquer:ReiMu"],"picked":"SKIP","floor":14.0},{"not_picked":["HakureiPhantom:ReiMu","CardOfSanctity:ReiMu"],"picked":"Dreaming:ReiMu","floor":16.0},{"not_picked":["TakeOff:ReiMu","AlertArray:ReiMu"],"picked":"CareerPray:ReiMu","floor":18.0},{"not_picked":["InherentArray:ReiMu","SubcavityInstant:ReiMu","Amulet:ReiMu"],"picked":"SKIP","floor":18.0},{"not_picked":["UpKicking:ReiMu","SafetyPray:ReiMu"],"picked":"DependentForm:ReiMu","floor":19.0},{"not_picked":["SubcavityInstant:ReiMu+1","SubAcupoint:ReiMu","SpreadBorder2:ReiMu"],"picked":"SKIP","floor":19.0},{"not_picked":["LearningPray:ReiMu","WonderfulDomain:ReiMu","AirStrike:ReiMu"],"picked":"SKIP","floor":20.0},{"not_picked":["OrbThrow:ReiMu","CareerPray:ReiMu","BarrageOfMoneybags:ReiMu+1"],"picked":"SKIP","floor":20.0},{"not_picked":["KyokaiOfKami:ReiMu","AirStrike:ReiMu"],"picked":"RainPray2:ReiMu","floor":21},{"not_picked":["SubcavityInstant:ReiMu","AirStrike:ReiMu","AlertArray:ReiMu"],"picked":"SKIP","floor":21},{"not_picked":["Intuition:ReiMu","OctopathBindingBorder2:ReiMu"],"picked":"PassingAway:ReiMu","floor":24},{"not_picked":["EmergencyTakeOff:ReiMu","SpringWay:ReiMu"],"picked":"Revelation:ReiMu+1","floor":24},{"not_picked":["PhosphorusFlame:ReiMu","Amulet:ReiMu","SpreadBorder2:ReiMu"],"picked":"SKIP","floor":25},{"not_picked":["LovePray:ReiMu","EmergencyTakeOff:ReiMu"],"picked":"SpringWay:ReiMu+1","floor":27},{"not_picked":["Crusade:ReiMu","Amulet:ReiMu","Mountainwind:ReiMu+1"],"picked":"SKIP","floor":30},{"not_picked":["AlertArray:ReiMu+1","UniversalSpiritual:ReiMu","YinYang:ReiMu"],"picked":"SKIP","floor":31},{"not_picked":["SubAcupoint:ReiMu","CollectionFlower2:ReiMu","AirStrike:ReiMu"],"picked":"SKIP","floor":31},{"not_picked":["DependentForm:ReiMu","CleanRite:ReiMu"],"picked":"PrayRite:ReiMu","floor":33},{"not_picked":["ShadowOfCrow2:ReiMu","YinYangSange:ReiMu","PayForSelf:ReiMu"],"picked":"SKIP","floor":35},{"not_picked":["Meditation:ReiMu","SafetyPray:ReiMu","Enchanting:ReiMu"],"picked":"SKIP","floor":35},{"not_picked":["SubcavityInstant:ReiMu","AlertArray:ReiMu+1"],"picked":"AirManeuver:ReiMu+1","floor":37},{"not_picked":["SubcavityInstant:ReiMu","Intuition:ReiMu","Meditation:ReiMu"],"picked":"SKIP","floor":37},{"not_picked":["SubAcupoint:ReiMu","Meditation:ReiMu+1","ManaGlint:ReiMu+1"],"picked":"SKIP","floor":39},{"not_picked":["Intuition:ReiMu+1","Gathering:ReiMu+1","CollectionFlower2:ReiMu+1"],"picked":"SKIP","floor":39},{"not_picked":["ForcedLanding:ReiMu","SafetyPray:ReiMu"],"picked":"PrayRite:ReiMu","floor":41},{"not_picked":["SpreadBorder2:ReiMu","PhosphorusFlame:ReiMu"],"picked":"RainPray2:ReiMu","floor":45},{"not_picked":["DoubleButterfly:ReiMu","SubcavityInstant:ReiMu","AlertArray:ReiMu"],"picked":"SKIP","floor":45},{"not_picked":["DoubleButterfly:ReiMu","ManaGlint:ReiMu+1","Intuition:ReiMu"],"picked":"SKIP","floor":47},{"not_picked":["Meditation:ReiMu","FoulBorder2:ReiMu","FineLineFantasy:ReiMu"],"picked":"SKIP","floor":47},{"not_picked":["AlertArray:ReiMu","CardOfSanctity:ReiMu"],"picked":"CleanRite:ReiMu","floor":54}],"player_experience":298354,"relics_obtained":[{"floor":7.0,"key":"aspiration:AnachronicSnailShell"},{"floor":9.0,"key":"Chameleon Ring"},{"floor":15.0,"key":"Meat on the Bone"},{"floor":25,"key":"HornCleat"},{"floor":26,"key":"Potion Belt"},{"floor":27,"key":"Gremlin Horn"},{"floor":30,"key":"Replay:Rubber Ducky"},{"floor":32,"key":"Anchor"},{"floor":41,"key":"Gremlin Food"},{"floor":43,"key":"Pantograph"},{"floor":48,"key":"Ginger"},{"floor":49,"key":"InkBottle"},{"floor":54,"key":"Pet Ghost"}],"event_choices":[{"cards_removed":["Strike_Lin:ReiMu"],"damage_healed":0.0,"max_hp_gain":0.0,"max_hp_loss":0.0,"gold_gain":0.0,"event_name":"Golden Wing","player_choice":"Card Removal","floor":5.0,"gold_loss":0.0,"damage_taken":7.0},{"damage_healed":13.0,"max_hp_gain":0.0,"max_hp_loss":0.0,"gold_gain":0.0,"event_name":"The Cleric","player_choice":"Healed","floor":8.0,"gold_loss":35.0,"damage_taken":0.0},{"damage_healed":0,"gold_gain":0,"player_choice":"Bet on Murderer","damage_taken":0,"max_hp_gain":0,"max_hp_loss":0,"event_name":"The Joust","floor":22,"gold_loss":50},{"damage_healed":0,"gold_gain":0,"player_choice":"0 cards matched","damage_taken":0,"max_hp_gain":0,"max_hp_loss":0,"event_name":"Match and Keep!","floor":38,"gold_loss":0,"cards_obtained":[]},{"damage_healed":0,"gold_gain":0,"player_choice":"Fight","damage_taken":0,"max_hp_gain":0,"max_hp_loss":0,"event_name":"MindBloom","floor":48,"gold_loss":0}],"is_beta":false,"boss_relics":[{"not_picked":["Velvet Choker","aspiration:IroncladSkillbook"],"picked":"Painkiller Herb"},{"not_picked":["Black Star","Replay:Wanted Poster"],"picked":"RedLine:ReiMu"}],"items_purged_floors":[0,3,36,42,53],"is_endless":false,"potions_floor_spawned":[1,10,12,21,25,30,33,35,39,41],"ascension_level":18}}