{"host":"rz01j32460kf2mtw","time":1613508164,"event":{"mods":["BaseMod","Downfall","Minty Spire (QoL Compilation)","Quick Restart","StSLib"],"gold_per_floor":[117,117,6,0,0,0,32,32,79,79,99,115,115,132,132,230,280,296,309,309,327,343,377,377,403,475,25,25,25,25,37,37,140,140,157,157,168,168,185,185,185,203,203,203,203,203],"floor_reached":44,"language":"ENG","playtime":1865,"items_purged":["Guardian:Strike_Guardian"],"score":501,"play_id":"c7c92121-337c-4a35-b724-0a2c5a46e3ba","local_time":"20210216134244","is_ascension_mode":false,"campfire_choices":[{"data":"Guardian:PrismaticBeam","floor":6,"key":"SMITH"},{"floor":10,"key":"REST"},{"data":"Guardian:PrismaticBeam","floor":13,"key":"SMITH"},{"data":"Guardian:TwinSlam","floor":15,"key":"SMITH"},{"data":"Guardian:BaubleBeam","floor":24,"key":"SMITH"},{"data":"Guardian:WalkerClaw","floor":32,"key":"SMITH"},{"data":"Guardian:DecasProtection","floor":40,"key":"SMITH"}],"circlet_count":0,"master_deck":["Guardian:Strike_Guardian+1","Guardian:Strike_Guardian","Guardian:Strike_Guardian","Guardian:Defend_Guardian","Guardian:Defend_Guardian","Guardian:Defend_Guardian","Guardian:CurlUp","Guardian:TwinSlam+1","Guardian:PrismaticBeam+1","Guardian:PrismaticBeam+1","Guardian:Gem_Lightblue","Guardian:ArmoredProtocol","Guardian:BaubleBeam+1","Guardian:VentSteam","Guardian:Harden","Guardian:WalkerClaw+1","Guardian:Reroute+1","Guardian:PolyBeam","Mayhem","Guardian:ArmoredProtocol","Decay","Guardian:ExploitGems","Guardian:CrystalBeam+1","Mind Blast","Sadistic Nature","Madness","Madness","Guardian:DecasProtection+1","Parasite","Guardian:PiercingHide+1"],"relics":["Busted Crown","Guardian:PickAxe","Centennial Puzzle","Regal Pillow","Tiny House","Potion Belt","Bottled Lightning","Bottled Flame","The Courier","Guardian:StasisSlotReductionRelic","Pear"],"acts_visited":["Exordium","TheCity","TheBeyond"],"potions_floor_usage":[16,19,21,21,25,41,41],"damage_taken":[{"damage":2,"enemies":"Small Slimes","floor":1,"turns":5},{"damage":9,"enemies":"Small Slimes","floor":2,"turns":6},{"damage":16,"enemies":"Lagavulin","floor":7,"turns":5},{"damage":6,"enemies":"Jaw Worm","floor":11,"turns":2},{"damage":6,"enemies":"2 Louse","floor":12,"turns":2},{"damage":3,"enemies":"Gremlin Gang","floor":14,"turns":2},{"damage":9,"enemies":"Hexaghost","floor":16,"turns":9},{"damage":5,"enemies":"Spheric Guardian","floor":18,"turns":3},{"damage":5,"enemies":"3 Byrds","floor":19,"turns":4},{"damage":1,"enemies":"Cultist and Chosen","floor":21,"turns":5},{"damage":12,"enemies":"3 Cultists","floor":22,"turns":4},{"damage":22,"enemies":"Slavers","floor":23,"turns":7},{"damage":15,"enemies":"Gremlin Leader","floor":25,"turns":4},{"damage":23,"enemies":"Centurion and Healer","floor":31,"turns":5},{"damage":30,"enemies":"Champ","floor":33,"turns":8},{"damage":0,"enemies":"3 Shapes","floor":35,"turns":5},{"damage":10,"enemies":"Orb Walker","floor":37,"turns":3},{"damage":0,"enemies":"Spire Growth","floor":39,"turns":2},{"damage":21,"enemies":"Nemesis","floor":41,"turns":5},{"damage":23,"enemies":"Writhing Mass","floor":42,"turns":6},{"damage":29,"enemies":"3 Darklings","floor":44,"turns":3}],"seed_played":"6292410223739140139","potions_obtained":[{"floor":12,"key":"Guardian:DefensiveModePotion"},{"floor":16,"key":"Guardian:BlockOnCardUsePotion"},{"floor":17,"key":"sneckomod:MuddlingPotion"},{"floor":18,"key":"BlessingOfTheForge"},{"floor":23,"key":"Guardian:DefensiveModePotion"},{"floor":31,"key":"SmokeBomb"},{"floor":33,"key":"SteroidPotion"},{"floor":39,"key":"AttackPotion"},{"floor":42,"key":"Energy Potion"}],"is_trial":false,"path_per_floor":["M","?","$","?","$","R","E","?","T","R","M","M","R","M","R","B",null,"M","M","?","M","M","E","R","E","T","$","?","?","$","M","R","B",null,"M","?","M","?","M","R","E","M","T","M"],"character_chosen":"GUARDIAN","items_purchased":["Guardian:PrismaticBeam","FairyPotion","Guardian:PolyBeam","Mayhem","Guardian:ArmoredProtocol"],"campfire_rested":1,"item_purchase_floors":[3,27,27,27,27],"current_hp_per_floor":[78,51,51,51,51,51,35,35,35,74,68,62,62,59,59,50,85,80,75,75,74,62,40,40,25,25,25,25,25,25,2,2,11,85,85,80,70,59,59,59,38,15,25,0,0,0],"gold":203,"neow_bonus":"BOSS_RELIC","is_daily":false,"chose_seed":false,"campfire_upgraded":6,"win_rate":0.0,"timestamp":1613508164,"path_taken":["M","?","$","?","$","R","E","?","T","R","?","M","R","M","R","BOSS","M","M","?","M","?","E","R","E","T","$","?","?","?","M","R","BOSS","M","?","M","?","?","R","E","M","T","M"],"items_purchased_type":["Card","Potion","Card","Card","Card"],"build_version":"2020-12-22","purchased_purges":1,"victory":false,"max_hp_per_floor":[80,80,80,80,80,80,80,80,80,80,80,80,80,80,80,80,85,85,85,85,85,85,85,85,85,85,85,85,85,85,85,85,85,85,85,85,85,85,85,85,85,85,95,95,95,95],"card_choices":[{"not_picked":[],"picked":"Guardian:Gem_Red","floor":1},{"not_picked":[],"picked":"Guardian:PrismaticBeam","floor":7},{"not_picked":[],"picked":"Guardian:ArmoredProtocol","floor":11},{"not_picked":["Guardian:Gem_Lightblue"],"picked":"SKIP","floor":12},{"not_picked":[],"picked":"Guardian:Gem_Red","floor":14},{"not_picked":[],"picked":"Guardian:BaubleBeam","floor":16},{"not_picked":[],"picked":"Guardian:VentSteam","floor":17},{"not_picked":[],"picked":"Guardian:Harden","floor":18},{"not_picked":["Guardian:Gem_Yellow"],"picked":"SKIP","floor":19},{"not_picked":[],"picked":"Guardian:WalkerClaw","floor":21},{"not_picked":["Guardian:ShieldCharger"],"picked":"SKIP","floor":22},{"not_picked":[],"picked":"Guardian:Gem_Synthetic","floor":23},{"not_picked":[],"picked":"Guardian:Reroute+1","floor":25},{"not_picked":["Guardian:Gem_Green"],"picked":"SKIP","floor":31},{"not_picked":[],"picked":"Guardian:ExploitGems","floor":33},{"not_picked":[],"picked":"Guardian:CrystalBeam+1","floor":35},{"not_picked":[],"picked":"Mind Blast","floor":36},{"not_picked":[],"picked":"Sadistic Nature","floor":36},{"not_picked":["Guardian:ShieldCharger"],"picked":"SKIP","floor":37},{"not_picked":[],"picked":"Guardian:DecasProtection","floor":39},{"not_picked":[],"picked":"Guardian:PiercingHide+1","floor":42}],"player_experience":898692,"relics_obtained":[{"floor":7,"key":"Centennial Puzzle"},{"floor":9,"key":"Regal Pillow"},{"floor":23,"key":"Potion Belt"},{"floor":25,"key":"Bottled Lightning"},{"floor":26,"key":"Bottled Flame"},{"floor":43,"key":"Pear"}],"event_choices":[{"damage_healed":0,"gold_gain":0,"player_choice":"Left Gold","damage_taken":0,"max_hp_gain":0,"max_hp_loss":0,"event_name":"World of Goop","floor":4,"gold_loss":6},{"cards_removed":["Guardian:Defend_Guardian"],"damage_healed":0,"gold_gain":0,"player_choice":"Offered Basic","damage_taken":0,"max_hp_gain":0,"max_hp_loss":0,"event_name":"Bonfire Elementals","floor":20,"gold_loss":0},{"damage_healed":0,"gold_gain":0,"player_choice":"Smashed Altar","damage_taken":0,"max_hp_gain":0,"max_hp_loss":0,"event_name":"Forgotten Altar","floor":28,"gold_loss":0,"cards_obtained":["Decay"]},{"damage_healed":0,"gold_gain":0,"player_choice":"Opened","damage_taken":0,"relics_obtained":["The Courier"],"max_hp_gain":0,"max_hp_loss":0,"event_name":"The Mausoleum","floor":29,"gold_loss":0},{"damage_healed":0,"gold_gain":0,"player_choice":"Memory 2","damage_taken":5,"max_hp_gain":0,"max_hp_loss":0,"event_name":"SensoryStone","floor":36,"gold_loss":0},{"damage_healed":0,"gold_gain":0,"player_choice":"Embrace Madness","damage_taken":11,"max_hp_gain":0,"max_hp_loss":0,"event_name":"Winding Halls","floor":38,"gold_loss":0,"cards_obtained":["Madness","Madness"]}],"is_beta":false,"boss_relics":[{"not_picked":["Runic Dome","Pandora\u0027s Box"],"picked":"Tiny House"},{"not_picked":["SacredBark","Fusion Hammer"],"picked":"Guardian:StasisSlotReductionRelic"}],"items_purged_floors":[3],"is_endless":false,"potions_floor_spawned":[12,16,18,23,31,33,39,41,42],"killed_by":"3 Darklings","ascension_level":0}}