{"host":"kh6fvhxn285ncg0o","time":1613434230,"event":{"mods":["Act Like it!","BaseMod","Colored Map","Friendly Minions","Keyboard Shortcuts","Minty Spire (QoL Compilation)","Quick Restart","Relic Stats","StSLib","SuperFastMode","UnlockEverythingMod"],"gold_per_floor":[113,28,28,28,28,61,61,104,104,104,120,195,195,215,215,311,311,329,343,366,384,434,434,475,81,161,174,192,233,257,300,300,389,389,404,460,480,503,524,524,568,568,591,591,622,637,668,668,668,668,668,668,668,54,85,85],"floor_reached":57,"language":"KOR","playtime":2503,"items_purged":["Strike_R","Immolate+1"],"score":3085,"play_id":"598f2be1-d21a-4b87-8498-5e7e80ba54d1","local_time":"20210216091030","is_ascension_mode":true,"campfire_choices":[{"data":"Fire Breathing","floor":7.0,"key":"SMITH"},{"data":"Uppercut","floor":10.0,"key":"SMITH"},{"data":"Battle Trance","floor":13.0,"key":"SMITH"},{"data":"Rage","floor":15.0,"key":"SMITH"},{"data":"Immolate","floor":23.0,"key":"SMITH"},{"data":"Entrench","floor":32.0,"key":"SMITH"},{"data":"Body Slam","floor":40.0,"key":"SMITH"},{"data":"Dark Embrace","floor":42.0,"key":"SMITH"},{"floor":44.0,"key":"REST"},{"floor":49.0,"key":"RECALL"},{"data":"Power Through","floor":53,"key":"SMITH"}],"circlet_count":0,"master_deck":["AscendersBane","Strike_R","Strike_R+1","Strike_R","Defend_R","Defend_R+1","Defend_R","Defend_R","Bash","Battle Trance+1","Fire Breathing+1","Entrench+1","Uppercut+1","Rage+1","True Grit+1","Shrug It Off+1","Shockwave","Fiend Fire","Flex+1","Dropkick","Berserk","Battle Trance","Dark Embrace+1","Second Wind+1","Body Slam+1","Power Through+1","Flash of Steel","Purity","Finesse","Impervious","Violence"],"relics":["Burning Blood","NeowsBlessing","Golden Idol","Lantern","Blood Vial","White Beast Statue","SacredBark","Art of War","Pen Nib","OrangePellets","Meat on the Bone","Ginger","Omamori","Black Star","Pocketwatch","MealTicket","Oddly Smooth Stone","Lizard Tail","Thread and Needle","Akabeko","Frozen Eye","Orichalcum","HornCleat"],"acts_visited":["Exordium","TheCity","TheBeyond","TheEnding"],"potions_floor_usage":[51,55,56,56],"damage_taken":[{"damage":0.0,"enemies":"Jaw Worm","floor":1.0,"turns":1.0},{"damage":0.0,"enemies":"Gremlin Nob","floor":6.0,"turns":1.0},{"damage":0.0,"enemies":"3 Sentries","floor":8.0,"turns":2.0},{"damage":0.0,"enemies":"Small Slimes","floor":11.0,"turns":3.0},{"damage":0.0,"enemies":"2 Louse","floor":14.0,"turns":2.0},{"damage":0.0,"enemies":"Slime Boss","floor":16.0,"turns":5.0},{"damage":16.0,"enemies":"Shell Parasite","floor":18.0,"turns":4.0},{"damage":9.0,"enemies":"Chosen","floor":19.0,"turns":3.0},{"damage":7.0,"enemies":"Centurion and Healer","floor":20.0,"turns":9.0},{"damage":21.0,"enemies":"Snake Plant","floor":21.0,"turns":4.0},{"damage":6.0,"enemies":"Gremlin Leader","floor":24.0,"turns":5.0},{"damage":3.0,"enemies":"Shelled Parasite and Fungi","floor":27.0,"turns":3.0},{"damage":12.0,"enemies":"Cultist and Chosen","floor":28.0,"turns":4.0},{"damage":11.0,"enemies":"Slavers","floor":29.0,"turns":3.0},{"damage":13.0,"enemies":"3 Cultists","floor":30.0,"turns":4.0},{"damage":0.0,"enemies":"Book of Stabbing","floor":31.0,"turns":2.0},{"damage":28.0,"enemies":"Automaton","floor":33.0,"turns":10.0},{"damage":16.0,"enemies":"3 Darklings","floor":35.0,"turns":4.0},{"damage":22.0,"enemies":"2 Orb Walkers","floor":36.0,"turns":2.0},{"damage":19.0,"enemies":"Orb Walker","floor":37.0,"turns":4.0},{"damage":3.0,"enemies":"4 Shapes","floor":38.0,"turns":4.0},{"damage":7.0,"enemies":"3 Darklings","floor":39.0,"turns":5.0},{"damage":41.0,"enemies":"Reptomancer","floor":41.0,"turns":5.0},{"damage":0.0,"enemies":"Mind Bloom Boss Battle","floor":45.0,"turns":6.0},{"damage":0.0,"enemies":"Maw","floor":46.0,"turns":6.0},{"damage":0.0,"enemies":"Giant Head","floor":47.0,"turns":7.0},{"damage":20.0,"enemies":"Donu and Deca","floor":50.0,"turns":7.0},{"damage":37,"enemies":"Awakened One","floor":51,"turns":9},{"damage":8,"enemies":"Shield and Spear","floor":55,"turns":3},{"damage":63,"enemies":"The Heart","floor":56,"turns":10}],"seed_played":"536079718348907201","potions_obtained":[{"floor":6.0,"key":"SneckoOil"},{"floor":11.0,"key":"SmokeBomb"},{"floor":14.0,"key":"Explosive Potion"},{"floor":16.0,"key":"ElixirPotion"},{"floor":18.0,"key":"SkillPotion"},{"floor":19.0,"key":"ElixirPotion"},{"floor":20.0,"key":"SkillPotion"},{"floor":21.0,"key":"Block Potion"},{"floor":24.0,"key":"GamblersBrew"},{"floor":27.0,"key":"ElixirPotion"},{"floor":28.0,"key":"HeartOfIron"},{"floor":29.0,"key":"FearPotion"},{"floor":30.0,"key":"Swift Potion"},{"floor":31.0,"key":"Explosive Potion"},{"floor":33.0,"key":"HeartOfIron"},{"floor":35.0,"key":"ColorlessPotion"},{"floor":36.0,"key":"PowerPotion"},{"floor":37.0,"key":"PowerPotion"},{"floor":39.0,"key":"FearPotion"},{"floor":41.0,"key":"DuplicationPotion"},{"floor":55,"key":"FearPotion"}],"is_trial":false,"path_per_floor":["M","$","?","?","?","E","R","E","T","R","M","?","R","M","R","B",null,"M","M","M","M","?","R","E","$","T","M","M","E","M","E","R","B",null,"M","?","M","M","M","R","E","R","T","R","?","M","E","?","R","B","B",null,"R","$","E","B",null],"character_chosen":"IRONCLAD","items_purchased":["Fire Breathing","Pen Nib","OrangePellets","Frozen Eye","Swift Potion","Impervious","Violence"],"campfire_rested":1,"item_purchase_floors":[2,25,25,54,54,54,54],"current_hp_per_floor":[74,74,48,41,18,24,24,30,30,30,38,27,27,35,35,43,67,59,58,59,46,46,46,48,48,48,53,49,46,53,61,61,53,70,62,48,49,54,55,55,34,34,34,56,64,72,75,65,65,53,36,65,65,75,73,30],"gold":85,"neow_bonus":"THREE_ENEMY_KILL","is_daily":false,"chose_seed":false,"campfire_upgraded":9,"win_rate":0.0,"timestamp":1613434230,"path_taken":["M","$","?","?","?","E","R","E","T","R","?","?","R","M","R","BOSS","M","M","M","M","?","R","E","?","T","?","M","E","?","E","R","BOSS","M","?","M","M","M","R","E","R","T","R","?","M","E","?","R","BOSS","BOSS","R","$","E","BOSS"],"items_purchased_type":["Card","Relic","Relic","Relic","Potion","Card","Card"],"build_version":"2020-12-22","purchased_purges":2,"victory":true,"max_hp_per_floor":[75,75,75,75,75,75,75,75,75,75,75,75,75,75,75,75,75,75,75,75,75,75,75,75,75,75,75,75,75,75,75,75,75,75,75,75,75,75,75,75,75,75,75,75,75,75,75,75,75,75,75,75,75,75,75,75],"relic_stats":{"counters":[30,137],"Golden Idol":226,"Pen Nib":[15],"Ginger":[9],"Orichalcum":[6],"Burning Blood":175,"Blood Vial":52,"OrangePellets":[26],"Lizard Tail":0,"MealTicket":10,"Art of War":[24],"Black Star":3,"obtain_stats":[{"Lantern":6,"NeowsBlessing":0,"Golden Idol":3,"SacredBark":17,"Oddly Smooth Stone":41,"Thread and Needle":47,"Pen Nib":25,"Omamori":31,"Ginger":29,"Orichalcum":55,"Burning Blood":0,"White Beast Statue":9,"Akabeko":47,"Blood Vial":8,"OrangePellets":25,"Frozen Eye":54,"Lizard Tail":45,"HornCleat":55,"MealTicket":41,"Art of War":24,"Black Star":34,"Meat on the Bone":26,"Pocketwatch":36},{"Lantern":2,"NeowsBlessing":0,"Golden Idol":1,"SacredBark":6,"Oddly Smooth Stone":23,"Thread and Needle":26,"Pen Nib":11,"Omamori":16,"Ginger":14,"Orichalcum":29,"Burning Blood":0,"White Beast Statue":3,"Akabeko":26,"Blood Vial":3,"OrangePellets":11,"Frozen Eye":28,"Lizard Tail":24,"HornCleat":29,"MealTicket":23,"Art of War":11,"Black Star":17,"Meat on the Bone":11,"Pocketwatch":19},{"Lantern":2,"NeowsBlessing":0,"Golden Idol":1,"SacredBark":14,"Oddly Smooth Stone":89,"Thread and Needle":108,"Pen Nib":39,"Omamori":55,"Ginger":49,"Orichalcum":127,"Burning Blood":0,"White Beast Statue":4,"Akabeko":108,"Blood Vial":4,"OrangePellets":39,"Frozen Eye":124,"Lizard Tail":95,"HornCleat":127,"MealTicket":89,"Art of War":39,"Black Star":65,"Meat on the Bone":39,"Pocketwatch":71}],"Meat on the Bone":72,"Pocketwatch":[63]},"card_choices":[{"not_picked":["Cleave","Heavy Blade"],"picked":"Battle Trance","floor":1.0},{"not_picked":["Pummel","Havoc"],"picked":"Entrench","floor":6.0},{"not_picked":["Sword Boomerang","Warcry"],"picked":"Uppercut","floor":8.0},{"not_picked":["Inflame","Fire Breathing"],"picked":"Rage","floor":11.0},{"not_picked":["Armaments","Thunderclap","Searing Blow"],"picked":"SKIP","floor":14.0},{"not_picked":["Barricade","Reaper"],"picked":"Immolate","floor":16.0},{"not_picked":["Pommel Strike","Infernal Blade+1"],"picked":"True Grit+1","floor":18.0},{"not_picked":["Wild Strike","Heavy Blade+1"],"picked":"Shrug It Off+1","floor":19.0},{"not_picked":["Brutality","Inflame","Rupture"],"picked":"SKIP","floor":20.0},{"not_picked":["Wild Strike","Clash"],"picked":"Shockwave","floor":21.0},{"not_picked":["Armaments","Sentinel","Cleave"],"picked":"SKIP","floor":24.0},{"not_picked":["Iron Wave","Twin Strike"],"picked":"Fiend Fire","floor":27.0},{"not_picked":["Armaments","Headbutt"],"picked":"Flex+1","floor":28.0},{"not_picked":["Havoc","Pommel Strike"],"picked":"Dropkick","floor":29.0},{"not_picked":["Wild Strike","Headbutt+1","Shrug It Off"],"picked":"SKIP","floor":30.0},{"not_picked":["Battle Trance","Thunderclap","Ghostly Armor"],"picked":"SKIP","floor":31.0},{"not_picked":["Corruption","Exhume"],"picked":"Berserk","floor":33.0},{"not_picked":["Headbutt+1","Rampage"],"picked":"Battle Trance","floor":35.0},{"not_picked":["Iron Wave","Shockwave"],"picked":"Dark Embrace","floor":36.0},{"not_picked":["Pommel Strike","Wild Strike"],"picked":"Second Wind+1","floor":37.0},{"not_picked":["Clash","Sentinel"],"picked":"Body Slam","floor":38.0},{"not_picked":["Body Slam","Uppercut","Metallicize"],"picked":"SKIP","floor":39.0},{"not_picked":["Dark Embrace","Heavy Blade","Headbutt"],"picked":"SKIP","floor":41.0},{"not_picked":["Shockwave+1","Iron Wave"],"picked":"Power Through","floor":45.0},{"not_picked":["Sever Soul","Battle Trance","Juggernaut"],"picked":"SKIP","floor":46.0},{"not_picked":["Pommel Strike","Perfected Strike","Entrench"],"picked":"SKIP","floor":47.0},{"not_picked":["Enlightenment","Good Instincts"],"picked":"Flash of Steel","floor":48.0},{"not_picked":["Violence","Metamorphosis"],"picked":"Purity","floor":48.0},{"not_picked":["Trip","Enlightenment"],"picked":"Finesse","floor":48.0},{"not_picked":["Cleave","True Grit","Heavy Blade"],"picked":"SKIP","floor":55}],"player_experience":1423403,"relics_obtained":[{"floor":6.0,"key":"Lantern"},{"floor":8.0,"key":"Blood Vial"},{"floor":9.0,"key":"White Beast Statue"},{"floor":24.0,"key":"Art of War"},{"floor":26.0,"key":"Meat on the Bone"},{"floor":29.0,"key":"Ginger"},{"floor":31.0,"key":"Omamori"},{"floor":36.0,"key":"Pocketwatch"},{"floor":41.0,"key":"MealTicket"},{"floor":41.0,"key":"Oddly Smooth Stone"},{"floor":45.0,"key":"Lizard Tail"},{"floor":47.0,"key":"Thread and Needle"},{"floor":47.0,"key":"Akabeko"},{"floor":55,"key":"Orichalcum"},{"floor":55,"key":"HornCleat"}],"event_choices":[{"damage_healed":0.0,"max_hp_gain":0.0,"max_hp_loss":0.0,"gold_gain":0.0,"event_name":"Golden Idol","player_choice":"Take Damage","floor":3.0,"gold_loss":0.0,"damage_taken":26.0,"relics_obtained":["Golden Idol"]},{"cards_removed":["Strike_R"],"damage_healed":0.0,"max_hp_gain":0.0,"max_hp_loss":0.0,"gold_gain":0.0,"event_name":"Golden Wing","player_choice":"Card Removal","floor":4.0,"gold_loss":0.0,"damage_taken":7.0},{"damage_healed":0.0,"max_hp_gain":0.0,"max_hp_loss":0.0,"gold_gain":0.0,"event_name":"Shining Light","player_choice":"Entered Light","floor":5.0,"gold_loss":0.0,"damage_taken":23.0,"cards_upgraded":["Defend_R","Strike_R"]},{"damage_healed":0.0,"max_hp_gain":0.0,"max_hp_loss":0.0,"gold_gain":75.0,"event_name":"World of Goop","player_choice":"Gather Gold","floor":12.0,"gold_loss":0.0,"damage_taken":11.0},{"damage_healed":0.0,"max_hp_gain":0.0,"max_hp_loss":0.0,"gold_gain":50.0,"event_name":"Nest","player_choice":"Stole From Cult","floor":22.0,"gold_loss":0.0,"damage_taken":0.0},{"damage_healed":0.0,"max_hp_gain":0.0,"max_hp_loss":0.0,"gold_gain":0.0,"event_name":"Mysterious Sphere","player_choice":"Fight","floor":36.0,"gold_loss":0.0,"damage_taken":0.0},{"damage_healed":0.0,"max_hp_gain":0.0,"max_hp_loss":0.0,"gold_gain":0.0,"event_name":"MindBloom","player_choice":"Fight","floor":45.0,"gold_loss":0.0,"damage_taken":0.0},{"damage_healed":0.0,"max_hp_gain":0.0,"max_hp_loss":0.0,"gold_gain":0.0,"event_name":"SensoryStone","player_choice":"Memory 3","floor":48.0,"gold_loss":0.0,"damage_taken":10.0}],"is_beta":false,"boss_relics":[{"not_picked":["Astrolabe","Runic Cube"],"picked":"SacredBark"},{"not_picked":["Velvet Choker","Snecko Eye"],"picked":"Black Star"}],"items_purged_floors":[25,54],"is_endless":false,"potions_floor_spawned":[6,11,14,16,18,19,20,21,24,27,28,29,30,31,33,35,36,37,38,39,41,45,46,47,55],"ascension_level":20}}