{"host":"Ringo","time":1613470048,"event":{"mods":["BaseMod","Colored Map","Conspire","Dota2Spire","Hubris","Minty Spire (QoL Compilation)","Replay The Spire","StSLib","The Construct","[IsaacMod]ÒÔÈö¼âËþ","¡¾ÒÅÎï¿¨ÅÆ¡¿REMEMod"],"gold_per_floor":[117,129,29,29,50,50,50],"floor_reached":6,"language":"ZHS","playtime":192,"items_purged":[],"score":72,"play_id":"80d25800-7a0f-49fd-a3a1-c8ed264c2552","local_time":"20210216180728","daily_mods":["SealedDeck","Vintage","Red Cards","Purple Cards","Colorless Cards","Heirloom","Time Dilation","Flight","DeadlyEvents","Elite Swarm","Lethality","Binary"],"is_ascension_mode":true,"campfire_choices":[],"circlet_count":0,"master_deck":["AscendersBane","Bomb","Protect","hubris:ReadiedAction","Iron Wave","Seeing Red","Sword Boomerang","Anger","Shrug It Off","Wallop","Twin Strike","Buffer","Ghostly","REME_PuzzleBox+1","hubris:Greed","hubris:Greed"],"relics":["Burning Blood","Busted Crown","HushsDoor","REME_ComplimentaryCards","replay:Trail_Library","PokeGo","BookofShadows","Replay:Accelerometer","hubris:SphereOfDissonance","hubris:OldNail"],"acts_visited":["Exordium"],"potions_floor_usage":[],"damage_taken":[{"damage":0.0,"enemies":"Small Slimes","floor":1.0,"turns":2.0},{"damage":0.0,"enemies":"Jaw Worm","floor":2.0,"turns":2.0},{"damage":0.0,"enemies":"2 Louse","floor":5.0,"turns":3.0},{"damage":0,"enemies":"3 Sentries","floor":6,"turns":2}],"seed_played":"9008666463654050246","potions_obtained":[],"is_trial":true,"path_per_floor":["M","M","?","?","M","E"],"character_chosen":"IRONCLAD","items_purchased":[],"campfire_rested":0,"item_purchase_floors":[],"current_hp_per_floor":[75,77,77,77,77,77,77],"gold":50,"neow_bonus":"","is_daily":false,"chose_seed":false,"campfire_upgraded":0,"win_rate":0.0,"timestamp":1613470048,"path_taken":["M","M","?","?","?","E"],"items_purchased_type":[],"build_version":"2020-12-18","purchased_purges":0,"victory":false,"max_hp_per_floor":[76,77,77,77,77,77,77],"card_choices":[{"not_picked":[],"picked":"Bomb","floor":0.0}],"player_experience":701083,"relics_obtained":[{"floor":1.0,"key":"Replay:Accelerometer"},{"floor":2.0,"key":"hubris:SphereOfDissonance"},{"floor":5,"key":"hubris:OldNail"}],"event_choices":[{"damage_healed":0.0,"max_hp_gain":0.0,"max_hp_loss":0.0,"gold_gain":0.0,"event_name":"conspire:LoneGhost","player_choice":"Argue","floor":3.0,"gold_loss":0.0,"damage_taken":0.0}],"is_beta":true,"boss_relics":[],"items_purged_floors":[],"is_endless":false,"potions_floor_spawned":[],"killed_by":"3 Sentries","ascension_level":20}}