{"host":"pjs3onqg3oojtp5b","time":1613485558,"event":{"mods":["2.2 Compatiblity","AchievementEnabler","Act Like it!","BaseMod","Better Match","Better Third Choice","Colored Powertips","DeckTracker","Highlight Path","Minty Spire (QoL Compilation)","StSLib"],"gold_per_floor":[119,129,144,164,164,199,209,209,209,11,11,27,53,66,66,167,167,185,203,27,46,46,79,79,107,107,135,135,149,149,161,161,257,257,271,271,290,290,304,304,338,338,365,365,392,406,406,434,434,434],"floor_reached":51,"language":"ENG","playtime":2780,"items_purged":[],"score":1285,"play_id":"bc2775c5-7095-42b4-a57b-56cb10afab4f","local_time":"20210216152558","is_ascension_mode":true,"campfire_choices":[{"data":"Thunderclap","floor":8.0,"key":"SMITH"},{"data":"Sword Boomerang","floor":11.0,"key":"SMITH"},{"data":"Metallicize","floor":15.0,"key":"SMITH"},{"data":"Offering","floor":24.0,"key":"SMITH"},{"data":"Corruption","floor":28.0,"key":"SMITH"},{"data":"Intimidate","floor":32.0,"key":"SMITH"},{"data":"Offering","floor":40.0,"key":"SMITH"},{"data":"Bloodletting","floor":42,"key":"SMITH"},{"data":"Spot Weakness","floor":44,"key":"SMITH"},{"floor":49,"key":"REST"}],"circlet_count":0,"master_deck":["Bash+1","Thunderclap+1","Intimidate+1","Intimidate","Sword Boomerang+1","Metallicize+1","Twin Strike","Corruption+1","Armaments","Impervious","Clash","Limit Break","Second Wind","Bloodletting+1","Reaper+1","Spot Weakness","Feel No Pain+1","Battle Trance","Panache","Infernal Blade","Shame","Offering+1","Evolve","Offering+1","Intimidate+1","Shockwave","Spot Weakness+1","Finesse","Disarm"],"relics":["Burning Blood","Bottled Flame","Self Forming Clay","Brimstone","Question Card","Pandora\u0027s Box","Singing Bowl","Regal Pillow","Champion Belt","Dead Branch","Vajra","Black Star","Incense Burner","Lantern","Whetstone","Boot","Kunai","Juzu Bracelet","Prayer Wheel"],"acts_visited":["Exordium","TheCity","TheBeyond"],"potions_floor_usage":[45,50],"damage_taken":[{"damage":1.0,"enemies":"Cultist","floor":1.0,"turns":3.0},{"damage":0.0,"enemies":"2 Louse","floor":2.0,"turns":3.0},{"damage":0.0,"enemies":"Small Slimes","floor":3.0,"turns":3.0},{"damage":8.0,"enemies":"Exordium Thugs","floor":4.0,"turns":4.0},{"damage":49.0,"enemies":"Lagavulin","floor":6.0,"turns":9.0},{"damage":4.0,"enemies":"3 Louse","floor":7.0,"turns":4.0},{"damage":4.0,"enemies":"Exordium Wildlife","floor":12.0,"turns":3.0},{"damage":10.0,"enemies":"Gremlin Nob","floor":13.0,"turns":3.0},{"damage":8.0,"enemies":"Gremlin Gang","floor":14.0,"turns":3.0},{"damage":34.0,"enemies":"Hexaghost","floor":16.0,"turns":6.0},{"damage":3.0,"enemies":"Spheric Guardian","floor":18.0,"turns":3.0},{"damage":31.0,"enemies":"Shell Parasite","floor":19.0,"turns":5.0},{"damage":16.0,"enemies":"Centurion and Healer","floor":21.0,"turns":4.0},{"damage":16.0,"enemies":"Gremlin Leader","floor":23.0,"turns":5.0},{"damage":23.0,"enemies":"Slavers","floor":25.0,"turns":5.0},{"damage":11.0,"enemies":"Book of Stabbing","floor":27.0,"turns":3.0},{"damage":3.0,"enemies":"Snake Plant","floor":29.0,"turns":2.0},{"damage":18.0,"enemies":"Shelled Parasite and Fungi","floor":31.0,"turns":2.0},{"damage":9.0,"enemies":"Collector","floor":33.0,"turns":2.0},{"damage":6.0,"enemies":"3 Shapes","floor":35.0,"turns":2.0},{"damage":32.0,"enemies":"3 Darklings","floor":37.0,"turns":3.0},{"damage":30.0,"enemies":"Transient","floor":39.0,"turns":5.0},{"damage":18.0,"enemies":"Giant Head","floor":41.0,"turns":2.0},{"damage":12,"enemies":"Reptomancer","floor":45,"turns":2},{"damage":12,"enemies":"Jaw Worm Horde","floor":46,"turns":2},{"damage":31,"enemies":"Nemesis","floor":48,"turns":3},{"damage":84,"enemies":"Awakened One","floor":50,"turns":5}],"seed_played":"1321135841931981805","potions_obtained":[{"floor":1.0,"key":"SteroidPotion"},{"floor":7.0,"key":"PowerPotion"},{"floor":13.0,"key":"Fire Potion"},{"floor":16.0,"key":"Fruit Juice"},{"floor":21.0,"key":"Fire Potion"},{"floor":25.0,"key":"ElixirPotion"},{"floor":27.0,"key":"Energy Potion"},{"floor":33.0,"key":"BlessingOfTheForge"},{"floor":37.0,"key":"SkillPotion"},{"floor":39.0,"key":"PowerPotion"},{"floor":41,"key":"DistilledChaos"},{"floor":48,"key":"Strength Potion"}],"is_trial":false,"path_per_floor":["M","M","M","M","?","E","M","R","T","$","R","M","E","M","R","B",null,"M","M","$","M","?","E","R","E","T","E","R","M","?","M","R","B",null,"M","?","M","?","M","R","E","R","T","R","E","M","?","E","R","B",null],"character_chosen":"IRONCLAD","items_purchased":["Brimstone","Sword Boomerang","Panache"],"campfire_rested":1,"item_purchase_floors":[10,10,20],"current_hp_per_floor":[85,88,88,86,86,43,45,45,45,45,45,47,43,41,41,18,74,77,56,56,68,68,93,93,78,78,73,73,78,78,68,68,65,91,91,91,65,65,79,79,69,69,69,69,65,61,61,36,81,24],"gold":434,"neow_bonus":"TEN_PERCENT_HP_BONUS","is_daily":false,"chose_seed":false,"campfire_upgraded":9,"win_rate":0.0,"timestamp":1613485558,"path_taken":["M","M","M","?","?","E","M","R","T","$","R","?","E","M","R","BOSS","M","M","$","M","?","E","R","E","T","E","R","M","?","?","R","BOSS","M","?","M","?","M","R","E","R","T","R","E","?","?","E","R","BOSS"],"items_purchased_type":["Relic","Card","Card"],"build_version":"2020-12-22","purchased_purges":0,"victory":true,"max_hp_per_floor":[88,88,88,88,88,88,88,88,88,88,88,88,88,88,88,93,93,93,93,93,93,93,93,93,95,95,95,95,97,97,99,99,99,99,99,94,94,94,96,96,98,98,98,98,100,102,102,102,102,102],"card_choices":[{"not_picked":["Metallicize","True Grit"],"picked":"Perfected Strike","floor":1.0},{"not_picked":["Clash","Seeing Red"],"picked":"Thunderclap","floor":2.0},{"not_picked":["Anger","Headbutt"],"picked":"Intimidate","floor":3.0},{"not_picked":["Warcry","Infernal Blade","Sword Boomerang"],"picked":"SKIP","floor":4.0},{"not_picked":["Blood for Blood","Second Wind","Entrench"],"picked":"SKIP","floor":6.0},{"not_picked":["Armaments","Clash"],"picked":"Intimidate","floor":7.0},{"not_picked":["Bloodletting","Havoc"],"picked":"Metallicize","floor":12.0},{"not_picked":["Spot Weakness","Clash"],"picked":"Twin Strike","floor":13.0},{"not_picked":["Double Tap","Twin Strike","Sword Boomerang","Iron Wave"],"picked":"SKIP","floor":14.0},{"not_picked":["Demon Form","Barricade","Brutality"],"picked":"Corruption","floor":16.0},{"not_picked":["Wild Strike","Headbutt+1","Sever Soul+1"],"picked":"Feel No Pain","floor":18.0},{"not_picked":["Anger+1","Clothesline+1","Warcry+1"],"picked":"Battle Trance","floor":19.0},{"not_picked":["Wild Strike+1","Armaments","Anger"],"picked":"Infernal Blade","floor":21.0},{"not_picked":["Iron Wave+1","Body Slam","Flex+1"],"picked":"Offering","floor":23.0},{"not_picked":["Warcry","Sword Boomerang+1","Reckless Charge","Rage+1"],"picked":"Singing Bowl","floor":25.0},{"not_picked":["Body Slam","Warcry+1","Clash+1"],"picked":"Evolve","floor":27.0},{"not_picked":["Flex","Anger","Sever Soul+1","Combust"],"picked":"Singing Bowl","floor":29.0},{"not_picked":["Anger","True Grit+1","Heavy Blade","Carnage"],"picked":"Singing Bowl","floor":31.0},{"not_picked":["Juggernaut","Fiend Fire","Corruption"],"picked":"Offering","floor":33.0},{"not_picked":["Pommel Strike+1","True Grit+1","Sword Boomerang+1"],"picked":"Intimidate+1","floor":35.0},{"not_picked":["Pommel Strike","Anger+1","Corruption"],"picked":"Shockwave","floor":37.0},{"not_picked":["True Grit","Thunderclap","Infernal Blade","Sword Boomerang"],"picked":"Singing Bowl","floor":39.0},{"not_picked":["Clash+1","Sword Boomerang+1","Demon Form","Corruption"],"picked":"Singing Bowl","floor":41},{"not_picked":["Juggernaut","Flex","Warcry+1","True Grit+1"],"picked":"Singing Bowl","floor":45},{"not_picked":["Anger","Cleave","Shrug It Off+1","Pummel"],"picked":"Singing Bowl","floor":46},{"not_picked":["Swift Strike","Impatience","Blind"],"picked":"Finesse","floor":47},{"not_picked":["Ghostly Armor+1","Pommel Strike+1","Limit Break"],"picked":"Disarm","floor":48}],"player_experience":337343,"relics_obtained":[{"floor":6.0,"key":"Bottled Flame"},{"floor":9.0,"key":"Self Forming Clay"},{"floor":13.0,"key":"Question Card"},{"floor":23.0,"key":"Regal Pillow"},{"floor":25.0,"key":"Champion Belt"},{"floor":26.0,"key":"Dead Branch"},{"floor":27.0,"key":"Vajra"},{"floor":41,"key":"Incense Burner"},{"floor":41,"key":"Lantern"},{"floor":43,"key":"Whetstone"},{"floor":45,"key":"Boot"},{"floor":45,"key":"Kunai"},{"floor":48,"key":"Juzu Bracelet"},{"floor":48,"key":"Prayer Wheel"}],"event_choices":[{"cards_removed":["Strike_R"],"damage_healed":0.0,"max_hp_gain":0.0,"max_hp_loss":0.0,"gold_gain":0.0,"event_name":"Purifier","player_choice":"Purged","floor":5.0,"gold_loss":0.0,"damage_taken":0.0},{"damage_healed":0.0,"max_hp_gain":0.0,"max_hp_loss":0.0,"gold_gain":0.0,"event_name":"Addict","player_choice":"Stole Relic","floor":22.0,"gold_loss":0.0,"damage_taken":0.0,"relics_obtained":["Singing Bowl"],"cards_obtained":["Shame"]},{"damage_healed":0.0,"max_hp_gain":0.0,"max_hp_loss":0.0,"gold_gain":0.0,"event_name":"Upgrade Shrine","player_choice":"Upgraded","floor":30.0,"gold_loss":0.0,"damage_taken":0.0,"cards_upgraded":["Feel No Pain"]},{"damage_healed":0.0,"max_hp_gain":0.0,"max_hp_loss":5.0,"gold_gain":0.0,"event_name":"Winding Halls","player_choice":"Max HP","floor":36.0,"gold_loss":0.0,"damage_taken":0.0},{"damage_healed":0.0,"max_hp_gain":0.0,"max_hp_loss":0.0,"gold_gain":0.0,"cards_transformed":["Perfected Strike"],"event_name":"Transmorgrifier","player_choice":"Transformed","floor":38.0,"gold_loss":0.0,"damage_taken":0.0,"cards_obtained":["Spot Weakness"]},{"damage_healed":0,"gold_gain":0,"player_choice":"Memory 1","damage_taken":0,"max_hp_gain":0,"max_hp_loss":0,"event_name":"SensoryStone","floor":47,"gold_loss":0}],"is_beta":false,"boss_relics":[{"not_picked":["SlaversCollar","Snecko Eye"],"picked":"Pandora\u0027s Box"},{"not_picked":["Runic Pyramid","Empty Cage"],"picked":"Black Star"}],"items_purged_floors":[],"is_endless":false,"potions_floor_spawned":[1,7,13,16,21,25,27,33,37,39,41,48],"ascension_level":8}}