{"host":"1drbvmn9v0juuz5t","time":1613448120,"event":{"mods":["AchievementEnabler","Act Like it!","Aspiration","Bard","BaseMod","Better Altar","Better Match","Better Note","Better Sensory Stone","Better Skull","Better Third Choice","Challenge The Spire","Conspire","Curses Come First","Custom Start","Downfall","Friendly Minions","Hubris","Infinite Spire","Marked Mod","Minty Spire (QoL Compilation)","Pale of the Ancients","Permanent Neow","Reliquary","Replay The Spire","Robot Space Explorer","Somnambulant","Spikes Relics","StSLib","Synergy Search","The Animator","The Blue Laboratory","The Cursed","The Disciple","The Jungle","The Senshi","thorton"],"gold_per_floor":[115,115,115,135,145,145,174,174,198,198,208,208,223,237,237,334,334,351,46,46,64,64,64,64,64,64,39,39,51,62,80,80,80,80],"floor_reached":33,"language":"ENG","playtime":6778,"items_purged":["animator:Strike"],"score":247,"play_id":"2ffedde6-2a19-4f2b-aa30-58756966d4e8","local_time":"20210215200159","is_ascension_mode":false,"campfire_choices":[{"data":"animator:ElricEdward","floor":6,"key":"SMITH"},{"data":"animator:Aqua","floor":8,"key":"SMITH"},{"floor":10,"key":"REST"},{"data":"animator:Lu","floor":15,"key":"SMITH"},{"floor":23,"key":"REST"},{"floor":28,"key":"REST"},{"floor":32,"key":"DIG"}],"circlet_count":0,"master_deck":["animator:Strike_Konosuba","animator:Defend_Konosuba+1","animator:Strike","animator:Strike","animator:Defend","animator:Defend","animator:Defend","animator:Kazuma","animator:Aqua+1","animator:PandorasActor","Injury","animator:ElricEdward+1","animator:Melzalgald","animator:Genos","animator:ElricAlphonse+1","animator:ElricAlphonse+1","animator:Lu+1","animator:Saitama+1","animator:Aisha+1","animator:CowGirl+1","animator:CowGirl+1","Insight+1","infinitespire:SealOfDarkness+","animator:Cocytus","animator:Melzalgald","animator:Nanami+1","animator:Elsword"],"relics":["animator:LivingPicture","animator:TheMissingPiece","animator:PurgingStone","Oddly Smooth Stone","hubris:Towel","Toxic Egg 2","reliquary:IridiumChain","reliquary:RosewoodLute","FossilizedHelix","animator:HolyGrailRelic","Replay:Bottled Flurry","ReplayTheSpireMod:Shallot","aspiration:HiddenCompartment"],"acts_visited":["Exordium","TheCity"],"potions_floor_usage":[33,33,33],"damage_taken":[{"damage":0,"enemies":"Jaw Worm","floor":1,"turns":8},{"damage":0,"enemies":"conspire:RoseBush","floor":4,"turns":4},{"damage":0,"enemies":"Cultist","floor":5,"turns":5},{"damage":14,"enemies":"3 Sentries","floor":7,"turns":8},{"damage":7,"enemies":"2 Fungi Beasts","floor":11,"turns":3},{"damage":2,"enemies":"Gremlin Gang","floor":13,"turns":4},{"damage":7,"enemies":"conspire:2 RoseBushes","floor":14,"turns":4},{"damage":17,"enemies":"Fading Forest","floor":16,"turns":11},{"damage":63,"enemies":"conspire:FuzzyDice","floor":18,"turns":5},{"damage":0,"enemies":"Chosen","floor":21,"turns":6},{"damage":17,"enemies":"Shelled Parasite and Fungi","floor":29,"turns":7},{"damage":24,"enemies":"Centurion and Healer","floor":30,"turns":7},{"damage":18,"enemies":"Snake Plant","floor":31,"turns":6},{"damage":19,"enemies":"Automaton","floor":33,"turns":3}],"seed_played":"-3758056051696346133","potions_obtained":[{"floor":11,"key":"blueLaboratory:NullPotion"},{"floor":13,"key":"blueLaboratory:StoneskinPotion"},{"floor":16,"key":"Explosive Potion"},{"floor":21,"key":"Toxic Potion"}],"is_trial":false,"path_per_floor":["M","?","?","M","M","R","E","R","T","R","M","?","M","M","R","B",null,"M","$","?","M","?","R","?","AVR","T","$","R","M","M","M","R","B"],"character_chosen":"THE_ANIMATOR","items_purchased":["FossilizedHelix","animator:Cocytus"],"campfire_rested":3,"item_purchase_floors":[19,27],"current_hp_per_floor":[66,66,66,66,66,66,52,52,52,66,59,59,60,56,56,60,66,6,6,6,9,9,28,28,36,36,36,58,46,27,14,14,0,0],"gold":80,"neow_bonus":"RANDOM_COMMON_RELIC","is_daily":false,"chose_seed":false,"campfire_upgraded":3,"win_rate":0.0,"timestamp":1613448119,"path_taken":["M","?","?","M","M","R","E","R","T","R","M","?","M","?","R","BOSS","M","$","?","M","?","R","?","AVR","T","$","R","M","?","M","R","BOSS"],"items_purchased_type":["Relic","Card"],"build_version":"2020-12-22","purchased_purges":1,"victory":false,"max_hp_per_floor":[66,66,66,66,66,66,66,66,66,66,66,66,66,66,66,66,66,66,66,66,66,66,66,66,74,74,74,74,76,78,80,80,80,80],"card_choices":[{"not_picked":["animator:ElricEdward","animator:Sloth"],"picked":"animator:PandorasActor","floor":1},{"not_picked":["animator:YuiTsuruno","animator:Konayuki+1"],"picked":"animator:ElricEdward","floor":4},{"not_picked":["animator:Layla","animator:ChaikaBohdan"],"picked":"animator:Melzalgald","floor":5},{"not_picked":["animator:ZankiKiguchi","animator:Eve"],"picked":"animator:Genos","floor":7},{"not_picked":["animator:MaesHughes+1","animator:YunYun"],"picked":"animator:ElricAlphonse+1","floor":11},{"not_picked":["animator:Konayuki+1","animator:OrikoMikuni+1"],"picked":"animator:ElricAlphonse+1","floor":13},{"not_picked":["animator:Scar","animator:Vanir"],"picked":"animator:Lu","floor":14},{"not_picked":["animator:Kyubey+1","animator:Sora+1"],"picked":"animator:Saitama+1","floor":16},{"not_picked":["animator:Shichika+1","animator:IrohaTamaki"],"picked":"animator:Aisha+1","floor":18},{"not_picked":["animator:YachiyoNanami","animator:DolaRiku+1"],"picked":"animator:CowGirl+1","floor":21},{"not_picked":["animator:Ain","animator:PandorasActor+1"],"picked":"animator:Melzalgald","floor":29},{"not_picked":["animator:Raven","animator:Fredrika+1"],"picked":"animator:Nanami+1","floor":30},{"not_picked":["animator:MetalKnight+1","animator:ChaikaBohdan+1"],"picked":"animator:Elsword","floor":31}],"player_experience":169,"relics_obtained":[{"floor":7,"key":"reliquary:IridiumChain"},{"floor":9,"key":"reliquary:RosewoodLute"},{"floor":26,"key":"ReplayTheSpireMod:Shallot"},{"floor":32,"key":"aspiration:HiddenCompartment"}],"event_choices":[{"damage_healed":0,"gold_gain":0,"player_choice":"Upgraded","damage_taken":0,"max_hp_gain":0,"max_hp_loss":0,"event_name":"Upgrade Shrine","floor":12,"gold_loss":0,"cards_upgraded":["animator:Defend_Konosuba"]},{"cards_removed":["Injury"],"damage_healed":0,"gold_gain":0,"player_choice":"Give","damage_taken":0,"max_hp_gain":0,"max_hp_loss":0,"event_name":"betterNote:BetterNote","floor":20,"gold_loss":0,"cards_obtained":["Strike_B"]},{"damage_healed":0,"gold_gain":0,"player_choice":"Insight","damage_taken":0,"max_hp_gain":0,"max_hp_loss":0,"event_name":"betterThird:BetterWriting","floor":24,"gold_loss":0,"cards_obtained":["Insight"]}],"is_beta":false,"boss_relics":[{"not_picked":["hubris:VirtuousBlindfold","Velvet Choker","reliquary:RedPaperclip"]}],"items_purged_floors":[25],"is_endless":true,"potions_floor_spawned":[11,13,16,21,29],"killed_by":"Automaton","ascension_level":0}}