{"host":"59wnhi65kiwmnpg4","time":1613512218,"event":{"mods":["2.2 Compatiblity","AchievementEnabler","BaseMod","BetterRewards","Colored Map","Custom Start","Disable Question Mark Monsters","Highlight Path","Minty Spire (QoL Compilation)","Permanent Neow","Relic Sorter","Relic Stats","SuperFastMode","Unknown Chances"],"gold_per_floor":[114,22,38,38,58,93,93,118,118,143,143,162,162,182,182,259,259,273,290,290,290,310,341,357,389,389,389,403,68,100,118,118,197,197,208,483,499,515,525,525,537,567,567,567,567,274,274,55,55,55,55],"floor_reached":52,"language":"ENG","playtime":3455,"items_purged":["Decay","Regret"],"score":2049,"play_id":"0a07ca16-cd03-4ce6-8797-4fe7d2579c82","local_time":"20210216215018","daily_mods":["Draft"],"is_ascension_mode":true,"campfire_choices":[{"data":"Hologram","floor":7,"key":"SMITH"},{"data":"Storm","floor":11,"key":"SMITH"},{"data":"Panacea","floor":15,"key":"SMITH"},{"floor":27,"key":"REST"},{"floor":32,"key":"REST"},{"data":"Biased Cognition","floor":40,"key":"SMITH"},{"data":"Go for the Eyes","floor":44,"key":"SMITH"},{"data":"Static Discharge","floor":49,"key":"SMITH"}],"circlet_count":0,"master_deck":["AscendersBane","Barrage","Coolheaded","Ball Lightning","Cold Snap","Static Discharge","Go for the Eyes+1","BootSequence","Coolheaded","Barrage","Leap","Reinforced Body","Coolheaded","Steam","Beam Cell","Panacea+1","Melter","Hologram+1","Storm+1","Loop+1","Steam","Self Repair","Recycle","Biased Cognition+1","Go for the Eyes","Electrodynamics","Hologram+1","Recycle","White Noise","Redo+1","Hologram+1","Static Discharge+1","Double Energy+1","White Noise+1","Machine Learning+1","Chill+1","Glacier+1","Echo Form+1","Capacitor+1","Biased Cognition+1","Defragment+1","Coolheaded+1"],"relics":["Cracked Core","Question Card","Pantograph","Shuriken","Unceasing Top","Runic Pyramid","Dream Catcher","Mercury Hourglass","Toxic Egg 2","Happy Flower","OrangePellets","Frozen Egg 2","Philosopher\u0027s Stone","MealTicket","White Beast Statue","DollysMirror"],"acts_visited":["Exordium","TheCity","TheBeyond"],"potions_floor_usage":[14,16,25,50,51],"damage_taken":[{"damage":0,"enemies":"Small Slimes","floor":1,"turns":3},{"damage":0,"enemies":"2 Louse","floor":3,"turns":2},{"damage":0,"enemies":"Cultist","floor":5,"turns":3},{"damage":2,"enemies":"Lagavulin","floor":6,"turns":6},{"damage":33,"enemies":"Gremlin Nob","floor":8,"turns":4},{"damage":10,"enemies":"3 Sentries","floor":10,"turns":5},{"damage":0,"enemies":"Looter","floor":12,"turns":4},{"damage":8,"enemies":"Exordium Wildlife","floor":14,"turns":4},{"damage":9,"enemies":"Slime Boss","floor":16,"turns":8},{"damage":6,"enemies":"3 Byrds","floor":18,"turns":3},{"damage":0,"enemies":"Chosen","floor":19,"turns":3},{"damage":4,"enemies":"Snake Plant","floor":22,"turns":5},{"damage":2,"enemies":"Book of Stabbing","floor":23,"turns":5},{"damage":20,"enemies":"Centurion and Healer","floor":24,"turns":3},{"damage":20,"enemies":"Gremlin Leader","floor":25,"turns":5},{"damage":0,"enemies":"Sentry and Sphere","floor":28,"turns":4},{"damage":37,"enemies":"Book of Stabbing","floor":30,"turns":5},{"damage":13,"enemies":"Shelled Parasite and Fungi","floor":31,"turns":4},{"damage":0,"enemies":"Collector","floor":33,"turns":9},{"damage":25,"enemies":"3 Shapes","floor":35,"turns":3},{"damage":1,"enemies":"Orb Walker","floor":37,"turns":3},{"damage":12,"enemies":"Jaw Worm Horde","floor":38,"turns":4},{"damage":0,"enemies":"3 Darklings","floor":39,"turns":3},{"damage":8,"enemies":"Writhing Mass","floor":41,"turns":4},{"damage":0,"enemies":"Nemesis","floor":42,"turns":7},{"damage":35,"enemies":"Awakened One","floor":50,"turns":8},{"damage":26,"enemies":"Time Eater","floor":51,"turns":7}],"seed_played":"8968724063084128208","potions_obtained":[{"floor":5,"key":"Block Potion"},{"floor":6,"key":"Block Potion"},{"floor":8,"key":"LiquidMemories"},{"floor":19,"key":"BlessingOfTheForge"},{"floor":23,"key":"FearPotion"},{"floor":25,"key":"Strength Potion"},{"floor":33,"key":"Energy Potion"}],"is_trial":true,"path_per_floor":["M","$","M","?","M","E","R","E","T","E","R","M","?","M","R","B",null,"M","M","?","?","M","E","M","E","T","R","M","$","E","M","R","B",null,"M","?","M","M","M","R","M","E","T","R","?","$","?","$","R","B","B",null],"character_chosen":"DEFECT","items_purchased":["Panacea","OrangePellets","DuplicationPotion","Capacitor+1","DollysMirror","FocusPotion","Defragment+1","Coolheaded+1"],"campfire_rested":2,"item_purchase_floors":[2,29,29,46,46,46,48,48],"current_hp_per_floor":[64,64,64,69,69,67,67,34,34,24,24,24,24,23,23,39,67,68,75,75,75,76,76,56,43,43,65,72,72,42,36,58,76,76,58,58,57,52,52,52,44,51,51,51,51,66,66,76,76,48,47],"gold":55,"neow_bonus":"","is_daily":false,"chose_seed":false,"campfire_upgraded":6,"win_rate":0.0,"timestamp":1613512218,"path_taken":["M","$","M","?","M","E","R","E","T","E","R","M","?","?","R","BOSS","M","M","?","?","M","E","M","E","T","R","M","$","E","M","R","BOSS","M","?","M","M","?","R","?","E","T","R","?","$","?","$","R","BOSS","BOSS"],"items_purchased_type":["Card","Relic","Potion","Card","Relic","Potion","Card","Card"],"build_version":"2020-12-22","purchased_purges":2,"victory":true,"max_hp_per_floor":[71,71,71,76,76,76,76,76,76,76,76,76,76,76,76,76,76,76,76,76,76,76,76,76,76,76,76,76,76,76,76,76,76,76,76,76,76,76,76,76,76,76,76,76,76,76,76,76,76,76,76],"relic_stats":{"OrangePellets":[11],"Dream Catcher":2,"Happy Flower":[20],"counters":[27,122],"Shuriken":[22],"Pantograph":68,"MealTicket":25,"Question Card":23,"obtain_stats":[{"Happy Flower":26,"Frozen Egg 2":30,"Question Card":6,"White Beast Statue":43,"Mercury Hourglass":23,"OrangePellets":29,"Dream Catcher":21,"Shuriken":9,"DollysMirror":46,"Pantograph":8,"Philosopher\u0027s Stone":34,"MealTicket":42,"Toxic Egg 2":25,"Cracked Core":0,"Unceasing Top":10,"Runic Pyramid":17},{"Happy Flower":15,"Frozen Egg 2":17,"Question Card":4,"White Beast Statue":25,"Mercury Hourglass":13,"OrangePellets":16,"Dream Catcher":11,"Shuriken":5,"DollysMirror":25,"Pantograph":5,"Philosopher\u0027s Stone":19,"MealTicket":25,"Toxic Egg 2":15,"Cracked Core":0,"Unceasing Top":6,"Runic Pyramid":9},{"Happy Flower":63,"Frozen Egg 2":70,"Question Card":14,"White Beast Statue":107,"Mercury Hourglass":55,"OrangePellets":66,"Dream Catcher":45,"Shuriken":18,"DollysMirror":107,"Pantograph":18,"Philosopher\u0027s Stone":83,"MealTicket":107,"Toxic Egg 2":63,"Cracked Core":0,"Unceasing Top":23,"Runic Pyramid":39}],"Unceasing Top":[43],"Mercury Hourglass":[261]},"card_choices":[{"not_picked":["Compile Driver","Steam"],"picked":"Barrage","floor":0},{"not_picked":["Rebound","Conserve Battery"],"picked":"Coolheaded","floor":0},{"not_picked":["Leap","Chaos"],"picked":"Ball Lightning","floor":0},{"not_picked":["Sweeping Beam","Rebound"],"picked":"Cold Snap","floor":0},{"not_picked":["FTL","Self Repair"],"picked":"Static Discharge","floor":0},{"not_picked":["Steam Power","Ball Lightning"],"picked":"Cold Snap","floor":0},{"not_picked":["Steam Power","Leap"],"picked":"Go for the Eyes","floor":0},{"not_picked":["Force Field","Steam Power"],"picked":"BootSequence","floor":0},{"not_picked":["Turbo","Stack"],"picked":"Coolheaded","floor":0},{"not_picked":["Stack","Rebound"],"picked":"Barrage","floor":0},{"not_picked":["Auto Shields","Darkness"],"picked":"Leap","floor":0},{"not_picked":["Cold Snap","Auto Shields"],"picked":"Reinforced Body","floor":0},{"not_picked":["Barrage","Skim"],"picked":"Coolheaded","floor":0},{"not_picked":["Doom and Gloom","Stack"],"picked":"Steam","floor":0},{"not_picked":["Go for the Eyes","Stack"],"picked":"Beam Cell","floor":0},{"not_picked":["Ball Lightning","Force Field"],"picked":"Streamline","floor":1},{"not_picked":["Force Field","Turbo"],"picked":"Melter","floor":3},{"not_picked":["Melter","Cold Snap"],"picked":"Hologram","floor":5},{"not_picked":["Coolheaded","Sweeping Beam"],"picked":"Storm","floor":6},{"not_picked":["Compile Driver","Self Repair","Amplify"],"picked":"Loop","floor":8},{"not_picked":["Lockon","Barrage","Sweeping Beam"],"picked":"Steam","floor":10},{"not_picked":["Cold Snap","Barrage","Skim"],"picked":"Self Repair","floor":12},{"not_picked":["Thunder Strike","Conserve Battery","Stack"],"picked":"Recycle","floor":14},{"not_picked":["Electrodynamics","Amplify","Rainbow"],"picked":"Biased Cognition","floor":16},{"not_picked":["Steam","Beam Cell","Self Repair"],"picked":"Go for the Eyes","floor":18},{"not_picked":["Streamline","Storm","Compile Driver"],"picked":"Electrodynamics","floor":19},{"not_picked":["Steam Power+1","Barrage","Melter"],"picked":"Hologram+1","floor":22},{"not_picked":["Redo","Fusion","Sunder"],"picked":"Recycle","floor":23},{"not_picked":["Double Energy","Force Field","Conserve Battery"],"picked":"White Noise","floor":24},{"not_picked":["Gash","Cold Snap","Streamline"],"picked":"Redo+1","floor":25},{"not_picked":["Go for the Eyes","Streamline","Fusion+1"],"picked":"Hologram+1","floor":27},{"not_picked":["Darkness+1","Reinforced Body+1","Rip and Tear"],"picked":"Static Discharge","floor":28},{"not_picked":["Barrage","Go for the Eyes","Steam+1"],"picked":"Double Energy+1","floor":30},{"not_picked":["Compile Driver","Doom and Gloom","Streamline","Hologram+1"],"picked":"SKIP","floor":31},{"not_picked":["Scrape","Streamline","Steam+1"],"picked":"White Noise+1","floor":32},{"not_picked":["All For One","Hyperbeam","Meteor Strike"],"picked":"Machine Learning+1","floor":33},{"not_picked":["Storm+1","Hologram+1","Coolheaded+1"],"picked":"Chill+1","floor":35},{"not_picked":["Compile Driver+1","Go for the Eyes","Chaos+1"],"picked":"Glacier+1","floor":37},{"not_picked":["Rebound","Gash","Double Energy+1"],"picked":"Echo Form+1","floor":38},{"not_picked":["Steam+1","Hologram+1","Streamline","Chill+1"],"picked":"SKIP","floor":39},{"not_picked":["Compile Driver+1","Skim+1","BootSequence+1","Redo+1"],"picked":"SKIP","floor":41},{"not_picked":["Barrage","Undo+1","Gash","Stack+1"],"picked":"SKIP","floor":42}],"player_experience":928664,"relics_obtained":[{"floor":6,"key":"Question Card"},{"floor":8,"key":"Pantograph"},{"floor":9,"key":"Shuriken"},{"floor":10,"key":"Unceasing Top"},{"floor":23,"key":"Mercury Hourglass"},{"floor":25,"key":"Toxic Egg 2"},{"floor":26,"key":"Happy Flower"},{"floor":30,"key":"Frozen Egg 2"},{"floor":42,"key":"MealTicket"},{"floor":43,"key":"White Beast Statue"}],"event_choices":[{"damage_healed":0,"gold_gain":0,"player_choice":"Donut","damage_taken":0,"max_hp_gain":5,"max_hp_loss":0,"event_name":"Big Fish","floor":4,"gold_loss":0},{"damage_healed":0,"gold_gain":0,"player_choice":"Upgraded","damage_taken":0,"max_hp_gain":0,"max_hp_loss":0,"event_name":"Upgrade Shrine","floor":13,"gold_loss":0,"cards_upgraded":["Loop"]},{"damage_healed":0,"gold_gain":0,"player_choice":"Smashed Altar","damage_taken":0,"max_hp_gain":0,"max_hp_loss":0,"event_name":"Forgotten Altar","floor":20,"gold_loss":0,"cards_obtained":["Decay"]},{"cards_removed":["Streamline"],"damage_healed":0,"gold_gain":0,"player_choice":"Gave Card","damage_taken":0,"relics_obtained":["Dream Catcher"],"max_hp_gain":0,"max_hp_loss":0,"event_name":"WeMeetAgain","floor":21,"gold_loss":0},{"damage_healed":0,"gold_gain":275,"player_choice":"Desecrate","damage_taken":0,"max_hp_gain":0,"max_hp_loss":0,"event_name":"Golden Shrine","floor":36,"gold_loss":0,"cards_obtained":["Regret"]},{"cards_removed":["Cold Snap"],"damage_healed":0,"gold_gain":0,"player_choice":"Removed Attack","damage_taken":0,"max_hp_gain":0,"max_hp_loss":0,"event_name":"Falling","floor":45,"gold_loss":0},{"damage_healed":0,"gold_gain":0,"player_choice":"Ignored","damage_taken":0,"max_hp_gain":0,"max_hp_loss":0,"event_name":"Tomb of Lord Red Mask","floor":47,"gold_loss":0}],"is_beta":false,"boss_relics":[{"not_picked":["Snecko Eye","Busted Crown"],"picked":"Runic Pyramid"},{"not_picked":["Coffee Dripper","Fusion Hammer"],"picked":"Philosopher\u0027s Stone"}],"items_purged_floors":[29,48],"is_endless":false,"potions_floor_spawned":[5,6,8,10,19,23,25,30,33,39,41],"ascension_level":20}}