{"host":"gk9qdtkqd8dwfeg2","time":1613486035,"event":{"mods":["Act Like it!","Aspiration","BaseMod","Colored Powertips","Gensokyo","Minty Spire (QoL Compilation)","Quick Restart","Replay The Spire","Shop Mod","StSLib","TestMod","The Servant 0.9.4","Waifu the Spire","WarShipGirlsR/战舰少女R mod"],"gold_per_floor":[115,115,115,131,143,173,173,13,13,0,0,19,33,33,33,112,112,126,126,167,117,117,117,117],"floor_reached":23,"language":"ZHS","playtime":697,"items_purged":["Overencumbered"],"score":393,"play_id":"6838e072-91b6-47cc-a972-5a807d87e4db","local_time":"20210216223355","is_ascension_mode":true,"campfire_choices":[{"data":"Eruption","floor":7,"key":"SMITH"},{"floor":15,"key":"REST"}],"circlet_count":0,"master_deck":["AscendersBane","Defend_P+1","Eruption+1","Vigilance","Replay:Bag of Tricks","Prepared","Collect","Prostrate","MasterReality","LessonLearned","Sickly","InnerPeace+1","Wish+1","CutThroughFate","Gensokyo:FourOfAKind+1","Gensokyo:FourOfAKind+1","Gensokyo:FourOfAKind+1","Gensokyo:FourOfAKind+1"],"relics":["PureWater","testmod-TestBox","testmod-Fanaticism","Smiling Mask","Turnip","Gensokyo:BookOfSpecters","Toxic Egg 2","Gensokyo:PortableGap","Kintsugi","Frozen Eye"],"acts_visited":["Exordium","Gensokyo:Gensokyo"],"potions_floor_usage":[13,18,23,23],"damage_taken":[{"damage":4.0,"enemies":"Gensokyo:Python","floor":1.0,"turns":3.0},{"damage":0,"enemies":"Gensokyo:2_Kodama","floor":4,"turns":1},{"damage":3,"enemies":"Gensokyo:3_Fairies","floor":5,"turns":3},{"damage":30,"enemies":"Gensokyo:Aya","floor":6,"turns":6},{"damage":0,"enemies":"Gensokyo:Python_and_Kodama","floor":12,"turns":2},{"damage":12,"enemies":"Gensokyo:Gryphon_and_Rabbit","floor":13,"turns":3},{"damage":16,"enemies":"Gensokyo:Reimu","floor":16,"turns":8},{"damage":21,"enemies":"Gensokyo:CosmicMonolith","floor":18,"turns":6},{"damage":15,"enemies":"Gensokyo:Chomper","floor":20,"turns":4},{"damage":20,"enemies":"Gensokyo:Koishi","floor":23,"turns":2}],"seed_played":"-7957968383482710429","potions_obtained":[{"floor":12,"key":"DistilledChaos"},{"floor":16,"key":"Swift Potion"},{"floor":18,"key":"testmod-SpacePotion"},{"floor":20,"key":"Milkshake"}],"is_trial":false,"path_per_floor":["M","?","?","M","M","E","R","?","T","?","$","M","M","?","R","B",null,"M","?","M","$","?","E"],"character_chosen":"WATCHER","items_purchased":[],"campfire_rested":1,"item_purchase_floors":[],"current_hp_per_floor":[40,40,40,40,37,9,9,9,9,15,15,15,4,4,21,26,50,33,33,19,19,19,0,0],"gold":117,"neow_bonus":"RANDOM_EVENT","is_daily":false,"chose_seed":false,"campfire_upgraded":1,"win_rate":0.0,"timestamp":1613486035,"path_taken":["M","?","?","M","?","E","R","?","T","?","$","M","?","?","R","BOSS","M","?","M","$","?","E"],"items_purchased_type":[],"build_version":"2020-12-22","purchased_purges":1,"victory":false,"max_hp_per_floor":[68,68,68,68,68,68,68,68,68,68,68,68,68,58,58,58,58,58,58,58,58,38,38,38],"card_choices":[{"not_picked":["Protect","Evaluate"],"picked":"Prostrate","floor":1.0},{"not_picked":["CarveReality","FollowUp"],"picked":"Collect","floor":4},{"not_picked":["CrushJoints","Replay:Cycle"],"picked":"Prostrate","floor":5},{"not_picked":["ThirdEye","FlyingSleeves","SashWhip"],"picked":"SKIP","floor":6},{"not_picked":["FlyingSleeves","InnerPeace+1"],"picked":"MasterReality","floor":12},{"not_picked":["Replay:Vibes+1","FlyingSleeves","SashWhip"],"picked":"SKIP","floor":13},{"not_picked":["MasterReality","Wish+1"],"picked":"LessonLearned","floor":16},{"not_picked":["Replay:BluntJabs","Crescendo+1"],"picked":"InnerPeace+1","floor":18},{"not_picked":["Replay:Vibes+1","FollowUp"],"picked":"CutThroughFate","floor":20}],"player_experience":740818,"relics_obtained":[{"floor":6,"key":"Turnip"},{"floor":9,"key":"Toxic Egg 2"}],"event_choices":[{"damage_healed":0.0,"max_hp_gain":0.0,"max_hp_loss":0.0,"gold_gain":0.0,"event_name":"给自己的盒子","player_choice":"Swap Relic","floor":2.0,"relics_lost":["Potion Belt"],"gold_loss":0.0,"damage_taken":0.0,"relics_obtained":["Smiling Mask"]}],"is_beta":false,"boss_relics":[{"not_picked":["testmod-Prudence","aspiration:RandomNobGenerator"],"picked":"Kintsugi"}],"items_purged_floors":[21],"is_endless":false,"potions_floor_spawned":[12,16,18,20],"killed_by":"Gensokyo:Koishi","ascension_level":20}}