{"host":"373g0ui1bgeshz9m","time":1613443827,"event":{"mods":["Act Like it!","Aspiration","BaseMod","Beaked The Cultist","Better Third Choice","Colored Map","Conspire","Downfall","Halation","Hermit","Hubris","Infinite Spire","Jorbs\u0027s Wanderer Trilogy","Minty Spire (QoL Compilation)","Pale of the Ancients","Permanent Neow","Quick Restart","Replay The Spire","Shade Mod","Shop Mod","Spikes Relics","StSLib","The Animator","The Bladedancer","The Bug Knight","The Construct","The Cursed","The Florist","The Jungle","The Necromancer","The Sage","The Wild Card","Trackpad"],"gold_per_floor":[116,126,76,76,76,107,123,147,147,179,179,199,199,199,199,297,297,284,284,484,495,495,520,2,12,35,46,46,46,46,60,60,159,159,182,212,56,56,70,70,103,103,103,144,144,144,168,168,168],"floor_reached":48,"language":"ENG","playtime":2690,"items_purged":[],"score":854,"play_id":"95d77893-8af5-4336-ad05-ef31cbe73390","local_time":"20210215215027","is_ascension_mode":true,"campfire_choices":[{"floor":13,"key":"REST"},{"data":"Siphon_Strength","floor":15,"key":"SMITH"},{"floor":29,"key":"REST"},{"data":"Cloudkill","floor":32,"key":"SMITH"},{"data":"Cloudkill","floor":40,"key":"SMITH"}],"circlet_count":0,"master_deck":["Strike_W+1","Defend_W+1","Defend_W+1","Defend_W+1","Defend_W+1","Negative_Energy_Arrows","Bone_Wall","Vampiric_Strike","Acid_Javelin+1","Siphon_Strength+1","Negative_Energy_Sphere","Negative_Energy_Javelin","Cloudkill+1","Slay_Living+1","Spectral_Walk","Negative_Energy_Shield","Cloudkill+1","Strike_from_Beyond+1","Negative_Energy_Burst+1","Siphon_Strength+1","Necrotic_Claws","Bone_Prison"],"relics":["Vampire_Amulet","aspiration:Nostalgia","infinitespire:DarkRift","halation:EternalFortune","ShockBauble","Odd Mushroom","Eternal Feather","trackpad:Compendium","infinitespire:Broken Mirror","sagemod:Singing_Vial","Torii","infinitespire:CheckeredPen","ReplayFunnel","hubris:SphereOfDissonance","infinitespire:EvilPickle","Orrery","halation:VictoryRuler","Bird Faced Urn","aspiration:HummingbirdHeart","halation:PapillonHeart"],"acts_visited":["Exordium","TheCity","TheBeyond"],"potions_floor_usage":[24,41,48],"damage_taken":[{"damage":0,"enemies":"2 Louse","floor":1,"turns":2},{"damage":3,"enemies":"Small Slimes","floor":2,"turns":3},{"damage":19,"enemies":"Gremlin Nob","floor":6,"turns":4},{"damage":3,"enemies":"Jaw Worm","floor":7,"turns":3},{"damage":4,"enemies":"The Mushroom Lair","floor":8,"turns":2},{"damage":17,"enemies":"3 Sentries","floor":10,"turns":7},{"damage":18,"enemies":"Exordium Wildlife","floor":12,"turns":4},{"damage":23,"enemies":"Hexaghost","floor":16,"turns":7},{"damage":23,"enemies":"2 Thieves","floor":18,"turns":4},{"damage":4,"enemies":"Shell Parasite","floor":21,"turns":4},{"damage":49,"enemies":"Slavers","floor":23,"turns":9},{"damage":3,"enemies":"Snake Plant","floor":25,"turns":4},{"damage":1,"enemies":"Shelled Parasite and Fungi","floor":27,"turns":4},{"damage":1,"enemies":"Centurion and Healer","floor":31,"turns":3},{"damage":12,"enemies":"Pondfish","floor":33,"turns":14},{"damage":10,"enemies":"3 Shapes","floor":35,"turns":4},{"damage":30,"enemies":"3 Darklings","floor":36,"turns":4},{"damage":22,"enemies":"4 Shapes","floor":39,"turns":4},{"damage":27,"enemies":"R_Hoarder","floor":41,"turns":9},{"damage":27,"enemies":"beaked:SuperParasite","floor":44,"turns":10},{"damage":13,"enemies":"Spire Growth","floor":47,"turns":4},{"damage":36,"enemies":"Giant Head","floor":48,"turns":7}],"seed_played":"-3844220183197644019","potions_obtained":[{"floor":7,"key":"Elixir"},{"floor":8,"key":"sagemod:Wine"},{"floor":12,"key":"FearPotion"},{"floor":31,"key":"Weak Potion"},{"floor":44,"key":"LifebloodPotion"}],"is_trial":false,"path_per_floor":["M","M","?","?","?","E","M","?","T","E","$","M","R","T","R","B",null,"M","?","?","M","?","E","$","M","T","M","$","R","?","M","R","B",null,"M","M","$","?","M","R","E","?","T","E","?","?","M","E"],"character_chosen":"NECROMANCER","items_purchased":["Torii","infinitespire:CheckeredPen","Negative_Energy_Shield","Orrery"],"campfire_rested":2,"item_purchase_floors":[24,24,24,37],"current_hp_per_floor":[75,75,75,75,78,61,60,56,56,49,49,35,64,64,70,51,78,58,58,58,56,56,25,25,27,27,30,30,63,63,65,74,71,84,84,56,56,56,42,54,65,65,65,43,43,43,32,0,0],"gold":168,"neow_bonus":"NOSTALGIA","is_daily":false,"chose_seed":false,"campfire_upgraded":3,"win_rate":0.0,"timestamp":1613443827,"path_taken":["M","M","?","?","?","E","M","?","T","E","?","?","R","?","R","BOSS","M","?","?","?","?","E","$","?","T","M","$","R","?","M","R","BOSS","M","M","$","?","?","R","E","?","T","E","?","?","M","E"],"items_purchased_type":["Relic","Relic","Card","Relic"],"build_version":"2020-12-22","purchased_purges":0,"victory":false,"max_hp_per_floor":[75,75,75,75,78,78,78,78,78,78,78,78,78,78,78,78,78,78,78,78,78,78,78,78,81,81,81,81,81,81,81,81,84,84,84,84,84,84,84,84,84,84,84,87,83,83,83,83,83],"card_choices":[{"not_picked":["Bones_to_Steel","Consume_Illness"],"picked":"Vampiric_Strike","floor":1},{"not_picked":["Vampiric_Strike","Bone_Shift"],"picked":"Acid_Javelin","floor":2},{"not_picked":["Bones_to_Steel","Vampiric_Strike","Bone_Shift"],"picked":"SKIP","floor":6},{"not_picked":["Toxic_Smoke_Screen","Vampiric_Strike"],"picked":"Siphon_Strength","floor":7},{"not_picked":["Bone_Armor","Finger_Of_Death"],"picked":"Negative_Energy_Sphere","floor":10},{"not_picked":["Negative_Energy_Sphere","Death_Coil"],"picked":"Negative_Energy_Javelin","floor":12},{"not_picked":["Blood_Magic","Skeleton_Dragon"],"picked":"Cloudkill","floor":16},{"not_picked":["Shackles_Of_Pain","Negative_Energy_Sphere+1"],"picked":"Slay_Living+1","floor":18},{"not_picked":["Uncharnel+1","Blood_Whip"],"picked":"Spectral_Walk","floor":21},{"not_picked":["Negative_Energy_Javelin","Blood_Magic","Shackles_Of_Pain"],"picked":"Singing Bowl","floor":23},{"not_picked":["Vampiric_Strike","Bone_Bullets","Shackles_Of_Pain"],"picked":"Singing Bowl","floor":25},{"not_picked":["Violent_Necrosis","Bone_Bullets","Bone_Armor"],"picked":"SKIP","floor":27},{"not_picked":["Negative_Energy_Sphere","Death_Knell","Bone_Prison"],"picked":"Singing Bowl","floor":31},{"not_picked":["Summon_Vampire_Lady","Requiem"],"picked":"Cloudkill","floor":33},{"not_picked":["Necromantic_Selection","Summon_Undead_Army+1","Negative_Energy_Shield"],"picked":"SKIP","floor":35},{"not_picked":["Finger_Of_Death","Negative_Energy_Sphere","Negative_Energy_Mist"],"picked":"SKIP","floor":36},{"not_picked":["Bone_Armor+1","Negative_Energy_Javelin"],"picked":"Strike_from_Beyond+1","floor":37},{"not_picked":["Blood_Curse","Bones_to_Steel"],"picked":"Negative_Energy_Burst+1","floor":37},{"not_picked":["Bones_to_Steel+1","Bone_Shift"],"picked":"Necrotic_Claws","floor":39},{"not_picked":["Blood_Curse","Death_March_Dance"],"picked":"Bone_Prison","floor":41},{"not_picked":["Death_March_Dance","Negative_Energy_Sphere","Death_Coil"],"picked":"Singing Bowl","floor":44},{"not_picked":["Cloudkill","Bones_to_Steel+1","Bone_Armor"],"picked":"SKIP","floor":47}],"player_experience":351042,"relics_obtained":[{"floor":6,"key":"ShockBauble"},{"floor":8,"key":"Odd Mushroom"},{"floor":9,"key":"Eternal Feather"},{"floor":10,"key":"trackpad:Compendium"},{"floor":14,"key":"infinitespire:Broken Mirror"},{"floor":23,"key":"sagemod:Singing_Vial"},{"floor":25,"key":"halation:EternalFortune"},{"floor":26,"key":"ReplayFunnel"},{"floor":33,"key":"halation:EternalFortune"},{"floor":41,"key":"halation:VictoryRuler"},{"floor":43,"key":"Bird Faced Urn"},{"floor":44,"key":"halation:EternalFortune"},{"floor":44,"key":"aspiration:HummingbirdHeart"}],"event_choices":[{"cards_removed":["Strike_W"],"damage_healed":0,"gold_gain":0,"player_choice":"Card Removal","damage_taken":0,"max_hp_gain":0,"max_hp_loss":0,"event_name":"The Cleric","floor":3,"gold_loss":50},{"damage_healed":0,"gold_gain":0,"player_choice":"Fought Mushrooms","damage_taken":0,"max_hp_gain":0,"max_hp_loss":0,"event_name":"Mushrooms","floor":8,"gold_loss":0},{"damage_healed":0,"gold_gain":0,"player_choice":"Simplicity","damage_taken":0,"max_hp_gain":0,"max_hp_loss":7,"event_name":"betterThird:BetterWriting","floor":19,"gold_loss":0},{"damage_healed":0,"gold_gain":200,"player_choice":"Gold","damage_taken":0,"max_hp_gain":0,"max_hp_loss":0,"event_name":"Wheel of Change","floor":20,"gold_loss":0},{"cards_removed":["Strike_W"],"damage_healed":0,"gold_gain":0,"player_choice":"Purged","damage_taken":0,"max_hp_gain":0,"max_hp_loss":0,"event_name":"Purifier","floor":22,"gold_loss":0},{"damage_healed":0,"gold_gain":0,"player_choice":"Copied","damage_taken":0,"max_hp_gain":0,"max_hp_loss":0,"event_name":"Duplicator","floor":38,"gold_loss":0,"cards_obtained":["Siphon_Strength"]},{"cards_removed":["Strike_W"],"damage_healed":0,"gold_gain":0,"player_choice":"Removed Attack","damage_taken":0,"max_hp_gain":0,"max_hp_loss":0,"event_name":"Falling","floor":42,"gold_loss":0},{"damage_healed":0,"gold_gain":0,"player_choice":"Leave","damage_taken":0,"max_hp_gain":0,"max_hp_loss":0,"event_name":"conspire:Investor","floor":46,"gold_loss":0}],"is_beta":false,"boss_relics":[{"not_picked":["trackpad:Coffee","halation:SmartPhone","halation:ForbiddenBikini"]},{"not_picked":["ReplayTheSpireMod:DimensionalGlitch","halation:LoveArrow","halation:Risk"]}],"items_purged_floors":[],"is_endless":false,"potions_floor_spawned":[7,8,12,16,23,25,31,39,44],"killed_by":"Giant Head","ascension_level":4}}