{"host":"ydg0vn0pu4pubmdt","time":1613500813,"event":{"mods":["AchievementEnabler","BaseMod","Colored Map","Minty Spire (QoL Compilation)","Quick Restart","SuperFastMode"],"gold_per_floor":[115,40,40,60,60,87,87,87,114,139,39,51,78,78,78,176,176,195,195,195,216,216,251,251,251,251,251,301,301,176,209,209,316,316,339,354,373,405,425,425,466,466,493,559,267,296,121,121,121,121,121,121,121,52,52,52],"floor_reached":55,"language":"KOR","playtime":8115,"items_purged":["Strike_G","Defend_G","Strike_G","Strike_G","Defend_G"],"score":1894,"play_id":"d6c1ed34-cd81-40a0-8f21-c7db9b096fae","local_time":"20210217034013","is_ascension_mode":true,"campfire_choices":[{"floor":8.0,"key":"REST"},{"data":"Accuracy","floor":15.0,"key":"SMITH"},{"data":"Ghostly","floor":25.0,"key":"SMITH"},{"data":"Ghostly","floor":27.0,"key":"SMITH"},{"data":"Ghostly","floor":29.0,"key":"SMITH"},{"data":"Neutralize","floor":32.0,"key":"SMITH"},{"data":"Burst","floor":40.0,"key":"SMITH"},{"floor":42.0,"key":"REST"},{"floor":49.0,"key":"RECALL"},{"data":"Cloak And Dagger","floor":53.0,"key":"SMITH"}],"circlet_count":0,"master_deck":["AscendersBane","Defend_G","Survivor","Neutralize+1","Predator","Cloak And Dagger+1","Blade Dance","Accuracy+1","Grand Finale","Necronomicurse","Cloak And Dagger+1","Ghostly+1","Ghostly+1","Ghostly+1","Burst+1","Deflect","Bullet Time","Night Terror","Accuracy"],"relics":["Ring of the Snake","NeowsBlessing","Juzu Bracelet","StoneCalendar","Nunchaku","StrikeDummy","Mango","Golden Idol","Runic Pyramid","Necronomicon","Calipers","Anchor","CeramicFish","Empty Cage","Vajra","FossilizedHelix"],"acts_visited":["Exordium","TheCity","TheBeyond","TheEnding"],"potions_floor_usage":[],"damage_taken":[{"damage":0.0,"enemies":"2 Louse","floor":1.0,"turns":1.0},{"damage":0.0,"enemies":"Small Slimes","floor":4.0,"turns":1.0},{"damage":0.0,"enemies":"3 Sentries","floor":6.0,"turns":1.0},{"damage":7.0,"enemies":"Gremlin Nob","floor":10.0,"turns":3.0},{"damage":0.0,"enemies":"Cultist","floor":12.0,"turns":2.0},{"damage":5.0,"enemies":"3 Sentries","floor":13.0,"turns":6.0},{"damage":20.0,"enemies":"The Guardian","floor":16.0,"turns":11.0},{"damage":15.0,"enemies":"Shell Parasite","floor":18.0,"turns":5.0},{"damage":2.0,"enemies":"3 Byrds","floor":21.0,"turns":3.0},{"damage":9.0,"enemies":"Slavers","floor":23.0,"turns":3.0},{"damage":2.0,"enemies":"Gremlin Leader","floor":31.0,"turns":5.0},{"damage":2.0,"enemies":"Champ","floor":33.0,"turns":9.0},{"damage":3.0,"enemies":"Orb Walker","floor":35.0,"turns":5.0},{"damage":0.0,"enemies":"3 Shapes","floor":36.0,"turns":5.0},{"damage":1.0,"enemies":"Maw","floor":37.0,"turns":8.0},{"damage":0.0,"enemies":"Jaw Worm Horde","floor":38.0,"turns":5.0},{"damage":0.0,"enemies":"4 Shapes","floor":39.0,"turns":7.0},{"damage":13.0,"enemies":"Giant Head","floor":41.0,"turns":9.0},{"damage":4.0,"enemies":"2 Orb Walkers","floor":44.0,"turns":5.0},{"damage":0.0,"enemies":"Writhing Mass","floor":46.0,"turns":6.0},{"damage":1.0,"enemies":"Donu and Deca","floor":50.0,"turns":10.0},{"damage":3.0,"enemies":"Awakened One","floor":51.0,"turns":17.0},{"damage":39,"enemies":"Shield and Spear","floor":55,"turns":3}],"seed_played":"-7158876173340834157","potions_obtained":[{"floor":1.0,"key":"DuplicationPotion"},{"floor":6.0,"key":"Swift Potion"},{"floor":12.0,"key":"EssenceOfSteel"},{"floor":16.0,"key":"LiquidBronze"},{"floor":18.0,"key":"AttackPotion"},{"floor":21.0,"key":"CunningPotion"},{"floor":36.0,"key":"CunningPotion"},{"floor":39.0,"key":"FearPotion"},{"floor":41.0,"key":"DistilledChaos"},{"floor":44.0,"key":"DistilledChaos"},{"floor":46.0,"key":"Dexterity Potion"}],"is_trial":false,"path_per_floor":["M","$","?","M","?","E","?","R","T","E","$","M","E","?","R","B",null,"M","?","?","M","?","E","?","R","T","R","?","R","$","E","R","B",null,"M","M","M","M","M","R","E","R","T","?","$","M","$","?","R","B","B",null,"R","$","E"],"character_chosen":"THE_SILENT","items_purchased":["Bullet Time","Accuracy"],"campfire_rested":2,"item_purchase_floors":[45,54],"current_hp_per_floor":[59,59,64,64,57,57,22,43,43,36,36,36,45,45,45,25,64,49,28,28,26,26,17,17,17,17,17,17,17,17,15,15,13,32,29,29,28,28,28,28,15,26,26,22,22,22,22,22,22,21,18,33,33,33,0,0],"gold":52,"neow_bonus":"THREE_ENEMY_KILL","is_daily":false,"chose_seed":false,"campfire_upgraded":7,"win_rate":0.0,"timestamp":1613500813,"path_taken":["M","$","?","M","?","E","?","R","T","E","$","M","E","?","R","BOSS","M","?","?","M","?","E","?","R","T","R","?","R","?","E","R","BOSS","M","M","M","M","M","R","E","R","T","?","$","M","$","?","R","BOSS","BOSS","R","$","E"],"items_purchased_type":["Card","Card"],"build_version":"2020-12-22","purchased_purges":5,"victory":false,"max_hp_per_floor":[66,66,71,71,71,71,71,71,71,71,71,71,85,77,77,77,77,77,77,77,77,77,77,38,38,38,38,38,38,38,38,38,38,38,38,38,38,38,38,38,38,38,38,38,38,38,38,38,38,38,38,38,38,38,38,38],"card_choices":[{"not_picked":["Deflect","Catalyst"],"picked":"Predator","floor":1.0},{"not_picked":["Deadly Poison","Caltrops"],"picked":"Cloak And Dagger","floor":4.0},{"not_picked":["Bullet Time","Escape Plan"],"picked":"Die Die Die","floor":6.0},{"not_picked":["Deflect","Setup"],"picked":"Blade Dance","floor":10.0},{"not_picked":["Blade Dance","Outmaneuver"],"picked":"Accuracy","floor":12.0},{"not_picked":["Finisher","Tactician","Dagger Throw"],"picked":"SKIP","floor":13.0},{"not_picked":["Storm of Steel","Night Terror"],"picked":"Grand Finale","floor":16.0},{"not_picked":["PiercingWail","Noxious Fumes","Outmaneuver"],"picked":"SKIP","floor":18.0},{"not_picked":["Deadly Poison","Quick Slash"],"picked":"Cloak And Dagger","floor":21.0},{"not_picked":["A Thousand Cuts","Underhanded Strike","PiercingWail"],"picked":"SKIP","floor":23.0},{"not_picked":["Underhanded Strike","Blade Dance","Catalyst"],"picked":"SKIP","floor":31.0},{"not_picked":["Phantasmal Killer","Doppelganger"],"picked":"Burst","floor":33.0},{"not_picked":["Quick Slash","Footwork","Backflip"],"picked":"SKIP","floor":35.0},{"not_picked":["Poisoned Stab","Flying Knee","Dodge and Roll"],"picked":"SKIP","floor":36.0},{"not_picked":["Eviscerate","Acrobatics","Blade Dance"],"picked":"SKIP","floor":37.0},{"not_picked":["Deflect","Backflip+1","Blade Dance"],"picked":"SKIP","floor":38.0},{"not_picked":["Backflip+1","Blade Dance"],"picked":"Deflect","floor":38.0},{"not_picked":["Endless Agony","Catalyst","Heel Hook"],"picked":"SKIP","floor":39.0},{"not_picked":["Endless Agony","Blade Dance","Heel Hook"],"picked":"SKIP","floor":41.0},{"not_picked":["Prepared","Underhanded Strike+1"],"picked":"Night Terror","floor":46.0}],"player_experience":593870,"relics_obtained":[{"floor":6.0,"key":"Juzu Bracelet"},{"floor":9.0,"key":"Nunchaku"},{"floor":10.0,"key":"StrikeDummy"},{"floor":13.0,"key":"Mango"},{"floor":19.0,"key":"Necronomicon"},{"floor":23.0,"key":"Calipers"},{"floor":26.0,"key":"Anchor"},{"floor":31.0,"key":"CeramicFish"},{"floor":41.0,"key":"Vajra"},{"floor":44.0,"key":"FossilizedHelix"}],"event_choices":[{"damage_healed":0.0,"max_hp_gain":5.0,"max_hp_loss":0.0,"gold_gain":0.0,"event_name":"Big Fish","player_choice":"Donut","floor":3.0,"gold_loss":0.0,"damage_taken":0.0},{"cards_removed":["Strike_G"],"damage_healed":0.0,"max_hp_gain":0.0,"max_hp_loss":0.0,"gold_gain":0.0,"event_name":"Golden Wing","player_choice":"Card Removal","floor":5.0,"gold_loss":0.0,"damage_taken":7.0},{"damage_healed":0.0,"max_hp_gain":0.0,"max_hp_loss":0.0,"gold_gain":0.0,"event_name":"Scrap Ooze","player_choice":"Success","floor":7.0,"gold_loss":0.0,"damage_taken":35.0,"relics_obtained":["StoneCalendar"]},{"damage_healed":0.0,"max_hp_gain":0.0,"max_hp_loss":8.0,"gold_gain":0.0,"event_name":"Golden Idol","player_choice":"Lose Max HP","floor":14.0,"gold_loss":0.0,"damage_taken":0.0,"relics_obtained":["Golden Idol"]},{"damage_healed":0.0,"max_hp_gain":0.0,"max_hp_loss":0.0,"gold_gain":0.0,"event_name":"Cursed Tome","player_choice":"Obtained Book","floor":19.0,"gold_loss":0.0,"damage_taken":21.0},{"damage_healed":0.0,"max_hp_gain":0.0,"max_hp_loss":0.0,"gold_gain":0.0,"event_name":"Accursed Blacksmith","player_choice":"Forge","floor":20.0,"gold_loss":0.0,"damage_taken":0.0,"cards_upgraded":["Cloak And Dagger"]},{"cards_removed":["Defend_G"],"damage_healed":0.0,"max_hp_gain":0.0,"max_hp_loss":0.0,"gold_gain":0.0,"event_name":"Purifier","player_choice":"Purged","floor":22.0,"gold_loss":0.0,"damage_taken":0.0},{"damage_healed":0.0,"max_hp_gain":0.0,"max_hp_loss":39.0,"gold_gain":0.0,"event_name":"Ghosts","player_choice":"Became a Ghost","floor":24.0,"gold_loss":0.0,"damage_taken":0.0,"cards_obtained":["Ghostly","Ghostly","Ghostly"]},{"damage_healed":0.0,"max_hp_gain":0.0,"max_hp_loss":0.0,"gold_gain":50.0,"event_name":"Nest","player_choice":"Stole From Cult","floor":28.0,"gold_loss":0.0,"damage_taken":0.0},{"damage_healed":0.0,"max_hp_gain":0.0,"max_hp_loss":0.0,"gold_gain":0.0,"event_name":"Mysterious Sphere","player_choice":"Fight","floor":44.0,"gold_loss":0.0,"damage_taken":0.0},{"cards_removed":["Die Die Die"],"damage_healed":0.0,"max_hp_gain":0.0,"max_hp_loss":0.0,"gold_gain":0.0,"event_name":"Falling","player_choice":"Removed Attack","floor":48.0,"gold_loss":0.0,"damage_taken":0.0}],"is_beta":false,"boss_relics":[{"not_picked":["WristBlade","Fusion Hammer"],"picked":"Runic Pyramid"},{"not_picked":["Astrolabe","Black Star"],"picked":"Empty Cage"}],"items_purged_floors":[2,11,30,45,47],"is_endless":false,"potions_floor_spawned":[1,6,12,16,18,21,36,39,41,44,46],"killed_by":"Shield and Spear","ascension_level":20}}