{"host":"7cp3z5w0tcrrm8ys","time":1613443071,"event":{"mods":["AchievementEnabler","BaseMod","DeckTracker","Minty Spire (QoL Compilation)","StSLib","SuperFastMode"],"gold_per_floor":[112,126,205,215,225,225,237,248,248,248,92,102,127,149,149,149,149],"floor_reached":16,"language":"KOR","playtime":556,"items_purged":[],"score":208,"play_id":"5bfcb006-45dc-49f8-82c4-3184e0e6ec10","local_time":"20210216113751","is_ascension_mode":true,"campfire_choices":[{"data":"Sunder","floor":6,"key":"SMITH"},{"floor":10,"key":"REST"},{"data":"Hello World","floor":15,"key":"SMITH"}],"circlet_count":0,"master_deck":["AscendersBane","Strike_B","Strike_B","Strike_B","Defend_B","Defend_B","Defend_B","Defend_B","Zap","Dualcast","Consume","Sunder+1","Steam Power","Go for the Eyes","Steam","Glacier","Barrage","Hello World+1","Ball Lightning","Redo+1","Turbo+1","Go for the Eyes","Fission+1"],"relics":["Cracked Core","Toxic Egg 2","Symbiotic Virus","Odd Mushroom"],"acts_visited":["Exordium"],"potions_floor_usage":[12,16,16],"damage_taken":[{"damage":0,"enemies":"Small Slimes","floor":1,"turns":4},{"damage":0,"enemies":"2 Louse","floor":2,"turns":2},{"damage":2,"enemies":"Jaw Worm","floor":4,"turns":3},{"damage":9,"enemies":"Large Slime","floor":5,"turns":5},{"damage":3,"enemies":"Blue Slaver","floor":7,"turns":5},{"damage":7,"enemies":"3 Louse","floor":8,"turns":4},{"damage":18,"enemies":"Lots of Slimes","floor":12,"turns":3},{"damage":16,"enemies":"3 Sentries","floor":13,"turns":6},{"damage":13,"enemies":"The Mushroom Lair","floor":14,"turns":3},{"damage":18,"enemies":"Hexaghost","floor":16,"turns":9}],"seed_played":"-144328171919135069","potions_obtained":[{"floor":1,"key":"FocusPotion"},{"floor":2,"key":"Strength Potion"},{"floor":14,"key":"SteroidPotion"}],"is_trial":false,"path_per_floor":["M","M","?","M","M","R","M","M","T","R","$","M","E","?","R","B"],"character_chosen":"DEFECT","items_purchased":["Hello World","Ball Lightning","Redo+1"],"campfire_rested":1,"item_purchase_floors":[11,11,11],"current_hp_per_floor":[64,64,64,62,53,53,50,43,43,64,64,46,30,17,17,0,0],"gold":149,"neow_bonus":"TRANSFORM_CARD","is_daily":false,"chose_seed":false,"campfire_upgraded":2,"win_rate":0.0,"timestamp":1613443071,"path_taken":["M","M","?","M","M","R","M","M","T","R","$","M","E","?","R","BOSS"],"items_purchased_type":["Card","Card","Card"],"build_version":"2020-12-22","purchased_purges":0,"victory":false,"max_hp_per_floor":[71,71,71,71,71,71,71,71,71,71,71,71,71,71,71,71,71],"card_choices":[{"not_picked":["FTL","Steam"],"picked":"Sunder","floor":1},{"not_picked":["Blizzard","Scrape"],"picked":"Steam Power","floor":2},{"not_picked":["Hologram","Capacitor"],"picked":"Go for the Eyes","floor":4},{"not_picked":["Redo","Gash"],"picked":"Steam","floor":5},{"not_picked":["Barrage","Go for the Eyes"],"picked":"Glacier","floor":7},{"not_picked":["Double Energy","Tempest"],"picked":"Barrage","floor":8},{"not_picked":["Hologram+1","Chill+1"],"picked":"Turbo+1","floor":12},{"not_picked":["Ball Lightning","Coolheaded+1"],"picked":"Go for the Eyes","floor":13},{"not_picked":["Rip and Tear","Leap+1"],"picked":"Fission+1","floor":14}],"player_experience":814326,"relics_obtained":[{"floor":9,"key":"Toxic Egg 2"},{"floor":13,"key":"Symbiotic Virus"},{"floor":14,"key":"Odd Mushroom"}],"event_choices":[{"damage_healed":0,"gold_gain":79,"player_choice":"Gained Gold","damage_taken":0,"max_hp_gain":0,"max_hp_loss":0,"event_name":"Golden Wing","floor":3,"gold_loss":0},{"damage_healed":0,"gold_gain":0,"player_choice":"Fought Mushrooms","damage_taken":0,"max_hp_gain":0,"max_hp_loss":0,"event_name":"Mushrooms","floor":14,"gold_loss":0}],"is_beta":false,"boss_relics":[],"items_purged_floors":[],"is_endless":false,"potions_floor_spawned":[1,2,5,14],"killed_by":"Hexaghost","ascension_level":20}}