{"host":"hpdezpg731xgox4e","time":1613441124,"event":{"mods":["2.2 Compatiblity","Aspiration","BaseMod","Downfall","GifTheSpireLib","Minty Spire (QoL Compilation)","Shop Mod","StSLib"],"gold_per_floor":[99,109,123,123,123,140,140,150,164,193,193,193,205,215,226,321,321,321,341,341,361,16,16,88,107,107,102,120,138,138,138,157,253,253,253,265,278,303,303,303,329,329,32,50,72,92,117,145,145,145],"floor_reached":51,"language":"ENG","playtime":4907,"items_purged":["downfall:Malfunctioning","sneckomod:Strike"],"score":735,"play_id":"6080a339-a11a-4539-84e1-1109c1b15366","local_time":"20210215210524","is_ascension_mode":false,"campfire_choices":[{"data":"sneckomod:SnekBite","floor":1.0,"key":"SMITH"},{"floor":12.0,"key":"REST"},{"data":"sneckomod:Memorize","floor":23.0,"key":"SMITH"},{"floor":49,"key":"REST"}],"circlet_count":0,"master_deck":["sneckomod:TailWhip+1","sneckomod:SnekBite+1","sneckomod:Unknown","sneckomod:SnakeSap","sneckomod:RainOfDice+1","sneckomod:UnknownBlock+1","sneckomod:UnendingSupply+1","sneckomod:IronFang","sneckomod:IronFang","hexamod:RainOfEmbers+1","sneckomod:TrashToTreasure+1","sneckomod:SoulRoll+1","sneckomod:UnknownUncommonPower+1","The Bomb","Guardian:BronzeOrb+1","sneckomod:UnknownClassHEXA_GHOST_PURPLE+1","sneckomod:TrashToTreasure+1","sneckomod:SoulRoll","sneckomod:Nope","sneckomod:UnknownUncommonSkill+1","sneckomod:UnknownBlock","sneckomod:Unknown2Cost","sneckomod:UnknownRareSkill","sneckomod:UnknownWeak+1","Barricade","sneckomod:UnknownDraw+1","sneckomod:UnknownStrike+1","hexamod:HeatCrush+1","Guardian:FierceBash+1","hexamod:HeatCrush+1","hexamod:SixthSeal","sneckomod:UnknownVulnerable+1","sneckomod:QuickMove+1","sneckomod:SoulRoll","sneckomod:DiceBoulder+1","sneckomod:SerpentIdol"],"relics":["sneckomod:SneckoSoul","Centennial Puzzle","Letter Opener","Snecko Eye","Molten Egg 2","Oddly Smooth Stone","Fusion Hammer","PreservedInsect","DollysMirror","Blood Vial","Dream Catcher","Gremlin Horn"],"acts_visited":["Exordium","TheCity","TheBeyond"],"potions_floor_usage":[48,48,50],"damage_taken":[{"damage":3.0,"enemies":"Jaw Worm","floor":2.0,"turns":2.0},{"damage":1.0,"enemies":"Cultist","floor":3.0,"turns":3.0},{"damage":1.0,"enemies":"2 Louse","floor":6.0,"turns":3.0},{"damage":11.0,"enemies":"Lots of Slimes","floor":8.0,"turns":5.0},{"damage":4.0,"enemies":"2 Fungi Beasts","floor":9.0,"turns":3.0},{"damage":17.0,"enemies":"Lagavulin","floor":10.0,"turns":4.0},{"damage":12.0,"enemies":"Blue Slaver","floor":13.0,"turns":2.0},{"damage":11.0,"enemies":"Exordium Wildlife","floor":14.0,"turns":4.0},{"damage":2.0,"enemies":"downfall:LooterAlt","floor":15.0,"turns":2.0},{"damage":17.0,"enemies":"DF_ARCHETYPE_STREAMLINE","floor":16.0,"turns":9.0},{"damage":0.0,"enemies":"Shell Parasite","floor":19.0,"turns":4.0},{"damage":2.0,"enemies":"3 Byrds","floor":21.0,"turns":4.0},{"damage":0.0,"enemies":"downfall:FleeingMerchant","floor":22.0,"turns":4.0},{"damage":9.0,"enemies":"Snecko","floor":25.0,"turns":4.0},{"damage":3.0,"enemies":"downfall:FleeingMerchant","floor":27.0,"turns":3.0},{"damage":4.0,"enemies":"Snake Plant","floor":28.0,"turns":2.0},{"damage":0.0,"enemies":"Sentry and Sphere","floor":29.0,"turns":3.0},{"damage":6.0,"enemies":"Snecko","floor":32.0,"turns":3.0},{"damage":20.0,"enemies":"IC_MUSHROOM_ARCHETYPE","floor":33.0,"turns":5.0},{"damage":17.0,"enemies":"3 Darklings","floor":36.0,"turns":3.0},{"damage":6.0,"enemies":"Orb Walker","floor":37.0,"turns":3.0},{"damage":15.0,"enemies":"Sphere and 2 Shapes","floor":38.0,"turns":2.0},{"damage":16.0,"enemies":"Jaw Worm Horde","floor":44.0,"turns":3.0},{"damage":0.0,"enemies":"Transient","floor":45.0,"turns":5.0},{"damage":0.0,"enemies":"3 Darklings","floor":46.0,"turns":4.0},{"damage":33,"enemies":"Nemesis","floor":48,"turns":5},{"damage":22,"enemies":"WA_ARCHETYPE_DIVINITY","floor":50,"turns":4}],"seed_played":"-116510346984458481","potions_obtained":[{"floor":6.0,"key":"sneckomod:OffclassReductionPotion"},{"floor":10.0,"key":"DuplicationPotion"},{"floor":13.0,"key":"Energy Potion"},{"floor":21.0,"key":"Fire Potion"},{"floor":25.0,"key":"Fruit Juice"},{"floor":32.0,"key":"PowerPotion"},{"floor":36.0,"key":"SkillPotion"},{"floor":44.0,"key":"CultistPotion"}],"is_trial":false,"path_per_floor":["R","M","M","?","?","M","T","M","M","E","?","R","M","M","M","B",null,"R","M","?","M","$","R","T","M","?","$","M","M","?","?","M","B",null,"R","M","M","M","?","R","T","R","$","M","M","M","?","E","R","B",null],"character_chosen":"THE_SNECKO","items_purchased":["The Bomb","sneckomod:Memorize","sneckomod:UnknownRareAttack+1","Oddly Smooth Stone","DollysMirror","Blood Vial"],"campfire_rested":2,"item_purchase_floors":[22,22,27,27,43,43],"current_hp_per_floor":[81,78,77,74,74,73,73,69,65,48,48,72,60,49,47,30,81,81,81,81,79,79,79,79,70,70,72,68,75,75,75,69,49,86,86,73,67,59,59,59,59,59,59,45,47,49,49,18,45,25],"gold":145,"neow_bonus":"REMOVE_TWO","is_daily":false,"chose_seed":false,"campfire_upgraded":2,"win_rate":0.0,"timestamp":1613441124,"path_taken":["R","M","M","?","?","M","T","M","?","E","?","R","?","M","M","BOSS","R","M","?","M","$","R","T","M","?","?","?","M","?","?","M","BOSS","R","M","M","M","?","R","T","R","?","M","?","M","?","E","R","BOSS"],"items_purchased_type":["Card","Card","Card","Relic","Relic","Relic"],"build_version":"2020-12-22","purchased_purges":2,"victory":true,"max_hp_per_floor":[81,81,81,81,81,81,81,81,81,81,81,81,81,81,81,81,81,81,81,81,81,81,81,81,81,81,86,86,86,86,86,86,86,86,86,90,90,90,90,90,90,90,90,90,90,90,90,90,90,90],"card_choices":[{"not_picked":["sneckomod:WideSting","sneckomod:SoulRoll"],"picked":"sneckomod:SnakeSap","floor":2.0},{"not_picked":["sneckomod:QuickBite","sneckomod:SlitherStrike"],"picked":"sneckomod:RainOfDice","floor":3.0},{"not_picked":["sneckomod:UnknownCommonSkill","sneckomod:MasterEye"],"picked":"sneckomod:UnknownBlock","floor":6.0},{"not_picked":["sneckomod:DiceCrush","sneckomod:SoulRoll","sneckomod:TrashToTreasure"],"picked":"SKIP","floor":8.0},{"not_picked":["sneckomod:UnknownCommonSkill","sneckomod:UnknownDraw"],"picked":"sneckomod:UnendingSupply+1","floor":9.0},{"not_picked":["sneckomod:SlitherStrike","sneckomod:UnknownVulnerable"],"picked":"sneckomod:UnknownWeak","floor":10.0},{"not_picked":["sneckomod:Unknown1Cost","sneckomod:UnknownCommonAttack"],"picked":"sneckomod:UnknownUncommonAttack","floor":13.0},{"not_picked":["sneckomod:ImprovisedAttack","sneckomod:RainOfDice"],"picked":"sneckomod:IronFang","floor":14.0},{"not_picked":["sneckomod:Nope","sneckomod:CheapStock+1"],"picked":"sneckomod:IronFang","floor":15.0},{"not_picked":["sneckomod:SerpentMind+1","sneckomod:UnknownRareAttack"],"picked":"sneckomod:UnknownRarePower+1","floor":16.0},{"not_picked":["sneckomod:UnknownClassRED","sneckomod:Nope"],"picked":"sneckomod:TrashToTreasure+1","floor":19.0},{"not_picked":["sneckomod:UnknownClassRED+1","sneckomod:ImprovisedAttack"],"picked":"sneckomod:SoulRoll+1","floor":21.0},{"not_picked":["sneckomod:UnendingSupply+1","sneckomod:DefensiveFlair"],"picked":"sneckomod:UnknownUncommonPower+1","floor":22.0},{"not_picked":["sneckomod:QuickBite+1","sneckomod:Unknown1Cost"],"picked":"sneckomod:UnknownClassHEXA_GHOST_PURPLE+1","floor":25.0},{"not_picked":["sneckomod:RainOfDice+1","sneckomod:DiceBlock+1"],"picked":"sneckomod:TrashToTreasure+1","floor":27.0},{"not_picked":["sneckomod:UnknownBlock","sneckomod:Nope"],"picked":"sneckomod:SoulRoll","floor":28.0},{"not_picked":["sneckomod:UnknownBlock","sneckomod:UnknownExhaust"],"picked":"sneckomod:Nope","floor":29.0},{"not_picked":["sneckomod:MasterEye","sneckomod:DiceCrush+1"],"picked":"sneckomod:UnknownWeak","floor":32.0},{"not_picked":["sneckomod:Mudshield","sneckomod:SerpentMind"],"picked":"sneckomod:Unknown3Cost","floor":33.0},{"not_picked":["sneckomod:IronFang+1","sneckomod:UnknownClassRED"],"picked":"sneckomod:UnknownDraw+1","floor":36.0},{"not_picked":["sneckomod:UnknownClassRED+1","sneckomod:UnknownDraw"],"picked":"sneckomod:UnknownStrike+1","floor":37.0},{"not_picked":["sneckomod:SnekBeam+1","sneckomod:Nope+1"],"picked":"sneckomod:UnknownUncommonAttack+1","floor":38.0},{"not_picked":["sneckomod:DiceCrush+1","sneckomod:UnknownClassRED+1"],"picked":"sneckomod:UnknownVulnerable+1","floor":44.0},{"not_picked":["sneckomod:SnekBeam+1","sneckomod:IronFang+1"],"picked":"sneckomod:QuickMove+1","floor":45.0},{"not_picked":["sneckomod:Nope","sneckomod:UnknownUncommonSkill"],"picked":"sneckomod:SoulRoll","floor":46.0},{"not_picked":["sneckomod:SoulDraw+1","sneckomod:QuickMove+1"],"picked":"sneckomod:DiceBoulder+1","floor":48},{"not_picked":["sneckomod:UnknownClassHEXA_GHOST_PURPLE","sneckomod:Nope"],"picked":"sneckomod:SerpentIdol","floor":49}],"player_experience":87438,"relics_obtained":[{"floor":7.0,"key":"Frozen Egg 2"},{"floor":10.0,"key":"Letter Opener"},{"floor":24.0,"key":"Molten Egg 2"},{"floor":41.0,"key":"PreservedInsect"},{"floor":47.0,"key":"Dream Catcher"},{"floor":48,"key":"Gremlin Horn"}],"event_choices":[{"damage_healed":0.0,"max_hp_gain":0.0,"max_hp_loss":0.0,"gold_gain":0.0,"event_name":"Scrap Ooze","player_choice":"Success","floor":4.0,"gold_loss":0.0,"damage_taken":3.0,"relics_obtained":["Centennial Puzzle"]},{"damage_healed":0.0,"max_hp_gain":0.0,"max_hp_loss":0.0,"gold_gain":0.0,"event_name":"Accursed Blacksmith","player_choice":"Forge","floor":5.0,"gold_loss":0.0,"damage_taken":0.0,"cards_upgraded":["sneckomod:RainOfDice"]},{"damage_healed":0.0,"max_hp_gain":0.0,"max_hp_loss":0.0,"gold_gain":0.0,"event_name":"Ghosts","player_choice":"Ignored","floor":26.0,"gold_loss":0.0,"damage_taken":0.0}],"is_beta":false,"boss_relics":[{"not_picked":["aspiration:PoetsPen_weak","aspiration:FutureDiary"],"picked":"Snecko Eye"},{"not_picked":["SlaversCollar","Philosopher\u0027s Stone"],"picked":"Fusion Hammer"}],"items_purged_floors":[22,27],"is_endless":false,"potions_floor_spawned":[6,10,13,14,21,25,32,38,44,45],"ascension_level":0}}