{"host":"eaiphzh066bwqdh7","time":1613505947,"event":{"mods":["AchievementEnabler","BaseMod","Better Note","Colored Powertips","Halation","Hubris","Infinite Spire","Minty Spire (QoL Compilation)","Quick Restart","Reliquary","Replay The Spire","StSLib"],"gold_per_floor":[113,78,78,78,89,89,120,120,120,135,169,169,184,184,184,288,288,306,324,6,6,16,16,16,16],"floor_reached":24,"language":"ENG","playtime":818,"items_purged":["Defend_G"],"score":245,"play_id":"1d80a7f5-2d9a-4ebc-9e55-f3ba2e680def","local_time":"20210216150547","is_ascension_mode":true,"campfire_choices":[{"data":"Poisoned Stab","floor":6,"key":"SMITH"},{"floor":8,"key":"REST"},{"data":"Catalyst","floor":12,"key":"SMITH"},{"floor":15,"key":"REST"},{"floor":23,"key":"REST"}],"circlet_count":0,"master_deck":["Strike_G","Strike_G","Strike_G","Strike_G","Defend_G","Defend_G","Defend_G","Defend_G","Survivor","Neutralize","Poisoned Stab+1","Hidden Blade","Cloak And Dagger+1","Bane","Catalyst+1","Phantasmal Killer+1","Burst","Blur+1","Fluid Movement+1"],"relics":["Ring of the Snake","Vampiric Spirits","Blood Vial","Kunai","infinitespire:Beetle Shell","infinitespire:ShieldingShard"],"acts_visited":["Exordium","TheCity"],"potions_floor_usage":[16,18,22,24,24],"damage_taken":[{"damage":0,"enemies":"2 Louse","floor":1,"turns":4},{"damage":0,"enemies":"Cultist","floor":5,"turns":4},{"damage":24,"enemies":"Lagavulin","floor":7,"turns":8},{"damage":4,"enemies":"Small Slimes","floor":10,"turns":3},{"damage":9,"enemies":"Replay:BlueRogue","floor":11,"turns":5},{"damage":10,"enemies":"3 Louse","floor":13,"turns":3},{"damage":38,"enemies":"Hexaghost","floor":16,"turns":9},{"damage":28,"enemies":"Spheric Guardian","floor":18,"turns":7},{"damage":6,"enemies":"Chosen","floor":19,"turns":3},{"damage":34,"enemies":"Sentry and Sphere","floor":22,"turns":9},{"damage":50,"enemies":"Gremlin Leader","floor":24,"turns":8}],"seed_played":"-1837181028977951145","potions_obtained":[{"floor":1,"key":"LiquidMemories"},{"floor":10,"key":"LiquidBronze"},{"floor":11,"key":"LifebloodPotion"},{"floor":16,"key":"DistilledChaos"},{"floor":18,"key":"Strength Potion"}],"is_trial":false,"path_per_floor":["M","?","$","?","M","R","E","R","T","M","E","R","M","?","R","B",null,"M","M","$","?","M","R","E"],"character_chosen":"THE_SILENT","items_purchased":["infinitespire:ShieldingShard"],"campfire_rested":3,"item_purchase_floors":[20],"current_hp_per_floor":[50,67,67,67,70,70,46,67,67,66,61,61,55,41,62,31,70,42,43,43,43,14,35,0,0],"gold":16,"neow_bonus":"ONE_RARE_RELIC","is_daily":false,"chose_seed":false,"campfire_upgraded":2,"win_rate":0.0,"timestamp":1613505947,"path_taken":["M","?","$","?","M","R","E","R","T","?","E","R","?","?","R","BOSS","M","M","$","?","M","R","E"],"items_purchased_type":["Relic"],"build_version":"2020-12-22","purchased_purges":1,"victory":false,"max_hp_per_floor":[70,70,70,70,70,70,70,70,70,70,70,70,70,70,70,70,70,70,70,70,70,70,70,70,70],"card_choices":[{"not_picked":["Acrobatics","Tactician"],"picked":"Poisoned Stab","floor":1},{"not_picked":["hubris:TrickCloak","Flying Knee","PiercingWail"],"picked":"SKIP","floor":5},{"not_picked":["Wraith Form v2","Calculated Gamble"],"picked":"Cloak And Dagger","floor":7},{"not_picked":["Hidden Blade","Deflect"],"picked":"Bane","floor":10},{"not_picked":["Acrobatics","Outmaneuver"],"picked":"Catalyst","floor":11},{"not_picked":["Quick Slash","Outmaneuver"],"picked":"Phantasmal Killer","floor":13},{"not_picked":["Replay:Bag of Tricks","Die Die Die"],"picked":"Burst","floor":16},{"not_picked":["Cloak And Dagger","Well Laid Plans"],"picked":"Blur+1","floor":18},{"not_picked":["Well Laid Plans+1","Underhanded Strike"],"picked":"Fluid Movement+1","floor":19},{"not_picked":["Quick Slash","Flying Knee+1","Acrobatics"],"picked":"SKIP","floor":22}],"player_experience":313956,"relics_obtained":[{"floor":7,"key":"Blood Vial"},{"floor":9,"key":"Kunai"},{"floor":11,"key":"infinitespire:Beetle Shell"}],"event_choices":[{"damage_healed":17,"gold_gain":0,"player_choice":"Healed","damage_taken":0,"max_hp_gain":0,"max_hp_loss":0,"event_name":"The Cleric","floor":2,"gold_loss":35},{"damage_healed":0,"gold_gain":0,"cards_transformed":["Strike_G"],"player_choice":"Transformed","damage_taken":0,"max_hp_gain":0,"max_hp_loss":0,"event_name":"Transmorgrifier","floor":4,"gold_loss":0,"cards_obtained":["Hidden Blade"]},{"damage_healed":0,"gold_gain":0,"player_choice":"Entered Light","damage_taken":14,"max_hp_gain":0,"max_hp_loss":0,"event_name":"Shining Light","floor":14,"gold_loss":0,"cards_upgraded":["Phantasmal Killer","Cloak And Dagger"]},{"damage_healed":0,"gold_gain":0,"player_choice":"Ignored","damage_taken":0,"max_hp_gain":0,"max_hp_loss":0,"event_name":"Cursed Tome","floor":21,"gold_loss":0}],"is_beta":false,"boss_relics":[{"not_picked":["halation:Yufonium","hubris:CrackedHourglass","Velvet Choker"]}],"items_purged_floors":[20],"is_endless":false,"potions_floor_spawned":[1,10,11,16,18],"killed_by":"Gremlin Leader","ascension_level":4}}