{"host":"06h77atpgiec8kbk","time":1613461073,"event":{"mods":["Act Like it!","Arknights","Aspiration","Bard","BaseMod","Bossed Relics","Colored Powertips","Downfall","Energized Spire","Hermit","Marisa£®ÏF”Í°°ƒß¿Ì…≥£©","Minty Spire (QoL Compilation)","Quick Restart","Reimu£®≤©¿ˆ¡È√Œ£©","Relic Stats","Reliquary","Replay The Spire","StSLib","The Construct","The Cursed","The Gatherer","The Hierophant","The Runesmith","[GremlinLeader]The Maniac"],"gold_per_floor":[99,119,133,149,149,149,172,189,289,306,306,340,352,369,383,486,486,186,203,213,224,224,234,234,244,279,279,279,313,76,36,53,150,150,150,169,169,182,182,182,257,347,360,380,397,432,99,134,144,144,144,144],"floor_reached":50,"language":"ZHS","playtime":5130,"items_purged":["bronze:Defend","bronze:Strike"],"score":629,"play_id":"c549cfe7-4234-4b72-b27d-915483b9bd40","local_time":"20210216153753","is_ascension_mode":true,"campfire_choices":[{"floor":1.0,"key":"RECALL"},{"data":"bronze:FineTuning","floor":18.0,"key":"SMITH"},{"data":"bronze:Verify","floor":28.0,"key":"SMITH"},{"data":"bronze:CleanCode","floor":35.0,"key":"PURGE"},{"data":"Delirium","floor":40,"key":"PURGE"}],"circlet_count":0,"master_deck":["bronze:Strike","bronze:Defend","bronze:Defend","bronze:Defend","bronze:Replicate","bronze:Goto","bronze:Verify+1","bronze:WhirlingStrike","bronze:Repair+1","bronze:InfiniteBeams","bronze:FineTuning+1","bronze:Repair+1","bronze:Separator","bronze:Iterate","bronze:Assembly","bronze:Boost+1","bronze:Iterate+1","bronze:BronzeOrb+1","bronze:ChildClass","bronze:Mutator","bronze:ChildClass+1","bronze:Iterate","bronze:FineTuning","bronze:BitShift+1","bronze:Terminator+1"],"relics":["bronze:BronzeCore","bronze:BottledCode","downfall:ShatteredFragment","Bronze Scales","aspiration:RitualDagger","downfall:HeartBlessingRed","downfall:HeartBlessingGreen","downfall:HeartBlessingBlue","Tea:ReiMu","reliquary:Buckler","Peace Pipe","reliquary:Bookmark","ZunR:ReiMu","aspiration:MobileForge","Ring of Fury","reliquary:Sideboard","ReplayTheSpireMod:ShopPack","Garlic","reliquary:FeatherDuster"],"acts_visited":["Exordium","TheCity","TheBeyond"],"potions_floor_usage":[42],"damage_taken":[{"damage":0.0,"enemies":"Small Slimes","floor":2.0,"turns":5.0},{"damage":0.0,"enemies":"ats:Genji","floor":3.0,"turns":5.0},{"damage":7.0,"enemies":"Jaw Worm","floor":4.0,"turns":3.0},{"damage":12.0,"enemies":"Blue Slaver","floor":8.0,"turns":3.0},{"damage":6.0,"enemies":"downfall:Heads","floor":9.0,"turns":4.0},{"damage":7.0,"enemies":"Red Slaver","floor":10.0,"turns":3.0},{"damage":30.0,"enemies":"3 Sentries","floor":12.0,"turns":8.0},{"damage":0.0,"enemies":"downfall:LooterAlt","floor":13.0,"turns":3.0},{"damage":0.0,"enemies":"Exordium Thugs","floor":14.0,"turns":3.0},{"damage":7.0,"enemies":"2 Fungi Beasts","floor":15.0,"turns":2.0},{"damage":21.0,"enemies":"SI_SHIV_ARCHETYPE","floor":16.0,"turns":7.0},{"damage":17.0,"enemies":"downfall:LooterAlt2","floor":19.0,"turns":3.0},{"damage":9.0,"enemies":"Chosen","floor":20.0,"turns":3.0},{"damage":24.0,"enemies":"Snake Plant","floor":21.0,"turns":4.0},{"damage":28.0,"enemies":"3 Cultists","floor":23.0,"turns":4.0},{"damage":32.0,"enemies":"Centurion and Healer","floor":25.0,"turns":4.0},{"damage":15.0,"enemies":"Gremlin Leader","floor":26.0,"turns":5.0},{"damage":22.0,"enemies":"Book of Stabbing","floor":29.0,"turns":3.0},{"damage":22.0,"enemies":"downfall:FleeingMerchant","floor":30.0,"turns":4.0},{"damage":6.0,"enemies":"Snake Plant","floor":32.0,"turns":2.0},{"damage":51.0,"enemies":"DF_ARCHETYPE_CLAW","floor":33.0,"turns":6.0},{"damage":6.0,"enemies":"3 Shapes","floor":36.0,"turns":2.0},{"damage":6.0,"enemies":"Orb Walker","floor":38.0,"turns":2.0},{"damage":9,"enemies":"downfall:FleeingMerchant","floor":42,"turns":3},{"damage":44,"enemies":"Transient","floor":43,"turns":5},{"damage":37,"enemies":"Maw","floor":44,"turns":5},{"damage":9,"enemies":"Jaw Worm Horde","floor":45,"turns":3},{"damage":12,"enemies":"Nemesis","floor":46,"turns":3},{"damage":18,"enemies":"Reptomancer","floor":48,"turns":4},{"damage":6,"enemies":"Spire Growth","floor":49,"turns":2},{"damage":190,"enemies":"WA_ARCHETYPE_DIVINITY","floor":50,"turns":5}],"seed_played":"4782167666405600410","potions_obtained":[{"floor":3.0,"key":"GrandPatriotsElixir:ReiMu"},{"floor":4.0,"key":"AttackPotion"},{"floor":10.0,"key":"Block Potion"},{"floor":14.0,"key":"Doom Potion"},{"floor":15.0,"key":"Flashbang"},{"floor":16.0,"key":"Energy Potion"},{"floor":19.0,"key":"Elixir"},{"floor":32.0,"key":"bronze:FreeFunctionsPotion"},{"floor":38,"key":"LiquidBronze"},{"floor":39,"key":"downfall:CursedFountainPotion"},{"floor":43,"key":"Dexterity Potion"},{"floor":45,"key":"bronze:BurnAndBuffPotion"}],"is_trial":false,"path_per_floor":["R","M","M","M","?","?","T","M","?","M","?","E","M","M","M","B",null,"R","M","M","M","?","M","T","M","E","T","R","E","$","?","M","B",null,"R","M","?","M","?","R","T","$","M","M","M","E","?","E","M","B"],"character_chosen":"THE_AUTOMATON","items_purchased":["reliquary:Bookmark","ReplayTheSpireMod:ShopPack"],"campfire_rested":0,"item_purchase_floors":[30,42],"current_hp_per_floor":[70,70,70,70,60,39,39,34,35,38,38,28,48,59,60,43,60,70,56,57,49,49,41,41,29,35,35,35,33,32,32,46,16,70,70,67,67,67,67,67,67,70,39,22,33,43,79,74,76,0,0,0],"gold":144,"neow_bonus":"ONE_RANDOM_RARE_CARD","is_daily":false,"chose_seed":false,"campfire_upgraded":2,"win_rate":0.0,"timestamp":1613461073,"path_taken":["R","M","M","M","?","?","T","M","?","?","?","E","M","?","M","BOSS","R","M","M","M","?","M","T","?","E","?","R","E","$","?","M","BOSS","R","M","?","M","?","R","T","$","M","?","M","E","?","E","M","BOSS"],"items_purchased_type":["Relic","Relic"],"build_version":"2020-12-22","purchased_purges":2,"victory":false,"max_hp_per_floor":[70,70,70,70,60,60,60,60,60,60,60,60,60,60,60,60,60,70,70,70,70,70,70,70,70,70,70,70,70,70,70,70,70,70,70,70,70,70,70,70,70,70,70,70,70,70,79,79,79,79,79,79],"relic_stats":{"Peace Pipe":3,"counters":[31,118],"Bronze Scales":[239],"obtain_stats":[{"reliquary:FeatherDuster":48,"bronze:BronzeCore":0,"downfall:ShatteredFragment":6,"downfall:HeartBlessingRed":18,"reliquary:Sideboard":41,"Tea:ReiMu":24,"ZunR:ReiMu":31,"downfall:HeartBlessingGreen":18,"bronze:BottledCode":5,"Peace Pipe":29,"reliquary:Bookmark":30,"downfall:HeartBlessingBlue":18,"aspiration:MobileForge":34,"Bronze Scales":12,"reliquary:Buckler":27,"Ring of Fury":37,"Garlic":46,"aspiration:RitualDagger":17,"ReplayTheSpireMod:ShopPack":42},{"reliquary:FeatherDuster":29,"bronze:BronzeCore":0,"downfall:ShatteredFragment":3,"downfall:HeartBlessingRed":11,"reliquary:Sideboard":23,"Tea:ReiMu":15,"ZunR:ReiMu":19,"downfall:HeartBlessingGreen":11,"bronze:BottledCode":3,"Peace Pipe":18,"reliquary:Bookmark":19,"downfall:HeartBlessingBlue":11,"aspiration:MobileForge":21,"Bronze Scales":7,"reliquary:Buckler":17,"Ring of Fury":22,"Garlic":28,"aspiration:RitualDagger":11,"ReplayTheSpireMod:ShopPack":24},{"reliquary:FeatherDuster":111,"bronze:BronzeCore":0,"downfall:ShatteredFragment":13,"downfall:HeartBlessingRed":46,"reliquary:Sideboard":88,"Tea:ReiMu":60,"ZunR:ReiMu":76,"downfall:HeartBlessingGreen":46,"bronze:BottledCode":13,"Peace Pipe":72,"reliquary:Bookmark":76,"downfall:HeartBlessingBlue":46,"aspiration:MobileForge":84,"Bronze Scales":31,"reliquary:Buckler":69,"Ring of Fury":86,"Garlic":107,"aspiration:RitualDagger":46,"ReplayTheSpireMod:ShopPack":91}]},"card_choices":[{"not_picked":["bronze:DelayedSlice","bronze:ItsAFeature"],"picked":"bronze:WhirlingStrike","floor":2.0},{"not_picked":["bronze:DelayedGuard","bronze:Invalidate"],"picked":"bronze:Repair","floor":3.0},{"not_picked":["bronze:Turbo","bronze:Deprecate"],"picked":"bronze:InfiniteBeams","floor":4.0},{"not_picked":["bronze:BronzeArmor","bronze:DelayedGuard"],"picked":"bronze:FineTuning","floor":8.0},{"not_picked":["bronze:CutThrough","bronze:Fortify","bronze:Deprecate"],"picked":"SKIP","floor":10.0},{"not_picked":["bronze:Frontload","bronze:BitShift","bronze:BugBarrage"],"picked":"SKIP","floor":12.0},{"not_picked":["bronze:Overheat","bronze:BugBarrage"],"picked":"bronze:Separator","floor":13.0},{"not_picked":["bronze:ChildClass","bronze:OilSpill","bronze:Overload"],"picked":"SKIP","floor":14.0},{"not_picked":["bronze:OilSpill","bronze:WildBeam"],"picked":"bronze:Iterate","floor":15.0},{"not_picked":["bronze:Verify","bronze:ThunderWave"],"picked":"bronze:Assembly","floor":16.0},{"not_picked":["bronze:Constructor+1","bronze:Invalidate+1"],"picked":"bronze:Boost","floor":19.0},{"not_picked":["bronze:CloningBeam+1","bronze:BugBarrage"],"picked":"bronze:Iterate","floor":20.0},{"not_picked":["bronze:WildBeam","bronze:Repulsor","bronze:Frontload"],"picked":"SKIP","floor":21.0},{"not_picked":["bronze:ForceShield+1","bronze:BronzeArmor"],"picked":"bronze:BronzeOrb+1","floor":23.0},{"not_picked":["bronze:DelayedSlice","bronze:DelayedGuard+1","bronze:InfiniteBeams"],"picked":"SKIP","floor":25.0},{"not_picked":["bronze:Shell+1","bronze:WhirlingStrike"],"picked":"bronze:ChildClass","floor":26.0},{"not_picked":["bronze:WhirlingStrike","bronze:Deprecate","bronze:Backtrace"],"picked":"SKIP","floor":29.0},{"not_picked":["bronze:ItsAFeature","bronze:FollowUp","bronze:BugBarrage+1"],"picked":"SKIP","floor":30.0},{"not_picked":["bronze:BugBarrage","bronze:Refactor+1","bronze:Allocate+1"],"picked":"SKIP","floor":32.0},{"not_picked":["bronze:Format","bronze:Verify"],"picked":"bronze:Mutator","floor":33.0},{"not_picked":["bronze:DelayedGuard","bronze:Repair+1"],"picked":"bronze:ChildClass+1","floor":36.0},{"not_picked":["bronze:Overload+1","bronze:Shield"],"picked":"bronze:Iterate","floor":38},{"not_picked":["bronze:Branch","bronze:OilSpill"],"picked":"bronze:FineTuning","floor":42},{"not_picked":["ReplayTheSpireMod:Brewmster","Panache"],"picked":"Mayhem","floor":42},{"not_picked":["bronze:ForceShield+1","bronze:Separator"],"picked":"bronze:Terminator+1","floor":43},{"not_picked":["bronze:ForceShield","bronze:OilSpill+1"],"picked":"bronze:BitShift+1","floor":44},{"not_picked":["bronze:Fortify","bronze:MaxOutput","bronze:CloningBeam+1"],"picked":"SKIP","floor":45},{"not_picked":["bronze:BugBarrage","bronze:WildBeam+1","bronze:Repair+1"],"picked":"SKIP","floor":46},{"not_picked":["bronze:Virus","bronze:BitShift","bronze:WildBeam+1"],"picked":"SKIP","floor":48},{"not_picked":["bronze:CutThrough","bronze:ClassDefault+1","bronze:ChosenStrike+1"],"picked":"SKIP","floor":49}],"player_experience":862992,"relics_obtained":[{"floor":12.0,"key":"Bronze Scales"},{"floor":24.0,"key":"Tea:ReiMu"},{"floor":27.0,"key":"reliquary:Buckler"},{"floor":29.0,"key":"Peace Pipe"},{"floor":37.0,"key":"Ring of Fury"},{"floor":41,"key":"reliquary:Sideboard"},{"floor":46,"key":"Garlic"},{"floor":48,"key":"reliquary:FeatherDuster"}],"event_choices":[{"damage_healed":0.0,"max_hp_gain":0.0,"max_hp_loss":0.0,"gold_gain":0.0,"event_name":"ZunEvent","player_choice":"π∫¬Ú…Òæ∆","floor":31.0,"gold_loss":40.0,"damage_taken":0.0,"relics_obtained":["ZunR:ReiMu"]}],"is_beta":false,"boss_relics":[{"not_picked":["Ring of Chaos","reliquary:ThirdArm"],"picked":"aspiration:RitualDagger"},{"not_picked":["energizedSpire:HugeHouse","SacredBark"],"picked":"aspiration:MobileForge"}],"items_purged_floors":[30,42],"is_endless":false,"potions_floor_spawned":[3,4,10,14,15,16,19,20,25,32,38,43,44,45,49],"killed_by":"WA_ARCHETYPE_DIVINITY","ascension_level":1}}