{"host":"q786d26vp7h4gpli","time":1613485795,"event":{"mods":["BaseMod","Downfall","Minty Spire (QoL Compilation)","Quick Restart","Remove Card Discount Mod","StSLib","Td1madao Mod"],"gold_per_floor":[109,109,31,31,43,43,78,93,93,108,108,82,100,100,100,219,282,306,324,324,324,324,324,343,343,343,362,54,67,87,110,110,110,110],"floor_reached":33,"language":"ENG","playtime":2149,"items_purged":["Injury","downfall:Bewildered"],"score":274,"play_id":"0354b6a1-1e28-4371-8d0d-16bdd907819a","local_time":"20210216222955","is_ascension_mode":false,"campfire_choices":[{"data":"Eruption","floor":6.0,"key":"SMITH"},{"floor":15.0,"key":"REST"},{"floor":23,"key":"REST"},{"floor":25,"key":"REST"},{"floor":32,"key":"REST"}],"circlet_count":0,"master_deck":["Strike_P","Strike_P","Strike_P","Strike_P","Defend_P","Defend_P","Defend_P","Defend_P+1","Eruption+1","Vigilance","FearNoEvil","DevaForm+1","Conclude","CrushJoints","SashWhip","FlurryOfBlows","FollowUp","DeusExMachina","Halt","Perseverance","FlurryOfBlows","SashWhip+1","TalkToTheHand","FlurryOfBlows","Prostrate+1","LikeWater","Devotion"],"relics":["PureWater","StrikeDummy","Juzu Bracelet","Golden Idol","Tiny House","sneckomod:BabySnecko","Nilry\u0027s Codex","Damaru","TeardropLocket"],"acts_visited":["Exordium","TheCity"],"potions_floor_usage":[16,18,30,31,33],"damage_taken":[{"damage":0.0,"enemies":"2 Louse","floor":1.0,"turns":2.0},{"damage":9.0,"enemies":"Cultist","floor":5.0,"turns":4.0},{"damage":21.0,"enemies":"3 Sentries","floor":7.0,"turns":12.0},{"damage":9.0,"enemies":"Jaw Worm","floor":8.0,"turns":4.0},{"damage":0.0,"enemies":"Exordium Wildlife","floor":10.0,"turns":2.0},{"damage":0.0,"enemies":"2 Fungi Beasts","floor":13.0,"turns":2.0},{"damage":52,"enemies":"The Guardian","floor":16,"turns":13},{"damage":22,"enemies":"2 Thieves","floor":18,"turns":3},{"damage":5,"enemies":"Chosen","floor":19,"turns":3},{"damage":40,"enemies":"Snake Plant","floor":24,"turns":5},{"damage":0,"enemies":"Centurion and Healer","floor":27,"turns":4},{"damage":4,"enemies":"Snecko","floor":29,"turns":4},{"damage":4,"enemies":"Cultist and Chosen","floor":30,"turns":4},{"damage":25,"enemies":"Shelled Parasite and Fungi","floor":31,"turns":5},{"damage":51,"enemies":"Champ","floor":33,"turns":8}],"seed_played":"-7131529774232411981","potions_obtained":[{"floor":7.0,"key":"PowerPotion"},{"floor":8.0,"key":"Energy Potion"},{"floor":10.0,"key":"Energy Potion"},{"floor":13.0,"key":"Fruit Juice"},{"floor":17,"key":"Energy Potion"},{"floor":24,"key":"EssenceOfSteel"},{"floor":29,"key":"GamblersBrew"}],"is_trial":false,"path_per_floor":["M","?","$","?","M","R","E","M","T","M","?","$","M","?","R","B",null,"M","M","?","?","?","R","M","R","T","M","$","M","M","M","R","B"],"character_chosen":"WATCHER","items_purchased":["FearNoEvil","FlurryOfBlows","TeardropLocket","FlurryOfBlows"],"campfire_rested":4,"item_purchase_floors":[3,12,28,28],"current_hp_per_floor":[79,79,79,79,70,70,49,40,40,40,40,40,45,45,70,18,89,67,62,62,62,46,72,32,58,58,58,58,54,50,25,51,0,0],"gold":110,"neow_bonus":"TEN_PERCENT_HP_BONUS","is_daily":false,"chose_seed":false,"campfire_upgraded":1,"win_rate":0.0,"timestamp":1613485795,"path_taken":["M","?","$","?","?","R","E","M","T","M","?","?","M","?","R","BOSS","M","M","?","?","?","R","M","R","T","M","$","M","M","M","R","BOSS"],"items_purchased_type":["Card","Card","Relic","Card"],"build_version":"2020-12-22","purchased_purges":2,"victory":false,"max_hp_per_floor":[79,79,79,79,79,79,79,79,79,79,79,79,84,84,84,84,89,89,89,89,89,89,89,89,89,89,89,89,89,89,89,89,89,89],"card_choices":[{"not_picked":["ThirdEye","SashWhip"],"picked":"Protect","floor":1.0},{"not_picked":["PathToVictory","EmptyFist"],"picked":"DevaForm","floor":5.0},{"not_picked":["Swivel","Wallop"],"picked":"Conclude","floor":7.0},{"not_picked":["FlyingSleeves","CutThroughFate"],"picked":"CrushJoints","floor":8.0},{"not_picked":["WheelKick","JustLucky"],"picked":"SashWhip","floor":10.0},{"not_picked":["Fasting2","Prostrate"],"picked":"FollowUp","floor":13.0},{"not_picked":["LessonLearned","Alpha"],"picked":"DeusExMachina","floor":16},{"not_picked":["Collect","WheelKick"],"picked":"Halt","floor":17},{"not_picked":["EmptyBody","WindmillStrike"],"picked":"Perseverance","floor":18},{"not_picked":["FollowUp","Vengeance+1"],"picked":"FlurryOfBlows","floor":19},{"not_picked":["ThirdEye","DevaForm"],"picked":"SashWhip+1","floor":24},{"not_picked":["Halt","FollowUp+1"],"picked":"TalkToTheHand","floor":27},{"not_picked":["Weave","ClearTheMind"],"picked":"Prostrate+1","floor":29},{"not_picked":["Fasting2","Conclude"],"picked":"LikeWater","floor":30},{"not_picked":["MentalFortress","EmptyBody"],"picked":"Devotion","floor":31}],"player_experience":596935,"relics_obtained":[{"floor":7.0,"key":"StrikeDummy"},{"floor":9.0,"key":"Juzu Bracelet"},{"floor":22,"key":"Nilry\u0027s Codex"},{"floor":26,"key":"Damaru"}],"event_choices":[{"damage_healed":0.0,"max_hp_gain":0.0,"max_hp_loss":0.0,"gold_gain":0.0,"event_name":"Golden Wing","player_choice":"Ignored","floor":2.0,"gold_loss":0.0,"damage_taken":0.0},{"cards_removed":["Protect"],"damage_healed":5.0,"max_hp_gain":0.0,"max_hp_loss":0.0,"gold_gain":0.0,"event_name":"Bonfire Elementals","player_choice":"Offered Common","floor":4.0,"gold_loss":0.0,"damage_taken":0.0},{"cards_removed":["Protect"],"damage_healed":5.0,"max_hp_gain":0.0,"max_hp_loss":0.0,"gold_gain":0.0,"event_name":"Bonfire Elementals","player_choice":"Offered Special","floor":4.0,"gold_loss":0.0,"damage_taken":0.0},{"damage_healed":0.0,"max_hp_gain":0.0,"max_hp_loss":0.0,"gold_gain":0.0,"event_name":"Living Wall","player_choice":"Grow","floor":11.0,"gold_loss":0.0,"damage_taken":0.0,"cards_upgraded":["DevaForm"]},{"damage_healed":0.0,"max_hp_gain":0.0,"max_hp_loss":0.0,"gold_gain":0.0,"event_name":"Golden Idol","player_choice":"Take Wound","floor":14.0,"gold_loss":0.0,"damage_taken":0.0,"relics_obtained":["Golden Idol"],"cards_obtained":["Injury"]},{"damage_healed":0,"gold_gain":0,"player_choice":"Ignored","damage_taken":0,"max_hp_gain":0,"max_hp_loss":0,"event_name":"NoteForYourself","floor":21,"gold_loss":0},{"damage_healed":0,"gold_gain":0,"player_choice":"Obtained Book","damage_taken":16,"max_hp_gain":0,"max_hp_loss":0,"event_name":"Cursed Tome","floor":22,"gold_loss":0}],"is_beta":false,"boss_relics":[{"not_picked":["Velvet Choker","Calling Bell"],"picked":"Tiny House"}],"items_purged_floors":[28,28],"is_endless":false,"potions_floor_spawned":[7,8,10,13,24,29],"killed_by":"Champ","ascension_level":0}}