{"host":"knk89g45d3vzr5fm","time":1613440376,"event":{"mods":["2.2 Compatiblity","BaseMod","Downfall","Minty Spire (QoL Compilation)","Relic Stats","Reliquary","Replay The Spire","StSLib","The Marked"],"gold_per_floor":[99,118,268,268,280,308,334,134,134,150,168,179,179,205,225,320,320,320,331,355,367,367,394,419,438,438,449,449,449,449],"floor_reached":28,"language":"FRA","playtime":1386,"items_purged":[],"score":416,"play_id":"0fd54807-3968-4cad-8cb3-afb98ee60183","local_time":"20210216025256","is_ascension_mode":true,"campfire_choices":[{"floor":1,"key":"RECALL"},{"data":"sneckomod:SoulCleanse","floor":8,"key":"SMITH"},{"floor":13,"key":"REST"},{"floor":18,"key":"DIG"},{"floor":26,"key":"REST"}],"circlet_count":0,"master_deck":["AscendersBane","sneckomod:TailWhip","sneckomod:SnekBite","sneckomod:Unknown","sneckomod:Unknown","sneckomod:SoulCleanse+1","downfall:Icky","sneckomod:MasterEye","sneckomod:QuickMove","Reprogram","sneckomod:UnknownClassHEXA_GHOST_PURPLE","sneckomod:Restock+1","sneckomod:UnknownRareAttack+1","sneckomod:SoulRoll","hexamod:SixthSeal","sneckomod:UnknownDraw+1","sneckomod:UnknownBlock+1","sneckomod:UnknownBlock","sneckomod:Unknown3Cost","sneckomod:Unknown","sneckomod:UnknownDexterity+1","sneckomod:Unknown0Cost","sneckomod:Unknown+1","sneckomod:UnendingSupply","hexamod:FirstSeal","sneckomod:UnknownRareSkill","sneckomod:UnknownClassRED+1"],"relics":["sneckomod:SneckoSoul","Question Card","reliquary:Knoch","downfall:HeartBlessingBlue","downfall:HeartBlessingRed","downfall:BrokenWingStatue","Anchor","Snecko Heart","Torii","InkBottle","War Paint"],"acts_visited":["Exordium","TheCity"],"potions_floor_usage":[11,16,21,23,23],"damage_taken":[{"damage":6,"enemies":"2 Louse","floor":2,"turns":1},{"damage":6,"enemies":"Jaw Worm","floor":5,"turns":4},{"damage":22,"enemies":"Gremlin Nob","floor":6,"turns":4},{"damage":7,"enemies":"Small Slimes","floor":10,"turns":3},{"damage":11,"enemies":"Exordium Wildlife","floor":11,"turns":5},{"damage":0,"enemies":"downfall:LooterAlt","floor":12,"turns":4},{"damage":32,"enemies":"3 Sentries","floor":14,"turns":7},{"damage":0,"enemies":"Large Slime","floor":15,"turns":6},{"damage":23,"enemies":"DF_ARCHETYPE_STREAMLINE","floor":16,"turns":12},{"damage":0,"enemies":"downfall:LooterAlt2","floor":19,"turns":3},{"damage":19,"enemies":"Spheric Guardian","floor":20,"turns":5},{"damage":16,"enemies":"Shelled Parasite and Fungi","floor":21,"turns":6},{"damage":28,"enemies":"Gremlin Leader","floor":23,"turns":5},{"damage":1,"enemies":"Centurion and Healer","floor":25,"turns":4},{"damage":33,"enemies":"Snake Plant","floor":27,"turns":5},{"damage":41,"enemies":"Shelled Parasite and Fungi","floor":28,"turns":3}],"seed_played":"2638899092409815710","potions_obtained":[{"floor":6,"key":"BlessingOfTheForge"},{"floor":10,"key":"AttackPotion"},{"floor":14,"key":"sneckomod:OffclassReductionPotion"},{"floor":19,"key":"SteroidPotion"},{"floor":20,"key":"PowerPotion"},{"floor":21,"key":"GamblersBrew"}],"is_trial":false,"path_per_floor":["R","M","?","?","M","E","T","R","?","M","M","M","R","E","M","B",null,"R","M","M","M","?","E","T","M","R","M","M"],"character_chosen":"THE_SNECKO","items_purchased":[],"campfire_rested":2,"item_purchase_floors":[],"current_hp_per_floor":[90,84,84,77,76,54,54,64,64,57,46,46,78,46,46,23,88,88,88,69,58,58,30,30,29,61,35,0,0,0],"gold":449,"neow_bonus":"TEN_PERCENT_HP_BONUS","is_daily":false,"chose_seed":false,"campfire_upgraded":1,"win_rate":0.0,"timestamp":1613440376,"path_taken":["R","M","?","?","M","E","T","R","?","?","M","M","R","E","M","BOSS","R","M","M","M","?","E","T","M","R","M","M"],"items_purchased_type":[],"build_version":"2020-12-22","purchased_purges":0,"victory":false,"max_hp_per_floor":[99,99,99,99,99,99,99,109,109,109,109,109,109,109,109,109,109,109,109,109,109,109,109,109,109,109,109,113,113,113],"relic_stats":{"Torii":14,"counters":[16,77],"War Paint":["sneckomod:Restock","sneckomod:UnknownDexterity"],"Question Card":16,"obtain_stats":[{"Anchor":14,"downfall:BrokenWingStatue":9,"Snecko Heart":17,"downfall:HeartBlessingRed":8,"Torii":18,"downfall:HeartBlessingBlue":8,"reliquary:Knoch":6,"War Paint":24,"sneckomod:SneckoSoul":0,"Question Card":4,"InkBottle":23},{"Anchor":7,"downfall:BrokenWingStatue":3,"Snecko Heart":9,"downfall:HeartBlessingRed":3,"Torii":9,"downfall:HeartBlessingBlue":3,"reliquary:Knoch":3,"War Paint":13,"sneckomod:SneckoSoul":0,"Question Card":1,"InkBottle":13},{"Anchor":28,"downfall:BrokenWingStatue":9,"Snecko Heart":46,"downfall:HeartBlessingRed":9,"Torii":46,"downfall:HeartBlessingBlue":9,"reliquary:Knoch":9,"War Paint":65,"sneckomod:SneckoSoul":0,"Question Card":1,"InkBottle":65}],"InkBottle":[9]},"card_choices":[{"not_picked":["sneckomod:UnknownCommonAttack","sneckomod:UnknownVulnerable"],"picked":"sneckomod:SoulCleanse","floor":2},{"not_picked":["sneckomod:UnendingSupply","sneckomod:UnknownExhaust","sneckomod:RainOfDice"],"picked":"sneckomod:MasterEye","floor":5},{"not_picked":["sneckomod:UnknownClassPURPLE","sneckomod:RainOfDice","sneckomod:SoulCleanse"],"picked":"sneckomod:Unknown1Cost","floor":6},{"not_picked":["sneckomod:SoulDraw","sneckomod:UnknownClassMARKED_PURPLE_COLOR","sneckomod:UnknownBlock"],"picked":"sneckomod:Memorize","floor":10},{"not_picked":["sneckomod:UnknownBlock","sneckomod:IronFang","sneckomod:DiceCrush"],"picked":"sneckomod:QuickMove","floor":11},{"not_picked":["sneckomod:UnknownClassTHE_BRONZE_AUTOMATON","sneckomod:IronFang","sneckomod:UnknownClassPURPLE"],"picked":"sneckomod:UnknownClassHEXA_GHOST_PURPLE","floor":12},{"not_picked":["sneckomod:Transmogrify","sneckomod:UnlimitedRolls","sneckomod:UnknownClassGREEN"],"picked":"sneckomod:Restock","floor":14},{"not_picked":["sneckomod:UnknownWeak","sneckomod:UnknownClassGUARDIAN","sneckomod:DiceBlock","sneckomod:WideSting"],"picked":"SKIP","floor":15},{"not_picked":["sneckomod:Mudshield","sneckomod:Transmogrify","sneckomod:DangerNoodle"],"picked":"sneckomod:UnknownRareAttack","floor":16},{"not_picked":["sneckomod:MasterEye","sneckomod:UnknownX","sneckomod:UnknownClassTHE_CHAMP_GRAY"],"picked":"sneckomod:SoulRoll","floor":19},{"not_picked":["hexamod:SecondSeal","hexamod:FourthSeal"],"picked":"hexamod:SixthSeal","floor":20},{"not_picked":["sneckomod:MixItUp","sneckomod:SoulRoll","sneckomod:UnknownClassTHE_CHAMP_GRAY+1"],"picked":"sneckomod:UnknownDraw","floor":20},{"not_picked":["sneckomod:UnknownCommonSkill","sneckomod:RainOfDice","sneckomod:DiceBlock"],"picked":"sneckomod:UnknownBlock+1","floor":21},{"not_picked":["sneckomod:UnknownUncommonSkill","sneckomod:RainOfDice","sneckomod:SnakeSap"],"picked":"sneckomod:UnendingSupply","floor":23},{"not_picked":["hexamod:FourthSeal","hexamod:SecondSeal"],"picked":"hexamod:FirstSeal","floor":25},{"not_picked":["sneckomod:MasterEye","sneckomod:UnknownExhaust","sneckomod:UnknownUncommonSkill"],"picked":"sneckomod:UnknownRareSkill","floor":25},{"not_picked":["sneckomod:RainOfDice+1","sneckomod:UnknownStrength+1","sneckomod:UnknownClassTHE_CHAMP_GRAY"],"picked":"sneckomod:UnknownClassRED+1","floor":27}],"player_experience":2188861,"relics_obtained":[{"floor":6,"key":"reliquary:Knoch"},{"floor":14,"key":"Anchor"},{"floor":18,"key":"Torii"},{"floor":23,"key":"InkBottle"},{"floor":24,"key":"War Paint"}],"event_choices":[{"damage_healed":0,"gold_gain":0,"player_choice":"Success","damage_taken":7,"relics_obtained":["Question Card"],"max_hp_gain":0,"max_hp_loss":0,"event_name":"Scrap Ooze","floor":4,"gold_loss":0}],"is_beta":false,"boss_relics":[{"not_picked":["Fusion Hammer","Replay:Drink Me"],"picked":"Snecko Heart"}],"items_purged_floors":[],"is_endless":false,"potions_floor_spawned":[6,10,14,15,19,20,21],"killed_by":"Shelled Parasite and Fungi","ascension_level":11}}