{"host":"kybn6ox37urbij4t","time":1613475397,"event":{"mods":["Aspiration","BaseMod","Better Third Choice","Dota2Spire","Downfall","Minty Spire (QoL Compilation)","Reliquary","Replay The Spire","StSLib","The Blue Laboratory","TheWitcher"],"gold_per_floor":[99,112,212,227,227,227,250,269,283,315,330,330,330,330],"floor_reached":12,"language":"ENG","playtime":1013,"items_purged":[],"score":230,"play_id":"1913bf57-35c1-4ce1-9d4a-9c9dbdb9a5bd","local_time":"20210216123637","is_ascension_mode":false,"campfire_choices":[{"data":"Guardian:CurlUp","floor":1,"key":"SMITH"}],"circlet_count":0,"master_deck":["Guardian:Strike_Guardian","Guardian:Strike_Guardian","Guardian:Strike_Guardian","Guardian:Strike_Guardian","Guardian:Defend_Guardian","Guardian:Defend_Guardian","Guardian:Defend_Guardian","Guardian:Defend_Guardian","Guardian:CurlUp+1","Guardian:TwinSlam","Guardian:Planning","downfall:Haunted","downfall:Haunted","Replay:Hysterical Blindness","SnafuTest:CurseImprisonment","Guardian:AncientConstruct","Voices","Guardian:Recover","Pot Of Greed","Pot Of Greed","Guardian:TimeCapacitor","Guardian:EvasiveProtocol","Guardian:ChargeCore","Guardian:Gem_Green"],"relics":["Guardian:ModeShifter","Darkstone Periapt","Grinning Jar","ReplayTheSpireMod:TigerMarble","reliquary:Knoch","Replay:PocketPolymizer"],"acts_visited":["Exordium"],"potions_floor_usage":[],"damage_taken":[{"damage":6,"enemies":"Jaw Worm","floor":2,"turns":5},{"damage":5,"enemies":"Small Slimes","floor":4,"turns":6},{"damage":4,"enemies":"2 Louse","floor":8,"turns":3},{"damage":14,"enemies":"Lots of Slimes","floor":9,"turns":6},{"damage":34,"enemies":"3 Sentries","floor":10,"turns":15},{"damage":5,"enemies":"Red Slaver","floor":11,"turns":6},{"damage":43,"enemies":"Gremlin Nob","floor":12,"turns":4}],"seed_played":"-1534209347392010496","potions_obtained":[{"floor":4,"key":"Dexterity Potion"},{"floor":8,"key":"Languid Potion"},{"floor":9,"key":"blueLaboratory:StoneskinPotion"}],"is_trial":false,"path_per_floor":["R","M","?","M","?","?","T","M","M","E","M","E"],"character_chosen":"GUARDIAN","items_purchased":[],"campfire_rested":0,"item_purchase_floors":[],"current_hp_per_floor":[88,82,117,112,89,89,89,85,71,37,32,0,0,0],"gold":330,"neow_bonus":"TEN_PERCENT_HP_BONUS","is_daily":false,"chose_seed":false,"campfire_upgraded":1,"win_rate":0.0,"timestamp":1613475397,"path_taken":["R","M","?","M","?","?","T","M","M","E","M","E"],"items_purchased_type":[],"build_version":"2020-12-22","purchased_purges":0,"victory":false,"max_hp_per_floor":[88,88,123,123,123,123,123,123,123,123,123,123,123,123],"card_choices":[{"not_picked":["Guardian:Preprogram","Guardian:PrimingBeam"],"picked":"Guardian:Planning","floor":2},{"not_picked":["Guardian:Incinerate","Guardian:Gem_Cyan"],"picked":"Guardian:Recover","floor":4},{"not_picked":["Guardian:Gem_Green","Guardian:Gem_Purple"],"picked":"Guardian:TimeCapacitor","floor":8},{"not_picked":["Guardian:RefractedBeam","Guardian:VentSteam"],"picked":"Guardian:EvasiveProtocol","floor":9},{"not_picked":["Guardian:Harden","Guardian:Gem_White"],"picked":"Guardian:ChargeCore","floor":10},{"not_picked":["Guardian:Gem_Cyan","Guardian:CrystalBeam"],"picked":"Guardian:Gem_Green","floor":11}],"player_experience":405432,"relics_obtained":[{"floor":7,"key":"reliquary:Knoch"},{"floor":10,"key":"Replay:PocketPolymizer"}],"event_choices":[{"damage_healed":0,"gold_gain":1,"player_choice":"Relic Relic ","damage_taken":23,"max_hp_gain":0,"max_hp_loss":0,"event_name":"betterThird:BetterScrap","floor":5,"gold_loss":0,"cards_obtained":["Storm of Steel"]},{"damage_healed":0,"gold_gain":0,"player_choice":"Ignored","damage_taken":0,"max_hp_gain":0,"max_hp_loss":0,"event_name":"NoteForYourself","floor":6,"gold_loss":0}],"is_beta":false,"boss_relics":[],"items_purged_floors":[],"is_endless":false,"potions_floor_spawned":[4,8,9],"killed_by":"Gremlin Nob","ascension_level":0}}