{"host":"za9ilm1uiwmpmin1","time":1613515404,"event":{"mods":["AchievementEnabler","Act Like it!","BaseMod","Dota2Spire","Downfall","Friendly Minions","KomeijiMod","Lobotomy","LobotomyExtend","Minty Spire (QoL Compilation)","MostiFishMod","Reorder Act Four","RumiaBox-露米娅的神秘盒子","StSLib","TestMod","Waifu the Spire","[IsaacMod]以撒尖塔","【功能Mod】混沌之环修复补丁"],"gold_per_floor":[210,210,227,239,255,284,284,314,314,314,314,348,360,376,376,495,495,512,512,522,572,592,625,625,645,670,700,729,729,739,773,773,848,848,863,883,883,905,1305,1342,1342,1371,1371,1404,1411,1431,1448,1484,1484,1498,1498,1498,1423,1423,1458,1473],"floor_reached":57,"language":"ZHS","playtime":2520,"items_purged":["TrainingCode","TT2Protocol","CentralCode"],"score":3505,"play_id":"41e0cab8-37e3-4e79-ad7d-eb369ffa5d6f","local_time":"20210217064324","is_ascension_mode":true,"campfire_choices":[{"floor":49,"key":"RECALL"}],"circlet_count":0,"master_deck":["BigBird","ApocalypseBird","PunishingBird","LongBird","WhiteNight","AscendersBane","HereticApostle","SpecialBullet","SpecialBullet","SpecialBullet","SpecialBullet","SpecialBullet","SpecialBullet","SpecialBullet","DisciplinaryCode","ParadiseLost+1","UniverseFragment","Variant","TheSmile","Twilight+1","QueenOfHatred","WelfareCode","ControlCode","Logging+1","SummonCall","Hypocrisy","Confused","Laetitia_ego+1"],"relics":["CogitoBucket","RabbitCall","HushsDoor","BionicSphere","testmod-TestBox","testmod-CrystalShield","MoneyPower","FeatherPendant","SynthV:TestCard","LetterFromLob","Molten Egg 2","Pen Nib","Oddly Smooth Stone","SkinProphecy","Sozu","AspirationHeart","Justitia_r","Dota2Spire:MagicBottle","Centennial Puzzle","Happy Flower","Red Mask","Frozen Egg 2","testmod-DeterminationOfClimber","ZombieArmy","GodSword5","SatanicBible","Nunchaku","DeathAngel","Twilight","Lamp_r","Orichalcum","Blood Vial"],"acts_visited":["Exordium","TheCity","TheBeyond","TheEnding"],"potions_floor_usage":[56,56],"damage_taken":[{"damage":0.0,"enemies":"Cultist","floor":1.0,"turns":2.0},{"damage":0.0,"enemies":"2 Louse","floor":3.0,"turns":2.0},{"damage":0.0,"enemies":"Jaw Worm","floor":4.0,"turns":1.0},{"damage":0.0,"enemies":"3 Louse","floor":5.0,"turns":3.0},{"damage":0.0,"enemies":"3 Sentries","floor":6.0,"turns":3.0},{"damage":0.0,"enemies":"Gremlin Nob","floor":12.0,"turns":2.0},{"damage":0.0,"enemies":"Exordium Thugs","floor":13.0,"turns":6.0},{"damage":0.0,"enemies":"Red Slaver","floor":14.0,"turns":2.0},{"damage":0.0,"enemies":"Hexaghost","floor":16.0,"turns":6.0},{"damage":0.0,"enemies":"2 Thieves","floor":18.0,"turns":2.0},{"damage":0,"enemies":"Shell Parasite","floor":20,"turns":2},{"damage":0,"enemies":"Centurion and Healer","floor":22,"turns":5},{"damage":0,"enemies":"Book of Stabbing","floor":23,"turns":4},{"damage":0,"enemies":"Snake Plant","floor":25,"turns":1},{"damage":0,"enemies":"Gremlin Leader","floor":27,"turns":2},{"damage":0,"enemies":"Masked Bandits","floor":28,"turns":2},{"damage":0,"enemies":"Cultist and Chosen","floor":30,"turns":5},{"damage":0,"enemies":"Slavers","floor":31,"turns":1},{"damage":0,"enemies":"Automaton","floor":33,"turns":4},{"damage":0,"enemies":"3 Shapes","floor":35,"turns":1},{"damage":0,"enemies":"3 Darklings","floor":36,"turns":2},{"damage":0,"enemies":"Sphere and 2 Shapes","floor":38,"turns":1},{"damage":0,"enemies":"Giant Head","floor":40,"turns":1},{"damage":0,"enemies":"Reptomancer","floor":42,"turns":3},{"damage":0,"enemies":"Giant Head","floor":44,"turns":3},{"damage":0,"enemies":"Writhing Mass","floor":45,"turns":2},{"damage":0,"enemies":"Writhing Mass","floor":46,"turns":1},{"damage":0,"enemies":"3 Darklings","floor":47,"turns":2},{"damage":0,"enemies":"Nemesis","floor":48,"turns":2},{"damage":0,"enemies":"FixerMidnight","floor":50,"turns":2},{"damage":0,"enemies":"Shield and Spear","floor":55,"turns":2},{"damage":0,"enemies":"The Heart","floor":56,"turns":4}],"seed_played":"-87786037773988237","potions_obtained":[{"floor":1.0,"key":"EssenceOfSteel"},{"floor":3.0,"key":"testmod-TimePotion"},{"floor":4.0,"key":"EntropicBrew"}],"is_trial":false,"path_per_floor":["M","?","M","M","M","E","R","?","T","?","R","E","M","M","R","B",null,"M","?","M","?","M","E","R","M","T","E","?","R","M","E","R","B",null,"M","M","?","M","?","E","?","E","T","E","M","M","M","E","R","B",null,null,"$","R","E","B",null],"character_chosen":"Angela","items_purchased":["Twilight+1"],"campfire_rested":0,"item_purchase_floors":[17],"current_hp_per_floor":[62,62,62,62,62,62,62,62,62,62,62,66,66,62,62,62,70,70,70,70,70,72,68,68,64,64,64,72,72,76,84,84,92,107,106,116,110,112,112,118,118,120,120,122,122,128,134,136,136,138,138,138,138,138,140,142],"gold":1473,"neow_bonus":"HUNDRED_GOLD","is_daily":false,"chose_seed":false,"campfire_upgraded":0,"win_rate":0.0,"timestamp":1613515404,"path_taken":["M","?","M","M","M","E","R","?","T","?","R","E","M","?","R","BOSS","M","?","M","?","?","E","R","M","T","E","?","R","M","E","R","BOSS","M","M","?","M","?","E","?","E","T","E","M","M","M","E","R","BOSS","$","R","E","BOSS"],"items_purchased_type":["Card"],"build_version":"2020-12-22","purchased_purges":3,"victory":true,"max_hp_per_floor":[69,69,69,69,69,69,69,69,69,69,69,73,73,75,75,81,73,79,79,85,85,99,101,101,103,103,109,111,111,115,117,117,119,112,114,116,110,112,112,118,118,120,120,122,126,132,134,136,136,138,138,138,138,138,140,142],"card_choices":[{"not_picked":["Regret_ego","Lantern"],"picked":"SKIP","floor":1.0},{"not_picked":["CherryBlossom","GreenStem","RedEyes","Harmony"],"picked":"SKIP","floor":3.0},{"not_picked":["RapturousDream","Tough","WristCuter","Spore"],"picked":"SKIP","floor":4.0},{"not_picked":["Lantern","Regret_ego","Reverberation"],"picked":"Bomb","floor":5.0},{"not_picked":["DaCapo","Pleasure","Noise","ShedSkin"],"picked":"SKIP","floor":6.0},{"not_picked":["LittleHelper","MeatLantern"],"picked":"UniverseFragment","floor":12.0},{"not_picked":["Christmas","Spore","RedEyes","Tough+1"],"picked":"SKIP","floor":12.0},{"not_picked":["RedEyes","Soda","FeatherOfHonor+1","Harmony+1"],"picked":"SKIP","floor":13.0},{"not_picked":["Loneliness","RapturousDream","Lantern+1","Soda"],"picked":"SKIP","floor":14.0},{"not_picked":["Laetitia","OSAHOGD"],"picked":"Variant","floor":16.0},{"not_picked":["Adoration","DaCapo","SoundOfStar"],"picked":"TheSmile","floor":16.0},{"not_picked":["Mercenary","CrumblingArmor"],"picked":"LongBird","floor":18.0},{"not_picked":["Penitence","Pleasure","Harmony+1","FeatherOfHonor+1"],"picked":"SKIP","floor":18.0},{"not_picked":["FairyFestival","BigBadWolf"],"picked":"PunishingBird","floor":20},{"not_picked":["Tough+1","FrostShard","Penitence","SwordSharpenedByTears+1"],"picked":"SKIP","floor":20},{"not_picked":["Galaxy","TodaysExpression","Hypocrisy","SomewhereSpear"],"picked":"SKIP","floor":22},{"not_picked":["Galaxy","Noise","Gaze","CUTE"],"picked":"SKIP","floor":23},{"not_picked":["Lantern+1","Wingbeat","Soda","Harmony+1"],"picked":"SKIP","floor":25},{"not_picked":["LittleHelper","SnowQueen"],"picked":"QueenOfHatred","floor":27},{"not_picked":["Logging+1","Loneliness","CUTE","RedEyes"],"picked":"SKIP","floor":27},{"not_picked":["Moonlight+1","Loneliness","Harvest+1","Hornet+1"],"picked":"SKIP","floor":30},{"not_picked":["SolemnVow+1","Hornet+1","DaCapo","SwordSharpenedByTears+1"],"picked":"SKIP","floor":31},{"not_picked":["Wingbeat","CherryBlossom+1","Reverberation+1","RedEyes"],"picked":"SKIP","floor":35},{"not_picked":["Beak+1","Penitence","CherryBlossom+1","Harmony+1"],"picked":"SKIP","floor":36},{"not_picked":["FourthMatchFlame+1","TodaysExpression","Lantern+1"],"picked":"Logging+1","floor":38},{"not_picked":["RedShoes","Rudolta"],"picked":"WhiteNight","floor":40},{"not_picked":["Lantern+1","Noise","TodaysExpression"],"picked":"Hypocrisy","floor":40},{"not_picked":["Hornet+1","WristCuter+1","TodaysExpression","Justitia+1"],"picked":"SKIP","floor":42},{"not_picked":["Penitence","SomewhereSpear","Lantern+1"],"picked":"Laetitia_ego+1","floor":44},{"not_picked":["Murderer","Scorched"],"picked":"BigBird","floor":46},{"not_picked":["RedEyes","Wingbeat","Logging+1","CherryBlossom+1"],"picked":"SKIP","floor":46},{"not_picked":["TodaysExpression+1","Spore","Lantern+1","RedEyes"],"picked":"SKIP","floor":48},{"not_picked":["Wingbeat+1","TodaysExpression+1","Harvest+1","Noise+1"],"picked":"SKIP","floor":55}],"player_experience":1147680,"relics_obtained":[{"floor":1.0,"key":"SynthV:TestCard"},{"floor":1.0,"key":"LetterFromLob"},{"floor":6.0,"key":"Molten Egg 2"},{"floor":12.0,"key":"Oddly Smooth Stone"},{"floor":23,"key":"Dota2Spire:MagicBottle"},{"floor":26,"key":"Centennial Puzzle"},{"floor":27,"key":"Happy Flower"},{"floor":28,"key":"Red Mask"},{"floor":31,"key":"Frozen Egg 2"},{"floor":40,"key":"ZombieArmy"},{"floor":42,"key":"GodSword5"},{"floor":43,"key":"SatanicBible"},{"floor":44,"key":"Nunchaku"},{"floor":45,"key":"DeathAngel"},{"floor":47,"key":"Twilight"},{"floor":48,"key":"Orichalcum"},{"floor":55,"key":"Blood Vial"}],"event_choices":[{"damage_healed":0.0,"max_hp_gain":0.0,"max_hp_loss":0.0,"gold_gain":30.0,"event_name":"Dead Adventurer","player_choice":"Searched \u00273\u0027 times","floor":8.0,"gold_loss":0.0,"damage_taken":0.0,"relics_obtained":["Pen Nib"]},{"damage_healed":0.0,"max_hp_gain":0.0,"max_hp_loss":0.0,"gold_gain":0.0,"cards_transformed":["InformationCode"],"event_name":"Transmorgrifier","player_choice":"Transformed","floor":10.0,"gold_loss":0.0,"damage_taken":0.0,"cards_obtained":["ParadiseLost"]},{"damage_healed":0,"gold_gain":0,"player_choice":"Ignored","damage_taken":0,"max_hp_gain":0,"max_hp_loss":0,"event_name":"Cursed Tome","floor":19,"gold_loss":0},{"damage_healed":0,"gold_gain":50,"player_choice":"Stole From Cult","damage_taken":0,"max_hp_gain":0,"max_hp_loss":0,"event_name":"Nest","floor":21,"gold_loss":0},{"damage_healed":0,"gold_gain":0,"player_choice":"Fought Bandits","damage_taken":0,"max_hp_gain":0,"max_hp_loss":0,"event_name":"Masked Bandits","floor":28,"gold_loss":0},{"damage_healed":0,"gold_gain":0,"player_choice":"Max HP","damage_taken":0,"max_hp_gain":0,"max_hp_loss":6,"event_name":"Winding Halls","floor":37,"gold_loss":0},{"damage_healed":0,"gold_gain":400,"player_choice":"Sell","damage_taken":0,"max_hp_gain":0,"max_hp_loss":0,"event_name":"恩洛斯的盘子","floor":39,"relics_lost":["DaveBox"],"gold_loss":0}],"is_beta":false,"boss_relics":[{"not_picked":["testmod-Recursion","testmod-DreamHouse"],"picked":"Sozu"},{"not_picked":[]},{"not_picked":["testmod-IncinerationGenerator","NightmareShop"],"picked":"testmod-DeterminationOfClimber"},{"not_picked":[]}],"items_purged_floors":[17,34,53],"is_endless":false,"potions_floor_spawned":[1,3,4,12,16,18,25,27,31,36,38,42,45,48],"ascension_level":20}}