{"host":"0o4jkshs65tojivq","time":1613456316,"event":{"mods":["AchievementEnabler","BaseMod","Downfall","Minty Spire (QoL Compilation)","Quick Restart","Relic Stats","Slay the Relics Exporter","StSLib"],"gold_per_floor":[99,99,99,99,99,132,132,165,165,185,185,201,231,251,261,358,358,358,374,69,81,66,84,108,8,8,8,28,54,79,79,98,201,201,101,121,133,38,54,54,80,80,80,80,80,94,94,106,123,123],"floor_reached":51,"language":"ENG","playtime":4097,"items_purged":["champ:Shatter"],"score":833,"play_id":"2c242c68-b5f8-4f80-97e5-d48f3ce751aa","local_time":"20210215221836","is_ascension_mode":false,"campfire_choices":[{"data":"champ:Execute","floor":1,"key":"SMITH"},{"data":"champ:PerfectedStrike","floor":18,"key":"SMITH"},{"data":"champ:PerfectedStrike","floor":25,"key":"SMITH"},{"data":"champ:PerfectedStrike","floor":35,"key":"SMITH"},{"floor":42,"key":"RECALL"},{"data":"champ:PerfectedStrike","floor":44,"key":"SMITH"}],"circlet_count":0,"master_deck":["champ:Strike+1","champ:Strike+1","champ:Strike+1","champ:Strike+1","champ:Defend+1","champ:Defend+1","champ:Defend+1","champ:Defend+1","champ:Execute+1","champ:Taunt","champ:PerfectedStrike+1","champ:PerfectedStrike+1","champ:StrikeOfGenius","champ:BladeFlurry","champ:CrookedStrike","champ:HoldFirm","champ:PerfectedStrike+1","champ:BladeFlurry","champ:BladeFlurry+1","champ:PerfectedStrike+1","champ:PerfectedStrike+1","champ:StrikeOfGenius","champ:StrikeOfGenius","champ:PerfectedStrike+1","champ:HoldFirm","champ:FlashCut+1","Parasite"],"relics":["champ:ChampionCrown","downfall:HeartsMalice","champ:LiftRelic","FossilizedHelix","Ancient Tea Set","Sundial","Strawberry","StrikeDummy","Odd Mushroom","Tiny Chest","Coffee Dripper","Chemical X","Oddly Smooth Stone","downfall:HeartBlessingGreen","Enchiridion","Boot","Mercury Hourglass","Empty Cage","downfall:HeartBlessingBlue","Medical Kit","Bag of Marbles","Letter Opener","Blue Candle"],"acts_visited":["Exordium","TheCity","TheBeyond"],"potions_floor_usage":[15,23],"damage_taken":[{"damage":0,"enemies":"Small Slimes","floor":2,"turns":1},{"damage":0,"enemies":"Jaw Worm","floor":3,"turns":1},{"damage":0,"enemies":"Gremlin Nob","floor":6,"turns":1},{"damage":13,"enemies":"3 Sentries","floor":8,"turns":6},{"damage":4,"enemies":"The Mushroom Lair","floor":10,"turns":3},{"damage":0,"enemies":"2 Louse","floor":12,"turns":2},{"damage":0,"enemies":"Lagavulin","floor":13,"turns":4},{"damage":0,"enemies":"2 Fungi Beasts","floor":14,"turns":3},{"damage":0,"enemies":"Lots of Slimes","floor":15,"turns":2},{"damage":27,"enemies":"IC_STATUS_ARCHETYPE","floor":16,"turns":5},{"damage":35,"enemies":"Chosen","floor":19,"turns":3},{"damage":0,"enemies":"downfall:FleeingMerchant","floor":20,"turns":4},{"damage":36,"enemies":"3 Byrds","floor":21,"turns":5},{"damage":15,"enemies":"downfall:FleeingMerchant","floor":22,"turns":4},{"damage":2,"enemies":"Snecko","floor":23,"turns":2},{"damage":0,"enemies":"Snake Plant","floor":28,"turns":2},{"damage":0,"enemies":"Gremlin Leader","floor":30,"turns":3},{"damage":0,"enemies":"Sentry and Sphere","floor":32,"turns":2},{"damage":0,"enemies":"WA_ARCHETYPE_CALM","floor":33,"turns":5},{"damage":7,"enemies":"3 Shapes","floor":36,"turns":3},{"damage":1,"enemies":"Orb Walker","floor":37,"turns":3},{"damage":0,"enemies":"downfall:FleeingMerchant","floor":38,"turns":1},{"damage":0,"enemies":"Sphere and 2 Shapes","floor":39,"turns":3},{"damage":0,"enemies":"Transient","floor":46,"turns":5},{"damage":7,"enemies":"Writhing Mass","floor":48,"turns":3},{"damage":0,"enemies":"3 Darklings","floor":49,"turns":4},{"damage":49,"enemies":"SI_POISON_ARCHETYPE","floor":50,"turns":6}],"seed_played":"-3946342615640520533","potions_obtained":[{"floor":8,"key":"SpeedPotion"},{"floor":10,"key":"Explosive Potion"},{"floor":15,"key":"SpeedPotion"},{"floor":16,"key":"AttackPotion"},{"floor":21,"key":"Ancient Potion"},{"floor":23,"key":"Guardian:BlockOnCardUsePotion"},{"floor":28,"key":"Guardian:BlockOnCardUsePotion"}],"is_trial":false,"path_per_floor":["R","M","M","?","?","E","T","E","T","?","?","M","E","M","M","B",null,"R","M","$","M","$","M","T","R","?","?","M","T","E","?","M","B",null,"R","M","M","$","M","?","T","R","T","R","?","M","?","M","M","B",null],"character_chosen":"THE_CHAMP","items_purchased":["Chemical X","Oddly Smooth Stone","champ:PerfectedStrike","Medical Kit","champ:HoldFirm"],"campfire_rested":0,"item_purchase_floors":[20,20,38,38,38],"current_hp_per_floor":[90,90,90,90,83,83,83,77,77,73,73,73,73,73,73,46,97,97,97,97,86,81,89,89,89,89,73,73,73,73,73,73,73,97,107,100,99,99,99,99,99,99,99,99,99,99,94,87,87,38],"gold":123,"neow_bonus":"THREE_ENEMY_KILL","is_daily":false,"chose_seed":false,"campfire_upgraded":5,"win_rate":0.0,"timestamp":1613456316,"path_taken":["R","M","M","?","?","E","T","E","?","?","?","M","E","?","M","BOSS","R","M","$","M","$","M","T","R","?","?","M","?","E","?","M","BOSS","R","M","?","$","M","?","T","R","?","R","?","M","?","M","M","BOSS"],"items_purchased_type":["Relic","Relic","Card","Relic","Card"],"build_version":"2020-12-22","purchased_purges":1,"victory":true,"max_hp_per_floor":[90,90,90,90,90,90,90,97,97,97,97,97,97,97,97,97,97,97,97,97,97,97,97,97,97,97,97,97,97,97,97,97,97,97,107,107,107,107,107,107,107,107,107,107,107,107,107,107,107,107],"relic_stats":{"counters":[27,83],"Sundial":[4],"Blue Candle":[1],"Tiny Chest":2,"Chemical X":[4],"Letter Opener":[0],"Boot":[0],"Medical Kit":[0],"obtain_stats":[{"Blue Candle":47,"Oddly Smooth Stone":20,"Enchiridion":27,"champ:ChampionCrown":0,"downfall:HeartsMalice":0,"downfall:HeartBlessingGreen":25,"Letter Opener":43,"Odd Mushroom":10,"Ancient Tea Set":6,"Boot":29,"Empty Cage":34,"Medical Kit":38,"Mercury Hourglass":30,"Sundial":7,"downfall:HeartBlessingBlue":35,"champ:LiftRelic":4,"Strawberry":8,"Tiny Chest":13,"Coffee Dripper":17,"Bag of Marbles":41,"Chemical X":20,"StrikeDummy":9,"FossilizedHelix":5},{"Blue Candle":24,"Oddly Smooth Stone":12,"Enchiridion":15,"champ:ChampionCrown":0,"downfall:HeartsMalice":0,"downfall:HeartBlessingGreen":15,"Letter Opener":23,"Odd Mushroom":5,"Ancient Tea Set":3,"Boot":16,"Empty Cage":19,"Medical Kit":22,"Mercury Hourglass":17,"Sundial":3,"downfall:HeartBlessingBlue":19,"champ:LiftRelic":2,"Strawberry":4,"Tiny Chest":7,"Coffee Dripper":10,"Bag of Marbles":23,"Chemical X":12,"StrikeDummy":4,"FossilizedHelix":2},{"Blue Candle":70,"Oddly Smooth Stone":32,"Enchiridion":43,"champ:ChampionCrown":0,"downfall:HeartsMalice":0,"downfall:HeartBlessingGreen":43,"Letter Opener":65,"Odd Mushroom":9,"Ancient Tea Set":0,"Boot":45,"Empty Cage":55,"Medical Kit":62,"Mercury Hourglass":48,"Sundial":0,"downfall:HeartBlessingBlue":55,"champ:LiftRelic":0,"Strawberry":6,"Tiny Chest":15,"Coffee Dripper":25,"Bag of Marbles":65,"Chemical X":32,"StrikeDummy":6,"FossilizedHelix":0}],"Mercury Hourglass":[96]},"card_choices":[{"not_picked":["champ:AdrenalArmor","champ:EndlessRage"],"picked":"champ:PerfectedStrike","floor":2},{"not_picked":["champ:TornadoPunch","champ:SetATrap"],"picked":"champ:Shatter","floor":3},{"not_picked":["champ:EndlessRage","champ:BerserkersShout"],"picked":"champ:PerfectedStrike","floor":6},{"not_picked":["champ:GutPunch","champ:BringItOn"],"picked":"champ:Lariat","floor":8},{"not_picked":["champ:FlashCut","champ:Haymaker"],"picked":"champ:StrikeOfGenius","floor":10},{"not_picked":["champ:FocusedBerserking","champ:Backstep"],"picked":"champ:FaceSlap","floor":12},{"not_picked":["champ:CalledShot","champ:DefensiveShout"],"picked":"champ:BladeFlurry","floor":13},{"not_picked":["champ:FaceSlap","champ:Lariat"],"picked":"champ:CrookedStrike","floor":14},{"not_picked":["champ:FanOfKnives","champ:SkillfulDodge","champ:Parry"],"picked":"SKIP","floor":15},{"not_picked":["champ:VampiricStrike","champ:Improvising"],"picked":"champ:HoldFirm","floor":16},{"not_picked":["champ:CrownThrow","champ:Parry+1","champ:BringItOn+1"],"picked":"SKIP","floor":19},{"not_picked":["champ:CrownThrow+1","champ:IronFortress"],"picked":"champ:PerfectedStrike","floor":20},{"not_picked":["champ:HeartStrike+1","champ:AdrenalArmor","champ:CrownThrow"],"picked":"SKIP","floor":21},{"not_picked":["champ:UltimateStance","champ:Shatter+1"],"picked":"champ:BladeFlurry","floor":22},{"not_picked":["champ:Circumvent","champ:HeartStrike"],"picked":"champ:BladeFlurry+1","floor":23},{"not_picked":["champ:FocusedDefense","champ:TornadoPunch"],"picked":"champ:PerfectedStrike","floor":28},{"not_picked":["champ:Backstep","champ:FanOfKnives+1"],"picked":"champ:PerfectedStrike","floor":30},{"not_picked":["champ:FanOfKnives","champ:Backstep+1"],"picked":"champ:StrikeOfGenius","floor":32},{"not_picked":["champ:GladiatorForm","champ:HeavySlash"],"picked":"champ:StrikeOfGenius","floor":33},{"not_picked":["champ:Circumvent+1","champ:Encircle+1","champ:Haymaker"],"picked":"SKIP","floor":36},{"not_picked":["champ:PreemptiveStrike","champ:GutPunch","champ:SetATrap+1"],"picked":"SKIP","floor":37},{"not_picked":["champ:Circumvent+1","champ:Backstep","champ:StanceDance"],"picked":"SKIP","floor":38},{"not_picked":["champ:BringItOn","champ:Backstep"],"picked":"champ:FlashCut+1","floor":39},{"not_picked":["champ:HeavySlash","champ:Haymaker","champ:TornadoPunch"],"picked":"SKIP","floor":46},{"not_picked":["champ:GutPunch","champ:PreciseThrust","champ:FanOfKnives"],"picked":"SKIP","floor":48},{"not_picked":["champ:FlashCut","champ:EnGarde","champ:AdrenalArmor"],"picked":"SKIP","floor":49}],"player_experience":1222961,"relics_obtained":[{"floor":6,"key":"Ancient Tea Set"},{"floor":7,"key":"Sundial"},{"floor":8,"key":"Strawberry"},{"floor":9,"key":"StrikeDummy"},{"floor":10,"key":"Odd Mushroom"},{"floor":13,"key":"Tiny Chest"},{"floor":27,"key":"Enchiridion"},{"floor":29,"key":"Boot"},{"floor":30,"key":"Mercury Hourglass"},{"floor":41,"key":"Bag of Marbles"},{"floor":43,"key":"Letter Opener"}],"event_choices":[{"damage_healed":0,"gold_gain":0,"player_choice":"Success","damage_taken":7,"relics_obtained":["FossilizedHelix"],"max_hp_gain":0,"max_hp_loss":0,"event_name":"Scrap Ooze","floor":5,"gold_loss":0},{"damage_healed":0,"gold_gain":0,"player_choice":"Fought Mushrooms","damage_taken":0,"max_hp_gain":0,"max_hp_loss":0,"event_name":"Mushrooms","floor":10,"gold_loss":0},{"cards_removed":["champ:Lariat"],"damage_healed":0,"gold_gain":0,"player_choice":"Removed Skill","damage_taken":0,"max_hp_gain":0,"max_hp_loss":0,"event_name":"Falling","floor":45,"gold_loss":0}],"is_beta":false,"boss_relics":[{"not_picked":["bronze:MakeshiftBattery","Tiny House"],"picked":"Coffee Dripper"},{"not_picked":["champ:ChampionCrownUpgraded","Calling Bell"],"picked":"Empty Cage"}],"items_purged_floors":[38],"is_endless":false,"potions_floor_spawned":[8,10,15,16,21,23,28,30,39,48],"ascension_level":0}}