{"host":"zsnmfqgcm92hlreo","time":1613450328,"event":{"mods":["AchievementEnabler","BaseMod","Bestiary","Block Reminder","Colored Map","Colored Powertips","Filter the Spire","Minty Spire (QoL Compilation)","Permanent Neow","Quick Restart","Relic Stats","StSLib","Weighted Paths"],"gold_per_floor":[113,113,133,144,164,164,192,192,192,192,210,235,287,318,318,396,396,415,415,415,60,77,103,103,131,131,131,157,172,172,272,272,344,344,355,372,425,425,435,467,467,37,64,81,81,113,113,113,113,113,113,113,113,57,91,91],"floor_reached":57,"language":"ENG","playtime":2928,"items_purged":["Decay","Strike_R"],"score":3118,"play_id":"3be7e70d-9464-40ff-a0fa-f6eccf35b48a","local_time":"20210215223848","is_ascension_mode":true,"campfire_choices":[{"floor":6.0,"key":"REST"},{"data":"Bludgeon","floor":8.0,"key":"SMITH"},{"floor":10.0,"key":"REST"},{"floor":15.0,"key":"DIG"},{"floor":24.0,"key":"DIG"},{"floor":30.0,"key":"DIG"},{"floor":32.0,"key":"DIG"},{"floor":41.0,"key":"DIG"},{"floor":45.0,"key":"DIG"},{"floor":47.0,"key":"RECALL"},{"floor":49.0,"key":"DIG"},{"floor":53.0,"key":"DIG"}],"circlet_count":0,"master_deck":["AscendersBane","Strike_R","Strike_R","Strike_R","Defend_R","Defend_R","Defend_R","Defend_R","Bash","Burning Pact","Battle Trance","Clothesline","Spot Weakness","Bludgeon+1","Armaments","Heavy Blade","Second Wind+1","Power Through+1","Reaper","Shrug It Off+1","Armaments+1","Shrug It Off+1","Barricade","Uppercut","Inflame","Armaments+1","Double Tap+1","Entrench+1","Shockwave+1","Entrench+1","Power Through+1","Shrug It Off+1","Disarm+1","Feel No Pain","Doubt","Parasite","Flame Barrier+1","Double Tap+1"],"relics":["Snecko Eye","Regal Pillow","Toxic Egg 2","Shovel","Bottled Flame","Blood Vial","Cursed Key","Centennial Puzzle","Pantograph","Darkstone Periapt","StoneCalendar","Enchiridion","White Beast Statue","Charon\u0027s Ashes","Lizard Tail","Self Forming Clay","Question Card","Fusion Hammer","Bird Faced Urn","Anchor","Boot","Medical Kit","Shuriken","Bag of Marbles","Mummified Hand","Sundial","Akabeko"],"acts_visited":["Exordium","TheCity","TheBeyond","TheEnding"],"potions_floor_usage":[56],"damage_taken":[{"damage":2.0,"enemies":"2 Louse","floor":1.0,"turns":3.0},{"damage":13.0,"enemies":"Small Slimes","floor":3.0,"turns":2.0},{"damage":0.0,"enemies":"Cultist","floor":4.0,"turns":2.0},{"damage":21.0,"enemies":"Large Slime","floor":5.0,"turns":6.0},{"damage":22.0,"enemies":"3 Sentries","floor":7.0,"turns":6.0},{"damage":9.0,"enemies":"2 Fungi Beasts","floor":11.0,"turns":3.0},{"damage":25.0,"enemies":"Lagavulin","floor":12.0,"turns":7.0},{"damage":0.0,"enemies":"Gremlin Nob","floor":14.0,"turns":2.0},{"damage":0.0,"enemies":"Slime Boss","floor":16.0,"turns":6.0},{"damage":8.0,"enemies":"2 Thieves","floor":18.0,"turns":4.0},{"damage":0.0,"enemies":"Spheric Guardian","floor":22.0,"turns":1.0},{"damage":15.0,"enemies":"Slavers","floor":23.0,"turns":3.0},{"damage":7.0,"enemies":"Book of Stabbing","floor":25.0,"turns":4.0},{"damage":13.0,"enemies":"Slavers","floor":28.0,"turns":4.0},{"damage":0.0,"enemies":"Snake Plant","floor":29.0,"turns":2.0},{"damage":1.0,"enemies":"Colosseum Slavers","floor":31.0,"turns":2.0},{"damage":5.0,"enemies":"Colosseum Nobs","floor":31.0,"turns":4.0},{"damage":16.0,"enemies":"Champ","floor":33.0,"turns":10.0},{"damage":0.0,"enemies":"Orb Walker","floor":35.0,"turns":1.0},{"damage":0.0,"enemies":"3 Darklings","floor":36.0,"turns":4.0},{"damage":0.0,"enemies":"2 Orb Walkers","floor":37.0,"turns":3.0},{"damage":1.0,"enemies":"Sphere and 2 Shapes","floor":39.0,"turns":3.0},{"damage":10.0,"enemies":"Nemesis","floor":40.0,"turns":5.0},{"damage":14.0,"enemies":"Writhing Mass","floor":44.0,"turns":6.0},{"damage":0.0,"enemies":"Giant Head","floor":46.0,"turns":8.0},{"damage":3.0,"enemies":"Donu and Deca","floor":50.0,"turns":13.0},{"damage":3.0,"enemies":"Awakened One","floor":51.0,"turns":16.0},{"damage":37.0,"enemies":"Shield and Spear","floor":55.0,"turns":11.0},{"damage":67,"enemies":"The Heart","floor":56,"turns":10}],"seed_played":"4836696255398279781","potions_obtained":[{"floor":3.0,"key":"LiquidMemories"},{"floor":5.0,"key":"EssenceOfSteel"},{"floor":12.0,"key":"AttackPotion"},{"floor":16.0,"key":"BlessingOfTheForge"},{"floor":22.0,"key":"Dexterity Potion"},{"floor":23.0,"key":"SkillPotion"},{"floor":29.0,"key":"Swift Potion"},{"floor":33.0,"key":"SkillPotion"},{"floor":35.0,"key":"SmokeBomb"},{"floor":46.0,"key":"Weak Potion"},{"floor":55.0,"key":"ElixirPotion"}],"is_trial":false,"path_per_floor":["M","?","M","M","M","R","E","R","T","R","M","E","?","E","R","B",null,"M","?","?","$","M","E","R","E","T","?","E","M","R","?","R","B",null,"M","M","?","?","M","E","R","$","T","M","R","E","R","?","R","B","B",null,"R","$","E","B",null],"character_chosen":"IRONCLAD","items_purchased":["Shrug It Off+1","Whirlwind","Centennial Puzzle","Disarm+1","Medical Kit","Feel No Pain","SpeedPotion"],"campfire_rested":2,"item_purchase_floors":[21,21,21,42,42,42,54],"current_hp_per_floor":[66,66,53,53,32,54,32,32,32,69,60,35,35,35,35,37,66,66,66,66,66,68,67,67,69,69,48,47,49,49,57,57,72,74,75,75,75,75,75,67,67,67,73,75,75,87,87,87,87,87,84,86,86,86,66,24],"gold":91,"neow_bonus":"BOSS_RELIC","is_daily":false,"chose_seed":false,"campfire_upgraded":1,"win_rate":0.0,"timestamp":1613450328,"path_taken":["M","?","M","M","M","R","E","R","T","R","M","E","?","E","R","BOSS","M","?","?","$","M","E","R","E","T","?","E","M","R","?","R","BOSS","M","M","?","?","?","E","R","$","T","M","R","E","R","?","R","BOSS","BOSS","R","$","E","BOSS"],"items_purchased_type":["Card","Card","Relic","Card","Relic","Card","Potion"],"build_version":"2020-12-22","purchased_purges":2,"victory":true,"max_hp_per_floor":[75,75,75,75,75,75,75,75,75,75,75,75,75,75,75,75,75,75,75,75,75,75,75,75,75,75,75,75,75,75,75,75,75,75,75,75,75,75,75,75,75,75,81,87,87,87,87,87,87,87,87,87,87,87,87,87],"relic_stats":{"Darkstone Periapt":12,"Regal Pillow":15,"counters":[29,151],"Self Forming Clay":[150],"StoneCalendar":[312],"Charon\u0027s Ashes":[323],"Cursed Key":1,"Question Card":10,"Boot":[7],"Medical Kit":[45],"Blood Vial":24,"Centennial Puzzle":[37],"Lizard Tail":0,"Shovel":8,"Shuriken":[5],"Mummified Hand":[21],"Sundial":[2],"Pantograph":39,"Bird Faced Urn":[23],"Snecko Eye":[301,287,290,284],"obtain_stats":[{"Darkstone Periapt":24,"Regal Pillow":7,"Enchiridion":27,"StoneCalendar":25,"Cursed Key":17,"Boot":41,"Burning Blood":0,"Blood Vial":15,"Centennial Puzzle":21,"Lizard Tail":31,"Shovel":12,"Mummified Hand":49,"Sundial":53,"Pantograph":23,"Fusion Hammer":34,"Toxic Egg 2":9,"Self Forming Clay":31,"Charon\u0027s Ashes":30,"Question Card":32,"Medical Kit":42,"White Beast Statue":28,"Akabeko":55,"Bottled Flame":14,"Anchor":40,"Shuriken":45,"Bird Faced Urn":37,"Snecko Eye":0,"Bag of Marbles":46},{"Darkstone Periapt":12,"Regal Pillow":5,"Enchiridion":13,"StoneCalendar":13,"Cursed Key":9,"Boot":23,"Burning Blood":0,"Blood Vial":8,"Centennial Puzzle":10,"Lizard Tail":17,"Shovel":7,"Mummified Hand":25,"Sundial":27,"Pantograph":12,"Fusion Hammer":18,"Toxic Egg 2":5,"Self Forming Clay":17,"Charon\u0027s Ashes":15,"Question Card":17,"Medical Kit":23,"White Beast Statue":14,"Akabeko":28,"Bottled Flame":8,"Anchor":23,"Shuriken":24,"Bird Faced Urn":21,"Snecko Eye":0,"Bag of Marbles":25},{"Darkstone Periapt":45,"Regal Pillow":19,"Enchiridion":49,"StoneCalendar":49,"Cursed Key":37,"Boot":87,"Burning Blood":0,"Blood Vial":31,"Centennial Puzzle":41,"Lizard Tail":61,"Shovel":29,"Mummified Hand":101,"Sundial":130,"Pantograph":45,"Fusion Hammer":71,"Toxic Egg 2":19,"Self Forming Clay":61,"Charon\u0027s Ashes":55,"Question Card":61,"Medical Kit":87,"White Beast Statue":53,"Akabeko":141,"Bottled Flame":31,"Anchor":87,"Shuriken":93,"Bird Faced Urn":79,"Snecko Eye":0,"Bag of Marbles":101}]},"card_choices":[{"not_picked":["Anger","Iron Wave"],"picked":"Burning Pact","floor":1.0},{"not_picked":["Wild Strike","Havoc"],"picked":"Clothesline","floor":3.0},{"not_picked":["Battle Trance","Infernal Blade"],"picked":"Spot Weakness","floor":4.0},{"not_picked":["Headbutt","Inflame"],"picked":"Bludgeon","floor":5.0},{"not_picked":["Intimidate","Dropkick"],"picked":"Armaments","floor":7.0},{"not_picked":["Body Slam","Second Wind+1"],"picked":"Heavy Blade","floor":11.0},{"not_picked":["Pommel Strike","Flex+1"],"picked":"Second Wind+1","floor":12.0},{"not_picked":["Berserk","Fire Breathing"],"picked":"Power Through+1","floor":14.0},{"not_picked":["Double Tap+1","Bludgeon"],"picked":"Reaper","floor":16.0},{"not_picked":["Battle Trance+1","Sword Boomerang"],"picked":"Shrug It Off+1","floor":18.0},{"not_picked":["Flex+1","Dark Embrace","Hemokinesis"],"picked":"SKIP","floor":22.0},{"not_picked":["Havoc+1","Headbutt+1"],"picked":"Barricade","floor":23.0},{"not_picked":["Clash","Metallicize"],"picked":"Uppercut","floor":25.0},{"not_picked":["Headbutt","Iron Wave","Intimidate+1"],"picked":"SKIP","floor":28.0},{"not_picked":["Armaments+1","Pummel+1"],"picked":"Inflame","floor":29.0},{"not_picked":["Whirlwind","Reckless Charge"],"picked":"Armaments+1","floor":31.0},{"not_picked":["Barricade","Berserk","Immolate"],"picked":"Double Tap+1","floor":33.0},{"not_picked":["Uppercut","Searing Blow+1","Burning Pact+1"],"picked":"Entrench+1","floor":35.0},{"not_picked":["Sword Boomerang","Pommel Strike","Havoc+1","Intimidate+1"],"picked":"SKIP","floor":36.0},{"not_picked":["Second Wind+1","Blood for Blood+1","Havoc+1"],"picked":"Shockwave+1","floor":37.0},{"not_picked":["True Grit+1","Pommel Strike","Clash+1"],"picked":"Power Through+1","floor":39.0},{"not_picked":["Sever Soul","Rage+1","Sentinel+1"],"picked":"Shrug It Off+1","floor":40.0},{"not_picked":["Shrug It Off+1","Power Through+1","Heavy Blade"],"picked":"Flame Barrier+1","floor":44.0},{"not_picked":["Bloodletting+1","Shrug It Off+1","Flex+1"],"picked":"Double Tap+1","floor":46.0},{"not_picked":["Thunderclap","Sword Boomerang","Clash","Twin Strike"],"picked":"SKIP","floor":55.0}],"player_experience":1155540,"relics_obtained":[{"floor":7.0,"key":"Regal Pillow"},{"floor":9.0,"key":"Toxic Egg 2"},{"floor":12.0,"key":"Shovel"},{"floor":14.0,"key":"Bottled Flame"},{"floor":15.0,"key":"Blood Vial"},{"floor":23.0,"key":"Pantograph"},{"floor":24.0,"key":"Darkstone Periapt"},{"floor":25.0,"key":"StoneCalendar"},{"floor":27.0,"key":"Enchiridion"},{"floor":28.0,"key":"White Beast Statue"},{"floor":30.0,"key":"Charon\u0027s Ashes"},{"floor":31.0,"key":"Lizard Tail"},{"floor":31.0,"key":"Self Forming Clay"},{"floor":32.0,"key":"Question Card"},{"floor":37.0,"key":"Bird Faced Urn"},{"floor":40.0,"key":"Anchor"},{"floor":41.0,"key":"Boot"},{"floor":45.0,"key":"Shuriken"},{"floor":46.0,"key":"Bag of Marbles"},{"floor":49.0,"key":"Mummified Hand"},{"floor":53.0,"key":"Sundial"},{"floor":55.0,"key":"Akabeko"}],"event_choices":[{"damage_healed":0.0,"max_hp_gain":0.0,"max_hp_loss":0.0,"gold_gain":0.0,"cards_transformed":["Strike_R"],"event_name":"Living Wall","player_choice":"Change","floor":2.0,"gold_loss":0.0,"damage_taken":0.0,"cards_obtained":["Battle Trance"]},{"damage_healed":0.0,"max_hp_gain":0.0,"max_hp_loss":0.0,"gold_gain":52.0,"event_name":"Golden Wing","player_choice":"Gained Gold","floor":13.0,"gold_loss":0.0,"damage_taken":0.0},{"damage_healed":0.0,"max_hp_gain":0.0,"max_hp_loss":0.0,"gold_gain":0.0,"event_name":"The Library","player_choice":"Read","floor":19.0,"gold_loss":0.0,"damage_taken":0.0,"cards_obtained":["Armaments"]},{"damage_healed":0.0,"max_hp_gain":0.0,"max_hp_loss":0.0,"gold_gain":0.0,"event_name":"Forgotten Altar","player_choice":"Smashed Altar","floor":20.0,"gold_loss":0.0,"damage_taken":0.0,"cards_obtained":["Decay"]},{"damage_healed":0.0,"max_hp_gain":0.0,"max_hp_loss":0.0,"gold_gain":0.0,"event_name":"Cursed Tome","player_choice":"Obtained Book","floor":27.0,"gold_loss":0.0,"damage_taken":21.0},{"damage_healed":0.0,"max_hp_gain":0.0,"max_hp_loss":0.0,"gold_gain":0.0,"event_name":"Colosseum","player_choice":"Fight","floor":31.0,"gold_loss":0.0,"damage_taken":0.0},{"damage_healed":0.0,"max_hp_gain":0.0,"max_hp_loss":0.0,"gold_gain":0.0,"event_name":"Colosseum","player_choice":"Fought Nobs","floor":31.0,"gold_loss":0.0,"damage_taken":0.0},{"damage_healed":0.0,"max_hp_gain":0.0,"max_hp_loss":0.0,"gold_gain":0.0,"event_name":"Mysterious Sphere","player_choice":"Fight","floor":37.0,"gold_loss":0.0,"damage_taken":0.0},{"damage_healed":0.0,"max_hp_gain":0.0,"max_hp_loss":0.0,"gold_gain":0.0,"event_name":"Duplicator","player_choice":"Copied","floor":38.0,"gold_loss":0.0,"damage_taken":0.0,"cards_obtained":["Entrench"]},{"cards_removed":["Whirlwind"],"damage_healed":0.0,"max_hp_gain":0.0,"max_hp_loss":0.0,"gold_gain":0.0,"event_name":"Falling","player_choice":"Removed Attack","floor":48.0,"gold_loss":0.0,"damage_taken":0.0}],"is_beta":false,"boss_relics":[{"not_picked":["Ectoplasm","Calling Bell"],"picked":"Cursed Key"},{"not_picked":["Sozu","Runic Dome"],"picked":"Fusion Hammer"}],"items_purged_floors":[21,42],"is_endless":false,"potions_floor_spawned":[3,5,12,16,22,23,25,29,31,31,33,35,36,37,39,40,44,46,55],"ascension_level":20}}