{"host":"e1dlxrn9xf91lno8","time":1613494955,"event":{"mods":["AchievementEnabler","Aspiration","Bard","BaseMod","Beaked The Cultist","Bestiary","Better Altar","Better Sensory Stone","Better Third Choice","BetterRewards","Bossed Relics","Colored Map","Colored Powertips","Energized Spire","Filter the Spire","GungeonMod","Hermit","Highlight Path","Hubris","Infinite Spire","Mimic Mod","Minty Spire (QoL Compilation)","Morshu Shopkeeper","Morshu Shopkeeper - ENHANCED","Quick Restart","Rare Cards Sparkle","Reliquary","Replay The Spire","Shop Mod","Smile Girya","Somnambulant","StSLib","The Blue Laboratory","The Cursed","The Disciple","The Runesmith","Together in Spire","Uncapped","everything is the same but u backflip on backflip","slay the spire mod where everything is the same but ironclad has a cowboy hat"],"gold_per_floor":[111,130,130,130,141,169,169,169,169,169,189,199,199,212,212,311,311,330,344,357,560,560,560,573,573,603,452,467,484,497,412,412,511,461,473,473,473,27,41,41,41],"floor_reached":40,"language":"ENG","playtime":1635,"items_purged":["Worship"],"score":390,"play_id":"1a552f99-05fc-46c3-9a81-ee33b5934165","local_time":"20210216120235","is_ascension_mode":false,"campfire_choices":[{"data":"ReplayTheSpireMod:Muscle Training","floor":7,"key":"SMITH"},{"floor":10,"key":"REST"},{"data":"ReplayTheSpireMod:Muscle Training","floor":13,"key":"SMITH"},{"floor":15,"key":"REST"},{"floor":23,"key":"REST"},{"floor":25,"key":"REST"},{"floor":32,"key":"REST"}],"circlet_count":0,"master_deck":["Strike_R","Strike_R","Strike_R","Strike_R","Strike_R","Defend_R","Defend_R","Defend_R","Defend_R","Bash","ReplayTheSpireMod:Stacked","Inflame","Armaments","ReplayTheSpireMod:Muscle Training+1","hubris:CleavingFinish","ReplayTheSpireMod:Muscle Training+1","Clash","Clash","Flex+1","Consecrate","Prostrate","infinitespire:OneForAll","Replay:AllIn+1","Strike_R","Headbutt","Prostrate+1","ReplayTheSpireMod:Brewmster+1","infinitespire:OneForAll+1","SashWhip"],"relics":["Burning Blood","NeowsBlessing","hubris:Towel","Golden Egg","aspiration:BabyByrd","TungstenRod","aspiration:WatcherSkillbook","infinitespire:EmpoweringShard","Bottled Tornado","DemoMod:LamentConfigurum","Replay:Grab Bag","energizedSpire:HugeHouse","reliquary:BigHammer","hubris:ScarierMask","hubris:Potato","DollysMirror"],"acts_visited":["Exordium","TheCity","TheBeyond"],"potions_floor_usage":[16,16,20,29,33,33],"damage_taken":[{"damage":0,"enemies":"Cultist","floor":1,"turns":1},{"damage":0,"enemies":"2 Louse","floor":2,"turns":1},{"damage":0,"enemies":"Small Slimes","floor":5,"turns":2},{"damage":52,"enemies":"Gremlin Nob","floor":6,"turns":6},{"damage":7,"enemies":"2 Fungi Beasts","floor":11,"turns":5},{"damage":2,"enemies":"Blue Slaver","floor":12,"turns":4},{"damage":22,"enemies":"Large Slime","floor":14,"turns":8},{"damage":93,"enemies":"Fading Forest","floor":16,"turns":11},{"damage":15,"enemies":"Chosen","floor":18,"turns":6},{"damage":23,"enemies":"3 Byrds","floor":19,"turns":7},{"damage":29,"enemies":"Centurion and Healer","floor":20,"turns":7},{"damage":25,"enemies":"Shelled Parasite and Fungi","floor":24,"turns":5},{"damage":7,"enemies":"Sentry and Sphere","floor":26,"turns":5},{"damage":26,"enemies":"Sentry and Sphere","floor":28,"turns":5},{"damage":13,"enemies":"Snecko","floor":29,"turns":6},{"damage":6,"enemies":"Centurion and Healer","floor":30,"turns":4},{"damage":36,"enemies":"hubris:MusketHawk","floor":33,"turns":10},{"damage":7,"enemies":"Orb Walker","floor":35,"turns":3},{"damage":8,"enemies":"3 Darklings","floor":39,"turns":3},{"damage":78,"enemies":"Nightmare","floor":40,"turns":3}],"seed_played":"160459191263121019","potions_obtained":[{"floor":6,"key":"blueLaboratory:RememoryPotion"},{"floor":14,"key":"BloodPotion"},{"floor":16,"key":"blueLaboratory:BottleOfVodka"},{"floor":18,"key":"blueLaboratory:LouseDecoction"},{"floor":28,"key":"Weak Potion"},{"floor":39,"key":"blueLaboratory:FruitPunch"}],"is_trial":false,"path_per_floor":["M","M","?","?","M","E","R","?","T","R","M","M","R","M","R","B",null,"M","M","M","?","?","R","M","R","MIM","$","M","M","M","?","R","B",null,"M","?","?","$","M","NM"],"character_chosen":"IRONCLAD","items_purchased":["Toxic Potion","hubris:Potato","DollysMirror"],"campfire_rested":5,"item_purchase_floors":[27,38,38],"current_hp_per_floor":[80,80,80,80,80,34,34,34,34,58,57,61,61,45,69,8,80,71,54,31,12,12,36,17,41,40,40,20,13,13,13,37,7,75,74,74,74,74,72,0,0],"gold":41,"neow_bonus":"THREE_ENEMY_KILL","is_daily":false,"chose_seed":false,"campfire_upgraded":2,"win_rate":0.0,"timestamp":1613494955,"path_taken":["M","M","?","?","M","E","R","?","T","R","M","M","R","M","R","BOSS","M","M","M","?","?","R","M","R","MIM","?","M","M","?","?","R","BOSS","M","?","?","$","M","NM"],"items_purchased_type":["Potion","Relic","Relic"],"build_version":"2020-12-22","purchased_purges":1,"victory":false,"max_hp_per_floor":[80,80,80,80,80,80,80,80,80,80,80,80,80,80,80,80,80,80,80,80,80,80,80,80,80,80,80,80,80,80,80,80,80,75,75,75,75,75,75,75,75],"card_choices":[{"not_picked":["Wild Strike","Blood for Blood"],"picked":"ReplayTheSpireMod:Stacked","floor":1},{"not_picked":["Dual Wield","Combust"],"picked":"Inflame","floor":2},{"not_picked":["Headbutt","Entrench"],"picked":"ReplayTheSpireMod:Muscle Training","floor":5},{"not_picked":["Infernal Blade","Sword Boomerang"],"picked":"hubris:CleavingFinish","floor":6},{"not_picked":["Replay:Undeath\u0027s Touch","Shrug It Off"],"picked":"infinitespire:OneForAll","floor":11},{"not_picked":["Anger","Evolve"],"picked":"ReplayTheSpireMod:Muscle Training","floor":12},{"not_picked":["Sword Boomerang","Wild Strike"],"picked":"Clash","floor":14},{"not_picked":["Juggernaut","hubris:StunningStrike"],"picked":"Double Tap","floor":16},{"not_picked":["JustLucky","Clothesline","EmptyBody"],"picked":"Clash","floor":18},{"not_picked":["Perfected Strike","Replay:AtTheReady+1","CutThroughFate"],"picked":"Flex+1","floor":19},{"not_picked":["Twin Strike","Sword Boomerang+1","EmptyMind"],"picked":"Worship","floor":20},{"not_picked":["FlurryOfBlows","FlyingSleeves","Evaluate"],"picked":"Consecrate","floor":21},{"not_picked":["Replay:AtTheReady","CutThroughFate+1","Headbutt","Pommel Strike"],"picked":"SKIP","floor":24},{"not_picked":["PathToVictory","Feel No Pain+1","Replay:Undeath\u0027s Touch"],"picked":"Prostrate","floor":26},{"not_picked":["Infernal Blade","ThirdEye","ReplayTheSpireMod:Corrosion Curse","Wild Strike"],"picked":"SKIP","floor":28},{"not_picked":["Halt+1","Cleave","BowlingBash","Consecrate"],"picked":"SKIP","floor":29},{"not_picked":["Twin Strike+1","WheelKick+1","JustLucky"],"picked":"infinitespire:OneForAll","floor":30},{"not_picked":["Brutality","Replay:LoomingThreat","Bludgeon"],"picked":"Replay:AllIn","floor":33},{"not_picked":["Run Through","Wild Strike","Replay:BluntJabs+1"],"picked":"Prostrate+1","floor":35},{"not_picked":["Replay:BasicMightCard","hubris:Ssssneak","Chrysalis"],"picked":"ReplayTheSpireMod:Brewmster","floor":37},{"not_picked":["ReplayReversal","Evaluate","DeceiveReality+1"],"picked":"SashWhip","floor":39}],"player_experience":22021,"relics_obtained":[{"floor":6,"key":"Golden Egg"},{"floor":9,"key":"TungstenRod"},{"floor":26,"key":"infinitespire:EmpoweringShard"},{"floor":26,"key":"Bottled Tornado"}],"event_choices":[{"damage_healed":0,"gold_gain":0,"player_choice":"Ignored","damage_taken":0,"max_hp_gain":0,"max_hp_loss":0,"event_name":"Ghosts","floor":22,"gold_loss":0},{"damage_healed":0,"gold_gain":0,"player_choice":"Obtained Relic","damage_taken":0,"relics_obtained":["DemoMod:LamentConfigurum"],"max_hp_gain":0,"max_hp_loss":0,"event_name":"Addict","floor":31,"gold_loss":85},{"cards_removed":["infinitespire:OneForAll"],"damage_healed":0,"gold_gain":0,"player_choice":"Removed Attack","damage_taken":0,"max_hp_gain":0,"max_hp_loss":0,"event_name":"Falling","floor":36,"gold_loss":0},{"damage_healed":0,"gold_gain":3,"player_choice":"1","damage_taken":0,"max_hp_gain":0,"max_hp_loss":0,"event_name":"betterStone:BetterStone","floor":37,"gold_loss":0}],"is_beta":false,"boss_relics":[{"not_picked":["Black Blood","Fusion Hammer"],"picked":"aspiration:WatcherSkillbook"},{"not_picked":["Velvet Choker","hubris:HollowSoul"],"picked":"Replay:Grab Bag"},{"not_picked":["energizedSpire:RedRose","energizedSpire:StickyHand"],"picked":"energizedSpire:HugeHouse"},{"not_picked":["energizedSpire:SpiderWeb","Cursed Key"],"picked":"reliquary:BigHammer"},{"not_picked":["Empty Cage","Astrolabe"],"picked":"hubris:ScarierMask"}],"items_purged_floors":[27],"is_endless":false,"potions_floor_spawned":[6,14,16,18,20,28,33,39],"killed_by":"Nightmare","ascension_level":0}}