{"host":"t9vqxmgmtrdkt9v9","time":1613467148,"event":{"mods":["AchievementEnabler","BaseMod","Colored Map","Minty Spire (QoL Compilation)","Permanent Neow","Relic Stats","StSLib"],"gold_per_floor":[111,111,36,36,36,36,80,80,80,119,142,142,160,175,175,271,271,291,216,247,263,17,17,58,58,84,84,103,134,134,154,154,250,250,263,287,287,303,303,336,356,356,382,382,420,370,411,36,36,36],"floor_reached":51,"language":"ENG","playtime":3899,"items_purged":["Strike_G","Defend_G","Defend_G"],"score":1534,"play_id":"bfa27765-2e8a-4351-b4dd-a04b39331fa0","local_time":"20210216191908","is_ascension_mode":true,"campfire_choices":[{"data":"Predator","floor":6.0,"key":"SMITH"},{"data":"Infinite Blades","floor":8.0,"key":"SMITH"},{"data":"Leg Sweep","floor":12.0,"key":"SMITH"},{"data":"Tools of the Trade","floor":15.0,"key":"SMITH"},{"floor":23.0,"key":"REST"},{"data":"Calculated Gamble","floor":27.0,"key":"SMITH"},{"data":"Cloak And Dagger","floor":30.0,"key":"SMITH"},{"floor":32.0,"key":"REST"},{"data":"Wraith Form v2","floor":42,"key":"SMITH"},{"data":"Night Terror","floor":44,"key":"SMITH"},{"floor":49,"key":"REST"}],"circlet_count":0,"master_deck":["AscendersBane","Strike_G","Strike_G","Strike_G","Defend_G","Defend_G","Defend_G","Survivor","Neutralize","Predator+1","Infinite Blades+1","PiercingWail","Adrenaline","Leg Sweep+1","Backflip","Tools of the Trade+1","Adrenaline","Blade Dance+1","Calculated Gamble+1","Backflip","Reflex","Cloak And Dagger+1","Blur","Leg Sweep+1","Night Terror+1","Cloak And Dagger+1","Blur+1","Blade Dance","Bandage Up","Wraith Form v2+1","Choke","Reflex"],"relics":["Ring of the Snake","NeowsBlessing","Regal Pillow","Golden Idol","Pear","Ninja Scroll","Question Card","WristBlade","Red Mask","Sling","Happy Flower","Enchiridion","Smiling Mask","Unceasing Top","Sozu","Potion Belt","Pen Nib","Nunchaku","Ancient Tea Set","Vajra","Frozen Eye"],"acts_visited":["Exordium","TheCity","TheBeyond"],"potions_floor_usage":[],"damage_taken":[{"damage":0.0,"enemies":"2 Louse","floor":1.0,"turns":1.0},{"damage":0.0,"enemies":"Lagavulin","floor":7.0,"turns":1.0},{"damage":0.0,"enemies":"Gremlin Nob","floor":10.0,"turns":1.0},{"damage":0.0,"enemies":"Jaw Worm","floor":11.0,"turns":2.0},{"damage":0.0,"enemies":"Small Slimes","floor":13.0,"turns":2.0},{"damage":0.0,"enemies":"Blue Slaver","floor":14.0,"turns":2.0},{"damage":44.0,"enemies":"Slime Boss","floor":16.0,"turns":14.0},{"damage":16.0,"enemies":"2 Thieves","floor":18.0,"turns":4.0},{"damage":7.0,"enemies":"Masked Bandits","floor":20.0,"turns":3.0},{"damage":0.0,"enemies":"Spheric Guardian","floor":21.0,"turns":2.0},{"damage":0.0,"enemies":"Slavers","floor":24.0,"turns":4.0},{"damage":0.0,"enemies":"Snecko","floor":28.0,"turns":3.0},{"damage":4.0,"enemies":"Book of Stabbing","floor":29.0,"turns":4.0},{"damage":17.0,"enemies":"Shelled Parasite and Fungi","floor":31.0,"turns":3.0},{"damage":56.0,"enemies":"Champ","floor":33.0,"turns":18.0},{"damage":2.0,"enemies":"Orb Walker","floor":35.0,"turns":4.0},{"damage":3.0,"enemies":"3 Shapes","floor":36.0,"turns":6.0},{"damage":0,"enemies":"Transient","floor":38,"turns":6},{"damage":10,"enemies":"Reptomancer","floor":40,"turns":6},{"damage":2,"enemies":"Spire Growth","floor":41,"turns":5},{"damage":0,"enemies":"Giant Head","floor":45,"turns":6},{"damage":16,"enemies":"Reptomancer","floor":47,"turns":4},{"damage":30,"enemies":"Donu and Deca","floor":50,"turns":12}],"seed_played":"-3181376050016444106","potions_obtained":[{"floor":1.0,"key":"SmokeBomb"},{"floor":7.0,"key":"SpeedPotion"},{"floor":11.0,"key":"SpeedPotion"},{"floor":24.0,"key":"SteroidPotion"}],"is_trial":false,"path_per_floor":["M","?","$","?","?","R","E","R","T","E","M","R","M","M","R","B",null,"M","?","?","M","$","R","E","?","T","R","M","E","R","M","R","B",null,"M","M","$","M","?","E","M","R","T","R","E","$","E","$","R","B",null],"character_chosen":"THE_SILENT","items_purchased":["Infinite Blades","Sling","Vajra","Frozen Eye"],"campfire_rested":3,"item_purchase_floors":[3,22,48,48],"current_hp_per_floor":[59,48,48,53,53,53,63,63,63,63,63,63,63,63,63,19,60,44,44,37,37,37,74,74,53,53,53,53,49,49,32,69,13,59,57,54,54,54,54,48,50,50,50,50,54,54,42,42,74,44],"gold":36,"neow_bonus":"THREE_ENEMY_KILL","is_daily":false,"chose_seed":false,"campfire_upgraded":8,"win_rate":0.0,"timestamp":1613467148,"path_taken":["M","?","$","?","?","R","E","R","T","E","M","R","?","?","R","BOSS","M","?","?","?","$","R","E","?","T","R","M","E","R","M","R","BOSS","M","M","$","M","?","E","M","R","T","R","E","$","E","$","R","BOSS"],"items_purchased_type":["Card","Relic","Relic","Relic"],"build_version":"2020-12-22","purchased_purges":3,"victory":true,"max_hp_per_floor":[66,66,66,71,64,64,74,74,74,74,74,74,74,74,74,74,74,74,74,74,74,74,74,74,74,74,74,74,74,74,74,74,74,74,74,74,74,74,74,74,74,74,74,74,74,74,74,74,74,74],"relic_stats":{"Sozu":3,"Regal Pillow":40,"Nunchaku":[7],"Happy Flower":[25],"counters":[23,113],"Golden Idol":159,"Pen Nib":[11],"Question Card":20,"Smiling Mask":125,"obtain_stats":[{"Potion Belt":40,"Regal Pillow":2,"Pear":7,"NeowsBlessing":0,"Happy Flower":24,"Golden Idol":5,"Enchiridion":25,"Vajra":48,"Pen Nib":43,"Question Card":10,"Sling":22,"Smiling Mask":26,"Ancient Tea Set":47,"Sozu":34,"Frozen Eye":48,"Nunchaku":45,"WristBlade":17,"Ninja Scroll":9,"Red Mask":20,"Unceasing Top":29,"Ring of the Snake":0},{"Potion Belt":19,"Regal Pillow":1,"Pear":2,"NeowsBlessing":0,"Happy Flower":11,"Golden Idol":1,"Enchiridion":11,"Vajra":22,"Pen Nib":20,"Question Card":3,"Sling":10,"Smiling Mask":11,"Ancient Tea Set":22,"Sozu":15,"Frozen Eye":22,"Nunchaku":21,"WristBlade":7,"Ninja Scroll":2,"Red Mask":9,"Unceasing Top":13,"Ring of the Snake":0},{"Potion Belt":86,"Regal Pillow":1,"Pear":2,"NeowsBlessing":0,"Happy Flower":36,"Golden Idol":1,"Enchiridion":36,"Vajra":101,"Pen Nib":91,"Question Card":3,"Sling":32,"Smiling Mask":36,"Ancient Tea Set":101,"Sozu":64,"Frozen Eye":101,"Nunchaku":97,"WristBlade":23,"Ninja Scroll":2,"Red Mask":30,"Unceasing Top":43,"Ring of the Snake":0}],"Unceasing Top":[5],"Ring of the Snake":[34]},"card_choices":[{"not_picked":["All Out Attack","Setup"],"picked":"Predator","floor":1.0},{"not_picked":["Flying Knee","Concentrate"],"picked":"PiercingWail","floor":7.0},{"not_picked":["Noxious Fumes","Dagger Spray"],"picked":"Adrenaline","floor":10.0},{"not_picked":["Quick Slash","Deflect","Distraction"],"picked":"Leg Sweep","floor":11.0},{"not_picked":["Dagger Throw","Predator","Flechettes"],"picked":"Backflip","floor":13.0},{"not_picked":["Underhanded Strike","Bane","Quick Slash"],"picked":"Tools of the Trade","floor":14.0},{"not_picked":["Tools of the Trade","A Thousand Cuts","Corpse Explosion"],"picked":"Adrenaline","floor":16.0},{"not_picked":["Deflect","Acrobatics","Dagger Throw"],"picked":"Blade Dance+1","floor":18.0},{"not_picked":["Choke","Outmaneuver","Eviscerate"],"picked":"Calculated Gamble","floor":20.0},{"not_picked":["Flying Knee","Bane","PiercingWail"],"picked":"Backflip","floor":21.0},{"not_picked":["Dagger Throw","Setup","Choke"],"picked":"Reflex","floor":24.0},{"not_picked":["Slice","Grand Finale","Poisoned Stab"],"picked":"Cloak And Dagger","floor":28.0},{"not_picked":["Dagger Spray","Dodge and Roll","Noxious Fumes"],"picked":"Blur","floor":29.0},{"not_picked":["Backflip","Dagger Spray","Dagger Throw"],"picked":"Leg Sweep+1","floor":31.0},{"not_picked":["Glass Knife","Die Die Die","Tools of the Trade"],"picked":"Night Terror","floor":33.0},{"not_picked":["Skewer","Well Laid Plans","Infinite Blades"],"picked":"Cloak And Dagger+1","floor":35.0},{"not_picked":["Dagger Spray","Sucker Punch","Expertise"],"picked":"Blur+1","floor":36.0},{"not_picked":["Deflect+1","Backflip","Deadly Poison+1"],"picked":"Blade Dance","floor":38},{"not_picked":["Good Instincts","Enlightenment","Swift Strike"],"picked":"Bandage Up","floor":39},{"not_picked":["Poisoned Stab","Calculated Gamble","Backstab"],"picked":"Wraith Form v2","floor":40},{"not_picked":["Escape Plan","Sucker Punch+1","Skewer","Masterful Stab+1"],"picked":"SKIP","floor":41},{"not_picked":["Quick Slash+1","Acrobatics+1","Leg Sweep"],"picked":"Choke","floor":45},{"not_picked":["Cloak And Dagger","Quick Slash","Infinite Blades"],"picked":"Reflex","floor":47}],"player_experience":417156,"relics_obtained":[{"floor":7.0,"key":"Pear"},{"floor":9.0,"key":"Ninja Scroll"},{"floor":10.0,"key":"Question Card"},{"floor":20.0,"key":"Red Mask"},{"floor":24.0,"key":"Happy Flower"},{"floor":25.0,"key":"Enchiridion"},{"floor":26.0,"key":"Smiling Mask"},{"floor":29.0,"key":"Unceasing Top"},{"floor":40,"key":"Potion Belt"},{"floor":43,"key":"Pen Nib"},{"floor":45,"key":"Nunchaku"},{"floor":47,"key":"Ancient Tea Set"}],"event_choices":[{"damage_healed":0.0,"max_hp_gain":0.0,"max_hp_loss":0.0,"gold_gain":0.0,"event_name":"Scrap Ooze","player_choice":"Success","floor":2.0,"gold_loss":0.0,"damage_taken":11.0,"relics_obtained":["Regal Pillow"]},{"damage_healed":0.0,"max_hp_gain":5.0,"max_hp_loss":0.0,"gold_gain":0.0,"event_name":"Big Fish","player_choice":"Donut","floor":4.0,"gold_loss":0.0,"damage_taken":0.0},{"damage_healed":0.0,"max_hp_gain":0.0,"max_hp_loss":7.0,"gold_gain":0.0,"event_name":"Golden Idol","player_choice":"Lose Max HP","floor":5.0,"gold_loss":0.0,"damage_taken":0.0,"relics_obtained":["Golden Idol"]},{"cards_removed":["Strike_G"],"damage_healed":0.0,"max_hp_gain":0.0,"max_hp_loss":0.0,"gold_gain":0.0,"event_name":"Beggar","player_choice":"Gave Gold","floor":19.0,"gold_loss":75.0,"damage_taken":0.0},{"damage_healed":0.0,"max_hp_gain":0.0,"max_hp_loss":0.0,"gold_gain":0.0,"event_name":"Masked Bandits","player_choice":"Fought Bandits","floor":20.0,"gold_loss":0.0,"damage_taken":0.0},{"damage_healed":0.0,"max_hp_gain":0.0,"max_hp_loss":0.0,"gold_gain":0.0,"event_name":"Cursed Tome","player_choice":"Obtained Book","floor":25.0,"gold_loss":0.0,"damage_taken":21.0},{"damage_healed":0,"gold_gain":0,"player_choice":"Memory 1","damage_taken":0,"max_hp_gain":0,"max_hp_loss":0,"event_name":"SensoryStone","floor":39,"gold_loss":0}],"is_beta":false,"boss_relics":[{"not_picked":["Velvet Choker","Cursed Key"],"picked":"WristBlade"},{"not_picked":["Fusion Hammer","Philosopher\u0027s Stone"],"picked":"Sozu"}],"items_purged_floors":[22,46,48],"is_endless":false,"potions_floor_spawned":[1,7,11,20,24,29,31,35,36,47],"ascension_level":17}}