{"host":"nea7n2z8ef69uk76","time":1613515187,"event":{"mods":["BaseMod","Better Altar","Colored Powertips","Curses Come First","Emptier Cage","Minty Spire (QoL Compilation)","Permanent Neow","Quick Restart","SacredBarkPlus","Spicy Shops","StSLib","The Bug Knight"],"gold_per_floor":[112,123,398,416,432,467,467,525,550,560,560,560,216,228,228,324,324,343,354,152,172,172,172,188,215,215,243,50,50,68,87,87,87,87],"floor_reached":33,"language":"ENG","playtime":1763,"items_purged":["HollowMod:ChannelNail","HollowMod:ChannelNail","Writhe"],"score":294,"play_id":"51186636-4872-4ccc-87ae-9601c6a6c179","local_time":"20210216173947","is_ascension_mode":false,"campfire_choices":[{"data":"HollowMod:CycloneSlash","floor":7,"key":"SMITH"},{"data":"HollowMod:DoubleDash","floor":11,"key":"SMITH"},{"data":"HollowMod:VengefulVoid","floor":15,"key":"SMITH"},{"data":"HollowMod:ShadowDash","floor":23,"key":"SMITH"},{"data":"HollowMod:SiblingsShadow","floor":29,"key":"SMITH"},{"data":"HollowMod:ShadowDash","floor":32,"key":"SMITH"}],"circlet_count":0,"master_deck":["HollowMod:NailStrikeStart","HollowMod:NailStrikeStart","HollowMod:NailStrikeStart","HollowMod:NailStrikeStart","HollowMod:QuickDashStart","HollowMod:QuickDashStart","HollowMod:QuickDashStart","HollowMod:QuickDashStart","HollowMod:PogoStrike","HollowMod:CycloneSlash+1","HollowMod:DreamGate","HollowMod:MantisMark","HollowMod:DoubleDash+1","HollowMod:SiblingsShadow+1","HollowMod:ShadowDash+1","HollowMod:BlackTendrils","HollowMod:VengefulVoid+1","HollowMod:VengefulVoid","HollowMod:ZotesMagnificence","HollowMod:ShadowDash+1","HollowMod:SharpenedShadows+1","HollowMod:DescendingDark","HollowMod:MantisMark","HollowMod:MantisMark+1","HollowMod:AwokenDreamNail","HollowMod:CloakDash","Parasite","HollowMod:BlackTendrils","HollowMod:ShadowDash","HollowMod:ShadowDash+1"],"relics":["HollowMod:VesselMask","NeowsBlessing","MealTicket","Boot","Tiny Chest","Cursed Key","Strawberry","Darkstone Periapt","MawBank"],"acts_visited":["Exordium","TheCity"],"potions_floor_usage":[6,6,16,24,27],"damage_taken":[{"damage":0,"enemies":"Jaw Worm","floor":1,"turns":1},{"damage":0,"enemies":"Cultist","floor":2,"turns":1},{"damage":0,"enemies":"Small Slimes","floor":4,"turns":1},{"damage":15,"enemies":"Blue Slaver","floor":5,"turns":5},{"damage":11,"enemies":"Gremlin Nob","floor":6,"turns":3},{"damage":23,"enemies":"3 Sentries","floor":8,"turns":5},{"damage":8,"enemies":"Lots of Slimes","floor":10,"turns":3},{"damage":9,"enemies":"HollowMod:HuskWarrior","floor":14,"turns":6},{"damage":40,"enemies":"The Guardian","floor":16,"turns":12},{"damage":20,"enemies":"2 Thieves","floor":18,"turns":4},{"damage":2,"enemies":"Chosen","floor":19,"turns":4},{"damage":0,"enemies":"Sentry and Sphere","floor":21,"turns":3},{"damage":5,"enemies":"Snecko","floor":24,"turns":3},{"damage":38,"enemies":"HollowMod:Nosk","floor":27,"turns":6},{"damage":31,"enemies":"Centurion and Healer","floor":30,"turns":5},{"damage":12,"enemies":"Cultist and Chosen","floor":31,"turns":4},{"damage":34,"enemies":"HollowMod:NKGrimm","floor":33,"turns":5}],"seed_played":"-7852792678616077531","potions_obtained":[{"floor":1,"key":"EssenceOfSteel"},{"floor":5,"key":"FearPotion"},{"floor":6,"key":"FearPotion"},{"floor":10,"key":"Ancient Potion"},{"floor":16,"key":"CultistPotion"},{"floor":19,"key":"LiquidMemories"},{"floor":30,"key":"BlessingOfTheForge"}],"is_trial":false,"path_per_floor":["M","M","?","M","M","E","R","?","T","M","R","?","$","M","R","B",null,"M","M","$","M","?","R","M","T","T","E","$","R","M","M","R","B"],"character_chosen":"THE_BUGKNIGHT","items_purchased":["HollowMod:SiblingsShadow","HollowMod:ShadowDash","HollowMod:BlackTendrils","HollowMod:VengefulVoid","HollowMod:DescendingDark","HollowMod:MantisMark","HollowMod:BlackTendrils"],"campfire_rested":0,"item_purchase_floors":[13,13,13,13,20,20,28],"current_hp_per_floor":[75,75,75,75,66,61,61,38,38,30,30,30,45,41,41,3,75,55,55,70,72,72,72,67,74,74,42,57,57,35,28,28,1,1],"gold":87,"neow_bonus":"THREE_ENEMY_KILL","is_daily":false,"chose_seed":false,"campfire_upgraded":6,"win_rate":0.0,"timestamp":1613515187,"path_taken":["M","M","?","?","M","E","R","?","T","M","R","?","$","M","R","BOSS","M","M","?","M","?","R","M","?","T","E","?","R","?","M","R","BOSS"],"items_purchased_type":["Card","Card","Card","Card","Card","Card","Card"],"build_version":"2020-12-22","purchased_purges":3,"victory":false,"max_hp_per_floor":[75,75,75,75,75,75,75,75,75,75,75,75,75,75,75,75,75,75,75,75,75,75,75,75,82,82,82,82,82,82,82,82,82,82],"card_choices":[{"not_picked":["HollowMod:AbyssShriek","HollowMod:TaintedHusks"],"picked":"HollowMod:CycloneSlash","floor":1},{"not_picked":["HollowMod:NewJinnsSoul","HollowMod:LifebloodCocoon"],"picked":"HollowMod:ChannelNail","floor":2},{"not_picked":["HollowMod:DescendingDark","HollowMod:CycloneSlash"],"picked":"HollowMod:DreamGate","floor":4},{"not_picked":["HollowMod:QuirrelsAssistance","HollowMod:BaldurShell"],"picked":"HollowMod:MantisMark","floor":5},{"not_picked":["HollowMod:InfectedCysts","HollowMod:SharpenedNail"],"picked":"HollowMod:ChannelNail","floor":6},{"not_picked":["HollowMod:CycloneSlash","HollowMod:LordofShades"],"picked":"HollowMod:DoubleDash","floor":10},{"not_picked":["HollowMod:DescendingDark","HollowMod:DashSlash"],"picked":"HollowMod:VengefulVoid","floor":14},{"not_picked":["HollowMod:HornetsHelp","HollowMod:LifebloodCore"],"picked":"HollowMod:ZotesMagnificence","floor":16},{"not_picked":["HollowMod:SiblingsSouls","HollowMod:Grubsong+1"],"picked":"HollowMod:ShadowDash+1","floor":18},{"not_picked":["HollowMod:SiblingsSouls+1","HollowMod:SoulVessel"],"picked":"HollowMod:SharpenedShadows+1","floor":19},{"not_picked":["HollowMod:CoiledNail","HollowMod:HuntersJournal"],"picked":"HollowMod:MantisMark+1","floor":21},{"not_picked":["HollowMod:SharpenedNail","HollowMod:PerfectDash"],"picked":"HollowMod:CloakDash","floor":24},{"not_picked":["HollowMod:SoulEater","HollowMod:NewLittleFool","HollowMod:CornifersMapStart"],"picked":"SKIP","floor":27},{"not_picked":["HollowMod:MantisMark","HollowMod:CornifersMapStart+1"],"picked":"HollowMod:ShadowDash","floor":30},{"not_picked":["HollowMod:MothsMistake+1","HollowMod:ShapeofUnn"],"picked":"HollowMod:ShadowDash","floor":31}],"player_experience":423610,"relics_obtained":[{"floor":6,"key":"MealTicket"},{"floor":8,"key":"Boot"},{"floor":9,"key":"Tiny Chest"},{"floor":25,"key":"Strawberry"},{"floor":26,"key":"Darkstone Periapt"},{"floor":27,"key":"MawBank"}],"event_choices":[{"damage_healed":0,"gold_gain":275,"player_choice":"Desecrate","damage_taken":0,"max_hp_gain":0,"max_hp_loss":0,"event_name":"Golden Shrine","floor":3,"gold_loss":0,"cards_obtained":["Regret"]},{"damage_healed":0,"gold_gain":0,"player_choice":"Searched \u00272\u0027 times","damage_taken":0,"max_hp_gain":0,"max_hp_loss":0,"event_name":"Dead Adventurer","floor":8,"gold_loss":0},{"cards_removed":["Regret"],"damage_healed":0,"gold_gain":0,"player_choice":"Purged","damage_taken":0,"max_hp_gain":0,"max_hp_loss":0,"event_name":"Purifier","floor":12,"gold_loss":0},{"damage_healed":0,"gold_gain":0,"cards_transformed":["HollowMod:FocusHealStart"],"player_choice":"Transformed","damage_taken":0,"max_hp_gain":0,"max_hp_loss":0,"event_name":"Transmorgrifier","floor":22,"gold_loss":0,"cards_obtained":["HollowMod:AwokenDreamNail"]}],"is_beta":false,"boss_relics":[{"not_picked":["Coffee Dripper","Snecko Eye"],"picked":"Cursed Key"}],"items_purged_floors":[13,20,28],"is_endless":false,"potions_floor_spawned":[1,5,6,10,16,19,30],"killed_by":"HollowMod:NKGrimm","ascension_level":0}}