{"host":"xsuxkwaivmtd234a","time":1613492103,"event":{"mods":["BaseMod","Bestiary","Colored Map","Filter the Spire","Minty Spire (QoL Compilation)","Relic Stats","StSLib"],"gold_per_floor":[109,127,139,139,139,139,154,172,172,0,32,49,49,49,49,49,49],"floor_reached":16,"language":"ENG","playtime":457,"items_purged":[],"score":128,"play_id":"b88b91f5-8ef2-4e7d-8ea6-a22ebc656055","local_time":"20210216111503","is_ascension_mode":true,"campfire_choices":[{"floor":6,"key":"REST"},{"data":"Bash","floor":13,"key":"SMITH"},{"data":"Immolate","floor":15,"key":"SMITH"}],"circlet_count":0,"master_deck":["Strike_R","Strike_R","Strike_R","Strike_R","Strike_R","Defend_R","Defend_R+1","Defend_R","Defend_R+1","Bash+1","Dropkick","Anger","Sword Boomerang","Cleave","Immolate+1","Madness","Inflame+1","Dual Wield"],"relics":["SacredBark","Shuriken","Frozen Egg 2","Akabeko"],"acts_visited":["Exordium"],"potions_floor_usage":[3,11,11],"damage_taken":[{"damage":7,"enemies":"Small Slimes","floor":1,"turns":3},{"damage":0,"enemies":"2 Louse","floor":2,"turns":2},{"damage":7,"enemies":"Jaw Worm","floor":3,"turns":3},{"damage":0,"enemies":"Large Slime","floor":7,"turns":4},{"damage":3,"enemies":"Exordium Thugs","floor":8,"turns":5},{"damage":7,"enemies":"3 Sentries","floor":11,"turns":5},{"damage":0,"enemies":"Lots of Slimes","floor":12,"turns":1},{"damage":31,"enemies":"The Guardian","floor":16,"turns":4}],"seed_played":"1673120939670328358","potions_obtained":[{"floor":1,"key":"Energy Potion"},{"floor":7,"key":"Fire Potion"},{"floor":8,"key":"PowerPotion"}],"is_trial":false,"path_per_floor":["M","M","M","?","?","R","M","M","T","$","E","M","R","?","R","B"],"character_chosen":"IRONCLAD","items_purchased":["Immolate","Madness"],"campfire_rested":1,"item_purchase_floors":[10,10],"current_hp_per_floor":[73,73,66,50,17,41,41,38,38,38,31,31,31,31,31,0,0],"gold":49,"neow_bonus":"BOSS_RELIC","is_daily":false,"chose_seed":false,"campfire_upgraded":2,"win_rate":0.0,"timestamp":1613492103,"path_taken":["M","M","M","?","?","R","M","M","T","?","E","M","R","?","R","BOSS"],"items_purchased_type":["Card","Card"],"build_version":"2020-12-22","purchased_purges":0,"victory":false,"max_hp_per_floor":[80,80,80,80,80,80,80,80,80,80,80,80,80,80,80,80,80],"relic_stats":{"counters":[8,27],"Shuriken":[6],"obtain_stats":[{"Shuriken":5,"SacredBark":0,"Frozen Egg 2":9,"Burning Blood":0,"Akabeko":11},{"Shuriken":3,"SacredBark":0,"Frozen Egg 2":5,"Burning Blood":0,"Akabeko":6},{"Shuriken":8,"SacredBark":0,"Frozen Egg 2":17,"Burning Blood":0,"Akabeko":22}]},"card_choices":[{"not_picked":["Twin Strike","Flex"],"picked":"Dropkick","floor":1},{"not_picked":["Bloodletting","Perfected Strike","Heavy Blade"],"picked":"SKIP","floor":2},{"not_picked":["Hemokinesis","Battle Trance"],"picked":"Anger","floor":3},{"not_picked":["Iron Wave","Wild Strike"],"picked":"Sword Boomerang","floor":7},{"not_picked":["Flex","Thunderclap"],"picked":"Cleave","floor":8},{"not_picked":["Rupture+1","Warcry"],"picked":"Inflame+1","floor":11},{"not_picked":["Heavy Blade","Havoc"],"picked":"Dual Wield","floor":12}],"player_experience":1276845,"relics_obtained":[{"floor":9,"key":"Frozen Egg 2"},{"floor":11,"key":"Akabeko"}],"event_choices":[{"damage_healed":0,"gold_gain":0,"player_choice":"Entered Light","damage_taken":16,"max_hp_gain":0,"max_hp_loss":0,"event_name":"Shining Light","floor":4,"gold_loss":0,"cards_upgraded":["Defend_R","Defend_R"]},{"damage_healed":0,"gold_gain":0,"player_choice":"Success","damage_taken":33,"relics_obtained":["Shuriken"],"max_hp_gain":0,"max_hp_loss":0,"event_name":"Scrap Ooze","floor":5,"gold_loss":0},{"damage_healed":0,"gold_gain":0,"player_choice":"Ignored","damage_taken":0,"max_hp_gain":0,"max_hp_loss":0,"event_name":"WeMeetAgain","floor":14,"gold_loss":0}],"is_beta":false,"boss_relics":[],"items_purged_floors":[],"is_endless":false,"potions_floor_spawned":[1,7,8],"killed_by":"The Guardian","ascension_level":5}}