{"host":"2no1vwhhkhf0ohz3","time":1613449541,"event":{"mods":["AchievementEnabler","BaseMod","Colored Map","DeckTracker","Keyboard Shortcuts","Minty Spire (QoL Compilation)","SuperFastMode"],"gold_per_floor":[110,60,78,78,3,3,38,38,38,51,61,72,72,85,85,85,85],"floor_reached":16,"language":"KOR","playtime":372,"items_purged":["Strike_R"],"score":197,"play_id":"60c26aa1-bd47-4d7f-82a0-2ee32abdd979","local_time":"20210216132541","is_ascension_mode":true,"campfire_choices":[{"data":"Bash","floor":6,"key":"SMITH"},{"data":"Body Slam","floor":15,"key":"SMITH"}],"circlet_count":0,"master_deck":["AscendersBane","Strike_R","Strike_R","Strike_R","Defend_R","Defend_R","Defend_R","Bash+1","Pommel Strike","Shrug It Off","Flex","Cleave","Burning Pact","Body Slam+1"],"relics":["Burning Blood","NeowsBlessing","Nunchaku","Lantern","The Courier"],"acts_visited":["Exordium"],"potions_floor_usage":[],"damage_taken":[{"damage":0,"enemies":"Small Slimes","floor":1,"turns":1},{"damage":0,"enemies":"Jaw Worm","floor":3,"turns":1},{"damage":0,"enemies":"Lagavulin","floor":7,"turns":1},{"damage":2,"enemies":"2 Louse","floor":10,"turns":2},{"damage":11,"enemies":"Looter","floor":11,"turns":2},{"damage":12,"enemies":"2 Fungi Beasts","floor":12,"turns":3},{"damage":10,"enemies":"Exordium Thugs","floor":14,"turns":5},{"damage":54,"enemies":"The Guardian","floor":16,"turns":9}],"seed_played":"6920177996546540921","potions_obtained":[{"floor":7,"key":"ColorlessPotion"},{"floor":10,"key":"SteroidPotion"}],"is_trial":false,"path_per_floor":["M","?","M","?","$","R","E","?","T","M","M","M","$","M","R","B"],"character_chosen":"IRONCLAD","items_purchased":[],"campfire_rested":0,"item_purchase_floors":[],"current_hp_per_floor":[78,78,80,77,77,77,80,73,73,77,72,66,66,62,62,8,8],"gold":85,"neow_bonus":"THREE_ENEMY_KILL","is_daily":false,"chose_seed":false,"campfire_upgraded":2,"win_rate":0.0,"timestamp":1613449541,"path_taken":["M","?","M","?","?","R","E","?","T","M","M","M","$","M","R","BOSS"],"items_purchased_type":[],"build_version":"2020-12-22","purchased_purges":1,"victory":false,"max_hp_per_floor":[80,80,80,80,80,80,80,80,80,80,80,80,80,80,80,80,80],"card_choices":[{"not_picked":["Clash","Rampage"],"picked":"Pommel Strike","floor":1},{"not_picked":["Iron Wave","Twin Strike"],"picked":"Shrug It Off","floor":3},{"not_picked":["Wild Strike","Dual Wield"],"picked":"Flex","floor":7},{"not_picked":["Clash","Pommel Strike","True Grit"],"picked":"SKIP","floor":10},{"not_picked":["Wild Strike","Havoc"],"picked":"Cleave","floor":11},{"not_picked":["Exhume","Sword Boomerang"],"picked":"Burning Pact","floor":12},{"not_picked":["Clothesline","Pommel Strike"],"picked":"Body Slam","floor":14}],"player_experience":313905,"relics_obtained":[{"floor":7,"key":"Lantern"},{"floor":9,"key":"The Courier"}],"event_choices":[{"cards_removed":["Strike_R"],"damage_healed":0,"gold_gain":0,"player_choice":"Card Removal","damage_taken":0,"max_hp_gain":0,"max_hp_loss":0,"event_name":"The Cleric","floor":2,"gold_loss":50},{"damage_healed":0,"gold_gain":0,"player_choice":"Success","damage_taken":3,"relics_obtained":["Nunchaku"],"max_hp_gain":0,"max_hp_loss":0,"event_name":"Scrap Ooze","floor":4,"gold_loss":0},{"cards_removed":["Defend_R"],"damage_healed":0,"gold_gain":0,"player_choice":"Card Removal","damage_taken":7,"max_hp_gain":0,"max_hp_loss":0,"event_name":"Golden Wing","floor":8,"gold_loss":0}],"is_beta":false,"boss_relics":[],"items_purged_floors":[5],"is_endless":false,"potions_floor_spawned":[7,10,12],"killed_by":"The Guardian","ascension_level":11}}