{"host":"bwbfdoghql0wyr8b","time":1613486291,"event":{"mods":["Act Like it!","BaseMod","Friendly Minions","Gensokyo","GifTheSpireLib","KinomotoSakuraMod(木之本樱)","Marisa（F雨　魔理沙）","Minty Spire (QoL Compilation)","Remilia（蕾米莉亚）","StSLib","The Servant 0.9.4"],"gold_per_floor":[109,109,34,53,14,14,34,34,61,61,86,102,121,94,94,196,196,209,224,42,59,75,75,85,102,102,102,115,115,135,161,161,264,264,284,284,333,349,366,366,384,384,409,409,429,429,439,439,439,439],"floor_reached":51,"language":"ZHS","playtime":3712,"items_purged":["Strike_MRS","Strike_MRS"],"score":810,"play_id":"3a41eac1-0a05-49e6-a1ff-2f292a1bab22","local_time":"20210216223811","is_ascension_mode":true,"campfire_choices":[{"data":"MasterSpark","floor":6.0,"key":"SMITH"},{"data":"FairyDestructionRay","floor":8.0,"key":"SMITH"},{"data":"FinalSpark","floor":15.0,"key":"SMITH"},{"data":"ManaRampage","floor":23.0,"key":"SMITH"},{"data":"Blind","floor":29.0,"key":"SMITH"},{"data":"OortCloud","floor":32.0,"key":"SMITH"},{"data":"OortCloud","floor":40.0,"key":"SMITH"},{"data":"1","floor":44.0,"key":"LIFT"},{"data":"2","floor":46,"key":"LIFT"},{"data":"3","floor":49,"key":"LIFT"}],"circlet_count":0,"master_deck":["Strike_MRS","Strike_MRS","Defend_MRS","Defend_MRS","Defend_MRS","Defend_MRS","MasterSpark+1","UpSweep","OortCloud+1","FairyDestructionRay+1","FinalSpark+1","AsteroidBelt","ManaRampage+1","OortCloud+1","Blind+1","SporeBomb+1","Parasite","Parasite"],"relics":["MiniHakkero","Art of War","CultistMask","Ancient Tea Set","ExperimentalFamiliar","Matryoshka","Incense Burner","Busted Crown","Girya","Smiling Mask","ShroomBag"],"acts_visited":["Exordium","TheCity","TheBeyond"],"potions_floor_usage":[50,50,50],"damage_taken":[{"damage":2.0,"enemies":"Jaw Worm","floor":1.0,"turns":3.0},{"damage":1.0,"enemies":"Cultist","floor":4.0,"turns":3.0},{"damage":2.0,"enemies":"Small Slimes","floor":7.0,"turns":3.0},{"damage":16.0,"enemies":"Lagavulin","floor":11.0,"turns":5.0},{"damage":3.0,"enemies":"Red Slaver","floor":12.0,"turns":4.0},{"damage":0.0,"enemies":"Large Slime","floor":13.0,"turns":3.0},{"damage":8.0,"enemies":"The Guardian","floor":16.0,"turns":10.0},{"damage":0.0,"enemies":"Chosen","floor":18.0,"turns":3.0},{"damage":0.0,"enemies":"Spheric Guardian","floor":19.0,"turns":3.0},{"damage":7.0,"enemies":"Shelled Parasite and Fungi","floor":21.0,"turns":4.0},{"damage":0.0,"enemies":"Snecko","floor":22.0,"turns":2.0},{"damage":0.0,"enemies":"Cultist and Chosen","floor":24.0,"turns":2.0},{"damage":7.0,"enemies":"Chosen and Byrds","floor":25.0,"turns":4.0},{"damage":0.0,"enemies":"3 Cultists","floor":28.0,"turns":2.0},{"damage":0.0,"enemies":"Snake Plant","floor":30.0,"turns":1.0},{"damage":23.0,"enemies":"Slavers","floor":31.0,"turns":2.0},{"damage":4.0,"enemies":"Automaton","floor":33.0,"turns":10.0},{"damage":0.0,"enemies":"3 Darklings","floor":35.0,"turns":1.0},{"damage":14.0,"enemies":"2 Orb Walkers","floor":37.0,"turns":5.0},{"damage":0.0,"enemies":"Orb Walker","floor":38.0,"turns":3.0},{"damage":0.0,"enemies":"Spire Growth","floor":39.0,"turns":6.0},{"damage":23.0,"enemies":"Sphere and 2 Shapes","floor":41.0,"turns":4.0},{"damage":0,"enemies":"Writhing Mass","floor":45,"turns":5},{"damage":0,"enemies":"Spire Growth","floor":47,"turns":4},{"damage":31,"enemies":"Donu and Deca","floor":50,"turns":7}],"seed_played":"8867917532217133728","potions_obtained":[{"floor":4.0,"key":"Weak Potion"},{"floor":7.0,"key":"SkillPotion"},{"floor":12.0,"key":"Weak Potion"},{"floor":13.0,"key":"FearPotion"},{"floor":16.0,"key":"Fruit Juice"},{"floor":21.0,"key":"SteroidPotion"},{"floor":28.0,"key":"DuplicationPotion"},{"floor":33.0,"key":"BottledSpark"},{"floor":39.0,"key":"DuplicationPotion"},{"floor":45,"key":"Swift Potion"},{"floor":47,"key":"SpeedPotion"}],"is_trial":false,"path_per_floor":["M","?","$","M","$","R","M","R","T","?","E","M","M","$","R","B",null,"M","M","$","M","M","R","M","M","T","?","M","R","M","E","R","B",null,"M","?","?","M","M","R","M","?","T","R","M","R","M","?","R","B",null],"character_chosen":"MARISA","items_purchased":["OortCloud","AsteroidBelt","Blind"],"campfire_rested":0,"item_purchase_floors":[5,14,20],"current_hp_per_floor":[73,73,73,72,72,72,70,70,70,70,54,51,51,51,51,43,72,72,77,77,70,70,70,70,63,63,63,63,63,63,40,40,36,74,74,74,60,60,60,60,37,37,37,37,41,41,45,45,45,18],"gold":439,"neow_bonus":"TEN_PERCENT_HP_BONUS","is_daily":false,"chose_seed":false,"campfire_upgraded":7,"win_rate":0.0,"timestamp":1613486291,"path_taken":["M","?","?","M","$","R","?","R","T","?","E","M","M","?","R","BOSS","M","M","$","M","M","R","M","M","T","?","M","R","?","E","R","BOSS","M","?","?","M","M","R","M","?","T","R","M","R","M","?","R","BOSS"],"items_purchased_type":["Card","Card","Card"],"build_version":"2020-12-22","purchased_purges":2,"victory":true,"max_hp_per_floor":[82,82,82,82,82,82,82,82,82,82,82,82,82,82,82,82,82,82,87,87,87,87,87,87,87,87,87,87,87,87,87,87,87,87,87,87,87,87,87,87,87,83,83,83,83,83,83,83,83,83],"card_choices":[{"not_picked":["GravityBeat","AlicesGift","DarkSpark"],"picked":"SKIP","floor":1.0},{"not_picked":["DC","UnstableBomb","ChargeUpSpray"],"picked":"SKIP","floor":4.0},{"not_picked":["LuminesStrike","GrandCross"],"picked":"FairyDestructionRay","floor":7.0},{"not_picked":["Singularity","LuminesStrike","DarkSpark"],"picked":"SKIP","floor":11.0},{"not_picked":["LuminesStrike","DoubleSpark"],"picked":"FinalSpark","floor":12.0},{"not_picked":["GravityBeat","GalacticHalo","6A"],"picked":"SKIP","floor":13.0},{"not_picked":["TreasureHunter","SatelliteIllusion"],"picked":"ManaRampage","floor":16.0},{"not_picked":["GalacticHalo+1","RefractionSpark","AsteroidBelt"],"picked":"SKIP","floor":18.0},{"not_picked":["Acceleration+1","MeteoricShower"],"picked":"OortCloud","floor":19.0},{"not_picked":["PowerUp","ShootingEcho+1","LuminesStrike+1"],"picked":"SKIP","floor":21.0},{"not_picked":["MachineGunSpark","DeepEcoloBomb","ChargeUpSpray"],"picked":"SKIP","floor":22.0},{"not_picked":["GravityBeat","MysteriousBeam","BigCrunch"],"picked":"SKIP","floor":24.0},{"not_picked":["SuperPerseids+1","DarkMatter","DC+1"],"picked":"SKIP","floor":25.0},{"not_picked":["MilkyWay","StarlightTyphoon","UnstableBomb"],"picked":"SKIP","floor":28.0},{"not_picked":["Acceleration","IllusionStar","WitchOfGreed+1"],"picked":"SKIP","floor":30.0},{"not_picked":["MilkyWay","SporeBomb","DeepEcoloBomb"],"picked":"SKIP","floor":31.0},{"not_picked":["SprinkleStarSeal"],"picked":"SKIP","floor":35.0},{"not_picked":[],"picked":"AsteroidBelt+1","floor":37.0},{"not_picked":["UnstableBomb"],"picked":"SKIP","floor":38.0},{"not_picked":[],"picked":"SporeBomb+1","floor":39.0},{"not_picked":["AsteroidBelt+1"],"picked":"SKIP","floor":41.0},{"not_picked":["AsteroidBelt+1"],"picked":"SKIP","floor":45},{"not_picked":["AlicesGift"],"picked":"SKIP","floor":47}],"player_experience":493283,"relics_obtained":[{"floor":9.0,"key":"Art of War"},{"floor":11.0,"key":"Ancient Tea Set"},{"floor":26.0,"key":"Matryoshka"},{"floor":31.0,"key":"Incense Burner"},{"floor":37.0,"key":"Girya"},{"floor":43.0,"key":"Smiling Mask"},{"floor":43.0,"key":"ShroomBag"}],"event_choices":[{"damage_healed":0.0,"max_hp_gain":0.0,"max_hp_loss":0.0,"gold_gain":0.0,"event_name":"WeMeetAgain","player_choice":"Ignored","floor":2.0,"gold_loss":0.0,"damage_taken":0.0},{"damage_healed":0.0,"max_hp_gain":0.0,"max_hp_loss":0.0,"gold_gain":0.0,"event_name":"FaceTrader","player_choice":"Trade","floor":10.0,"gold_loss":0.0,"damage_taken":0.0,"relics_obtained":["CultistMask"]},{"damage_healed":0.0,"max_hp_gain":0.0,"max_hp_loss":0.0,"gold_gain":0.0,"event_name":"Duplicator","player_choice":"Ignored","floor":27.0,"gold_loss":0.0,"damage_taken":0.0},{"damage_healed":0.0,"max_hp_gain":0.0,"max_hp_loss":0.0,"gold_gain":0.0,"event_name":"Tomb of Lord Red Mask","player_choice":"Ignored","floor":36.0,"gold_loss":0.0,"damage_taken":0.0},{"damage_healed":0.0,"max_hp_gain":0.0,"max_hp_loss":0.0,"gold_gain":0.0,"event_name":"Mysterious Sphere","player_choice":"Fight","floor":37.0,"gold_loss":0.0,"damage_taken":0.0},{"damage_healed":0.0,"max_hp_gain":0.0,"max_hp_loss":4.0,"gold_gain":0.0,"event_name":"Winding Halls","player_choice":"Max HP","floor":42.0,"gold_loss":0.0,"damage_taken":0.0},{"cards_removed":["AsteroidBelt"],"damage_healed":0,"gold_gain":0,"player_choice":"Removed Skill","damage_taken":0,"max_hp_gain":0,"max_hp_loss":0,"event_name":"Falling","floor":48,"gold_loss":0}],"is_beta":false,"boss_relics":[{"not_picked":["Runic Dome","BewitchedHakkero"],"picked":"ExperimentalFamiliar"},{"not_picked":["SacredBark","Astrolabe"],"picked":"Busted Crown"}],"items_purged_floors":[3,20],"is_endless":false,"potions_floor_spawned":[4,7,12,13,16,21,28,30,33,39,45,47],"ascension_level":6}}