{"host":"txhhdwa0hqfs4jhb","time":1613511623,"event":{"mods":["BaseMod","Better Third Choice","Filter the Spire","Minty Spire (QoL Compilation)","Relic Filter Mod","Relic Stats","Reliquary","StSLib","Thieving Mod"],"gold_per_floor":[114,289,239,254,269,299,299],"floor_reached":6,"language":"ENG","playtime":181,"items_purged":[],"score":46,"play_id":"2eae2a59-4dd5-474c-a61f-0d3e8b94f154","local_time":"20210216214023","is_ascension_mode":false,"campfire_choices":[],"circlet_count":0,"master_deck":["Strike_P","Strike_P","Strike_P","Strike_P","Defend_P","Defend_P","Defend_P","Defend_P","Eruption","Vigilance","Weave","JustLucky","Tantrum","FlyingSleeves"],"relics":["PureWater","Girya"],"acts_visited":["Exordium"],"potions_floor_usage":[],"damage_taken":[{"damage":0,"enemies":"Small Slimes","floor":1,"turns":2},{"damage":0,"enemies":"Jaw Worm","floor":4,"turns":2},{"damage":0,"enemies":"2 Louse","floor":5,"turns":3},{"damage":52,"enemies":"Lagavulin","floor":6,"turns":4}],"seed_played":"-8763434915016155621","potions_obtained":[],"is_trial":false,"path_per_floor":["M","?","?","M","M","E"],"character_chosen":"WATCHER","items_purchased":[],"campfire_rested":0,"item_purchase_floors":[],"current_hp_per_floor":[72,72,72,72,72,20,20],"gold":299,"neow_bonus":"","is_daily":true,"chose_seed":false,"campfire_upgraded":0,"win_rate":0.0,"timestamp":1613511623,"path_taken":["M","?","?","M","M","E"],"items_purchased_type":[],"build_version":"2020-12-22","purchased_purges":0,"victory":false,"max_hp_per_floor":[72,72,72,72,72,72,72],"relic_stats":{"counters":[4,11],"obtain_stats":[{"Girya":6,"PureWater":0},{"Girya":4,"PureWater":0},{"Girya":11,"PureWater":0}]},"card_choices":[{"not_picked":["Prostrate","FollowUp"],"picked":"Weave","floor":1},{"not_picked":["Perseverance","Halt"],"picked":"JustLucky","floor":4},{"not_picked":["SashWhip","Worship"],"picked":"Tantrum","floor":5},{"not_picked":["Evaluate","Crescendo"],"picked":"FlyingSleeves","floor":6}],"player_experience":319952,"relics_obtained":[{"floor":6,"key":"Girya"}],"event_choices":[{"damage_healed":0,"gold_gain":175,"player_choice":"AGREE","damage_taken":114,"max_hp_gain":0,"max_hp_loss":0,"event_name":"betterThird:BetterSerpent","floor":2,"gold_loss":0},{"cards_removed":["Doubt"],"damage_healed":0,"gold_gain":0,"player_choice":"Card Removal","damage_taken":0,"max_hp_gain":0,"max_hp_loss":0,"event_name":"The Cleric","floor":3,"gold_loss":50}],"is_beta":false,"boss_relics":[],"items_purged_floors":[],"is_endless":false,"potions_floor_spawned":[],"killed_by":"Lagavulin","ascension_level":0}}