{"host":"rm0ctv8qd8mnbkg1","time":1613483352,"event":{"mods":["Act Like it!","BaseMod","Beaked The Cultist","BetterRewards","Colored Map","DNKmod","Dark Map","Defuse TimeMaze Blight","Downfall","Friendly Minions","Gensokyo","Hallownest","Hubris","Marisa????????","Minty Spire (QoL Compilation)","MostiFishMod","Permanent Neow","Rare Cards Sparkle","Relic Sorter","Reliquary","Replay The Spire","Ruina","RumiaBox-????????","Shade Mod","Shapeshifter Mod","Shop Mod","Spicy Shops","Spire Arcade","StSLib","The Construct","The Dragonkin","The Servant 0.9.4","TheVacant","Wandering Minibosses","??????REMEMod"],"gold_per_floor":[10015,10029,10029,10103,10103,10130,10130],"floor_reached":6,"language":"ENG","playtime":90,"items_purged":[],"score":119,"play_id":"34305bf3-6db4-4e17-acfd-52103ff4a014","local_time":"20210216134912","is_ascension_mode":false,"campfire_choices":[],"circlet_count":0,"master_deck":["StSShapeShifter:ShapeShifter_Strike","StSShapeShifter:ShapeShifter_Strike","StSShapeShifter:ShapeShifter_Strike","StSShapeShifter:ShapeShifter_Strike","StSShapeShifter:ShapeShifter_Strike","StSShapeShifter:ShapeShifter_Defend","StSShapeShifter:ShapeShifter_Defend","StSShapeShifter:ShapeShifter_Defend","StSShapeShifter:ShapeShifter_Defend","StSShapeShifter:ShapeShifter_Defend","StSShapeShifter:Tortoise_Form","StSShapeShifter:Lynx_Form","REME_WheelOfFate","StSShapeShifter:PoisonIvy","StSShapeShifter:Roar","Pain"],"relics":["StSShapeShifter:AnimalHeart","StSShapeShifter:TheShapeShiftersMagnolia","REME_ComplimentaryCards","DaveBox","GuanYuAspect","NeowsBlessing","StSShapeShifter:WristwrapsOfDiscovery","PrismaticShard","Replay:Mystery Machine"],"acts_visited":["Exordium"],"potions_floor_usage":[],"damage_taken":[{"damage":0,"enemies":"Cultist","floor":1,"turns":1},{"damage":0,"enemies":"2 Louse","floor":2,"turns":1},{"damage":0,"enemies":"3 Sentries","floor":6,"turns":1}],"seed_played":"1961698459767263036","potions_obtained":[{"floor":1,"key":"DistilledChaos"}],"is_trial":false,"path_per_floor":["M","M","?","T","?","E"],"character_chosen":"SHAPESHIFTER","items_purchased":[],"campfire_rested":0,"item_purchase_floors":[],"current_hp_per_floor":[500,500,500,500,500,500,500],"gold":10130,"neow_bonus":"THREE_ENEMY_KILL","is_daily":false,"chose_seed":false,"campfire_upgraded":0,"win_rate":0.0,"timestamp":1613483352,"path_taken":["M","?","?","?","?","E"],"items_purchased_type":[],"build_version":"2020-12-22","purchased_purges":0,"victory":false,"max_hp_per_floor":[500,500,500,500,500,500,500],"card_choices":[{"not_picked":["StSShapeShifter:MagicMushrooms","StSShapeShifter:FesteringBite"],"picked":"StSShapeShifter:PoisonIvy","floor":1},{"not_picked":["StSShapeShifter:LeapingSlash","StSShapeShifter:ShiftingStrike"],"picked":"StSShapeShifter:Roar","floor":2}],"player_experience":363887,"relics_obtained":[{"floor":4,"key":"StSShapeShifter:WristwrapsOfDiscovery"},{"floor":6,"key":"Replay:Mystery Machine"}],"event_choices":[{"damage_healed":0,"gold_gain":0,"player_choice":"Ignored","damage_taken":0,"max_hp_gain":0,"max_hp_loss":0,"event_name":"Shining Light","floor":3,"gold_loss":0}],"is_beta":false,"boss_relics":[],"items_purged_floors":[],"is_endless":false,"potions_floor_spawned":[1,6],"killed_by":"3 Sentries","ascension_level":0}}