{"host":"irc1izoeqqttpzsx","time":1613440984,"event":{"mods":["2.2 Compatiblity","Aspiration","BaseMod","Better Note","BetterRewards","Colored Map","Colored Powertips","Conspire","DeckTracker","GifTheSpireLib","Highlight Path","Hubris","Infinite Spire","Mad Scientist","Mimic Mod","Minty Spire (QoL Compilation)","Quick Restart","Rare Cards Sparkle","Relic Sorter","Replay The Spire","Shop Mod","Spikes Relics","StSLib","SuperFastMode","The Servant 0.9.4","Trackpad","Uncapped","Weighted Paths"],"gold_per_floor":[2114,2133,2133,1447,1463,1463,1483,1513,1538,1538,883,883,139,155,155,250,1250,1264,666,683,663,679,704,704,739,775,775,785,785,785,800,800,901,901,920,920,70,120,120,150,150,178,178,198,209,9,22,39,39,39,39,39,39,72,72],"floor_reached":56,"language":"ENG","playtime":3141,"items_purged":["CommonCold","Strike_S","Strike_S","Defend_S","Rearm","Strike_S"],"score":1680,"play_id":"3defb37c-a860-4dee-8a95-12d28c6f9440","local_time":"20210215210304","is_ascension_mode":true,"campfire_choices":[{"data":"DancingSilver","floor":6,"key":"SMITH"},{"data":"SilverBlades","floor":12,"key":"SMITH"},{"data":"TimeWarp","floor":15,"key":"SMITH"},{"data":"SurpressingFire","floor":24,"key":"SMITH"},{"data":"DualDimension","floor":30,"key":"SMITH"},{"data":"Collapse","floor":32,"key":"SMITH"},{"floor":41,"key":"RECALL"},{"data":"Duplication","floor":49,"key":"SMITH"},{"data":"Orbit","floor":52,"key":"SMITH"}],"circlet_count":0,"master_deck":["Strike_S","Defend_S","Defend_S","KidneyShot","Exchange","ShatteredReality","DancingSilver+1","InstantArmor","TimeWarp+1","Contraction","SilverBlades+1","SoulSculpture+1","SoulSculpture","FloweringNight+1","Collapse+1","Orbit+1","SurpressingFire+1","Potential+1","Alleviate+1","DualDimension+1","Collapse+1","Duplication+1","Potential","Replace+1","Replace+1","Potential","SilverBlades"],"relics":["Uniform","hubris:DeckOfHolding","infinitespire:Satchel","Ring of Peace","hubris:EmptyBottle","MerchantsRug","Replay:Bottled Flurry","Bag of Preparation","Potion Belt","FaceOfCleric","infinitespire:WardingShard","FossilizedHelix","BargainBundle","ZombieTooth","Runic Pyramid","Guide Book","RollingBoulder","Mummified Hand","Chameleon Ring","Shovel","Coffee Dripper","Replay:Bottled Eggs","Sling","Mirror","hubris:MedicalManual","Omamori","aspiration:Lifesprig"],"acts_visited":["Exordium","TheCity","TheBeyond","TheEnding"],"potions_floor_usage":[8,8,16,16,16,20,25,33,33,44,44,44,50,54,54,54,54,54,55,55,55],"damage_taken":[{"damage":6,"enemies":"Jaw Worm","floor":1,"turns":4},{"damage":3,"enemies":"Small Slimes","floor":2,"turns":5},{"damage":0,"enemies":"infinitespire:Voidling","floor":5,"turns":4},{"damage":0,"enemies":"Exordium Wildlife","floor":7,"turns":6},{"damage":17,"enemies":"Gremlin Nob","floor":8,"turns":6},{"damage":9,"enemies":"conspire:2 RoseBushes","floor":14,"turns":5},{"damage":0,"enemies":"Slime Boss","floor":16,"turns":10},{"damage":5,"enemies":"conspire:FuzzyDice","floor":18,"turns":6},{"damage":0,"enemies":"Spheric Guardian","floor":20,"turns":3},{"damage":0,"enemies":"Shelled Parasite and Fungi","floor":22,"turns":4},{"damage":3,"enemies":"Slavers","floor":23,"turns":5},{"damage":0,"enemies":"conspire:SneckoGhost","floor":25,"turns":4},{"damage":0,"enemies":"Centurion and Healer","floor":26,"turns":5},{"damage":0,"enemies":"Centurion and Healer","floor":28,"turns":5},{"damage":0,"enemies":"conspire:HollyBat","floor":31,"turns":5},{"damage":0,"enemies":"Automaton","floor":33,"turns":5},{"damage":0,"enemies":"Orb Walker","floor":35,"turns":3},{"damage":0,"enemies":"Mind Bloom Boss Battle","floor":38,"turns":5},{"damage":0,"enemies":"R_Hoarder","floor":40,"turns":4},{"damage":0,"enemies":"Nemesis","floor":42,"turns":5},{"damage":0,"enemies":"3 Darklings","floor":44,"turns":3},{"damage":0,"enemies":"Maw","floor":45,"turns":5},{"damage":0,"enemies":"Transient","floor":47,"turns":5},{"damage":0,"enemies":"3 Darklings","floor":48,"turns":4},{"damage":0,"enemies":"Time Eater","floor":50,"turns":6},{"damage":41,"enemies":"Shield and Spear","floor":54,"turns":6},{"damage":0,"enemies":"The Heart","floor":55,"turns":6}],"seed_played":"5105301701577933010","potions_obtained":[{"floor":1,"key":"Venom Potion"},{"floor":16,"key":"BlessingOfTheForge"},{"floor":20,"key":"Strength Potion"},{"floor":28,"key":"AttackPotion"},{"floor":33,"key":"FearPotion"},{"floor":42,"key":"Energy Potion"},{"floor":47,"key":"Block Potion"},{"floor":48,"key":"infinitespire:BlackPotion"}],"is_trial":false,"path_per_floor":["M","M","?","$","M","R","M","E","T","?","$","R","$","M","R","B",null,"M","$","M","?","M","E","R","E","MIM","?","M","?","R","M","R","B",null,"M","?","$","?","$","E","R","E","T","M","M","$","M","M","R","B",null,"R","$","E","B",null],"character_chosen":"THE_SERVANT","items_purchased":["hubris:EmptyBottle","Adrenaline Potion","MerchantsRug","TimeWarp","Replay:Bottled Flurry","infinitespire:WardingShard","SilverBlades","SoulSculpture","LiquidMemories","PowerPotion","FossilizedHelix","BargainBundle","ZombieTooth","SmokeBomb","DistilledChaos","Guide Book","Orbit","SurpressingFire","RollingBoulder","Replace","Replay:Bottled Eggs","Sling","Mirror"],"campfire_rested":0,"item_purchase_floors":[4,4,4,4,4,11,11,11,11,11,13,13,13,13,13,19,19,19,19,37,37,37,37],"current_hp_per_floor":[59,56,56,56,63,63,63,46,46,46,46,46,46,38,38,39,67,63,63,64,64,65,63,63,64,65,65,66,66,66,67,67,68,76,77,77,77,78,78,79,79,80,80,81,82,82,83,84,84,85,85,85,85,45,46],"gold":72,"neow_bonus":"THREE_CARDS","is_daily":false,"chose_seed":false,"campfire_upgraded":8,"win_rate":0.0,"timestamp":1613440984,"path_taken":["M","M","?","$","M","R","M","E","T","?","$","R","$","M","R","BOSS","M","$","?","?","M","E","R","E","MIM","?","?","?","R","M","R","BOSS","M","?","$","?","?","E","R","E","T","M","M","$","?","M","R","BOSS","R","$","E","BOSS"],"items_purchased_type":["Relic","Potion","Relic","Card","Relic","Relic","Card","Card","Potion","Potion","Relic","Relic","Relic","Potion","Potion","Relic","Card","Card","Relic","Card","Relic","Relic","Relic"],"build_version":"2020-12-22","purchased_purges":6,"victory":true,"max_hp_per_floor":[65,65,65,65,65,65,65,65,65,65,65,65,65,66,66,67,67,68,68,69,69,70,71,71,72,73,73,74,74,74,75,75,76,76,77,77,77,78,78,79,79,80,80,81,82,82,83,84,84,85,85,85,85,86,87],"card_choices":[{"not_picked":["Potential","DoubleEdge"],"picked":"ShatteredReality","floor":0},{"not_picked":["FanOfKnives","Ricochet"],"picked":"DancingSilver","floor":1},{"not_picked":["StarChef","BottledTime"],"picked":"InstantArmor","floor":2},{"not_picked":["Alleviate","FanOfKnives"],"picked":"Contraction","floor":5},{"not_picked":["Defy","FastForward","Rewind"],"picked":"SKIP","floor":7},{"not_picked":["Contraction","Ricochet"],"picked":"Rearm","floor":8},{"not_picked":["Ricochet","Defy","MoonPhase"],"picked":"SKIP","floor":14},{"not_picked":["Initiator","SilverMatrix"],"picked":"FloweringNight","floor":16},{"not_picked":["Rewind","Spin+1"],"picked":"Collapse","floor":18},{"not_picked":["Snipe","Revamp","Read"],"picked":"SKIP","floor":20},{"not_picked":["ShatteredReality","Moondial+1"],"picked":"Potential+1","floor":22},{"not_picked":["Desolation","Reset","BottledTime"],"picked":"SKIP","floor":23},{"not_picked":["RealityMarble","MoonPhase"],"picked":"Alleviate+1","floor":25},{"not_picked":["ShatteredReality","Spin"],"picked":"DualDimension","floor":26},{"not_picked":["Starlight","Desolation","Reset"],"picked":"SKIP","floor":28},{"not_picked":["ReturningBlade","Spin"],"picked":"Collapse+1","floor":31},{"not_picked":["KillingDoll","Initiator"],"picked":"Duplication","floor":33},{"not_picked":["Desolation","Hightail"],"picked":"Potential","floor":35},{"not_picked":["Starlight+1","Misdirection"],"picked":"Potential","floor":40},{"not_picked":["FlawlessForm","Ricochet","FastForward+1"],"picked":"SKIP","floor":42},{"not_picked":["Spin+1","Defy+1","Alleviate"],"picked":"SKIP","floor":44},{"not_picked":["Alleviate","DancingSilver+1","Moonlight+1"],"picked":"SKIP","floor":45},{"not_picked":["BottledTime+1","FanOfKnives+1","Alleviate"],"picked":"SKIP","floor":47},{"not_picked":["Collapse","Replace+1","StarChef+1"],"picked":"SKIP","floor":48},{"not_picked":["Revamp+1","Alleviate+1"],"picked":"SilverBlades","floor":54}],"player_experience":503177,"relics_obtained":[{"floor":3,"key":"Ring of Peace"},{"floor":8,"key":"Bag of Preparation"},{"floor":9,"key":"Potion Belt"},{"floor":23,"key":"Mummified Hand"},{"floor":25,"key":"hubris:DeckOfHolding"},{"floor":26,"key":"Chameleon Ring"},{"floor":38,"key":"hubris:MedicalManual"},{"floor":40,"key":"infinitespire:Satchel"},{"floor":42,"key":"Omamori"},{"floor":54,"key":"aspiration:Lifesprig"}],"event_choices":[{"damage_healed":0,"gold_gain":0,"player_choice":"Trade","damage_taken":0,"relics_obtained":["FaceOfCleric"],"max_hp_gain":0,"max_hp_loss":0,"event_name":"FaceTrader","floor":10,"gold_loss":0},{"damage_healed":0,"gold_gain":0,"player_choice":"Bought 1 Potion","damage_taken":0,"max_hp_gain":0,"max_hp_loss":0,"event_name":"The Woman in Blue","floor":21,"gold_loss":0},{"damage_healed":0,"gold_gain":0,"player_choice":"Gave Potion","damage_taken":0,"relics_obtained":["Shovel"],"max_hp_gain":0,"max_hp_loss":0,"event_name":"WeMeetAgain","floor":27,"gold_loss":0},{"cards_removed":["Defend_S"],"damage_healed":0,"gold_gain":0,"player_choice":"Card Removal","damage_taken":0,"max_hp_gain":0,"max_hp_loss":0,"event_name":"Wheel of Change","floor":29,"gold_loss":0},{"damage_healed":0,"gold_gain":0,"player_choice":"Ignored","damage_taken":0,"max_hp_gain":0,"max_hp_loss":0,"event_name":"Tomb of Lord Red Mask","floor":36,"gold_loss":0},{"damage_healed":0,"gold_gain":0,"player_choice":"Fight","damage_taken":0,"max_hp_gain":0,"max_hp_loss":0,"event_name":"MindBloom","floor":38,"gold_loss":0}],"is_beta":false,"boss_relics":[{"not_picked":["Painkiller Herb","Sozu"],"picked":"Runic Pyramid"},{"not_picked":["hubris:CrackedHourglass","SlaversCollar"],"picked":"Coffee Dripper"}],"items_purged_floors":[4,11,13,19,37,46],"is_endless":false,"potions_floor_spawned":[1,16,20,23,28,33,35,42,47,48],"ascension_level":1}}