{"host":"956g3854xvs16zht","time":1613507580,"event":{"mods":["AlwaysNeverKeys","Ascension Reborn","Aspiration","BaseMod","BetterRewards","Colored Map","Colored Powertips","DeckTracker","Displayed Cursed Tome","Energized Spire","Evolution","Friendly Minions","Infinite Spire","Minty Spire (QoL Compilation)","Permanent Neow","Relic Filter","Relic Sorter","Shop Mod","Spicy Shops","StSLib","The Death Knight"],"gold_per_floor":[110,110,110,110,110,146,146,146,146],"floor_reached":8,"language":"ENG","playtime":451,"items_purged":[],"score":52,"play_id":"4708eb21-20a7-47c7-a1f9-428c5323b731","local_time":"20210216153300","is_ascension_mode":true,"campfire_choices":[{"data":"DeathKnight:RuneTap","floor":7,"key":"SMITH"}],"circlet_count":0,"master_deck":["DeathKnight:Strike_DeathKnight","DeathKnight:Strike_DeathKnight","DeathKnight:Strike_DeathKnight","DeathKnight:Strike_DeathKnight","DeathKnight:Strike_DeathKnight","DeathKnight:Defend_DeathKnight","DeathKnight:Defend_DeathKnight","DeathKnight:Defend_DeathKnight","DeathKnight:Defend_DeathKnight","DeathKnight:Defend_DeathKnight","DeathKnight:RuneTap+1","DeathKnight:RuneStrike","DeathKnight:FrosPresence","Injury","DeathKnight:MindFreeze+1"],"relics":["DeathKnight:BrokenRuneblade","EVO:Axolotl","Golden Idol","Toxic Egg 2","DeathKnight:HelmOfDomination"],"acts_visited":["Exordium"],"potions_floor_usage":[],"damage_taken":[{"damage":10,"enemies":"Small Slimes","floor":1,"turns":4},{"damage":37,"enemies":"Gremlin Nob","floor":6,"turns":6},{"damage":47,"enemies":"3 Sentries","floor":8,"turns":6}],"seed_played":"-4886353558148103377","potions_obtained":[{"floor":1,"key":"SpeedPotion"}],"is_trial":false,"path_per_floor":["M","?","?","?","$","E","R","E"],"character_chosen":"DEATH_KNIGHT","items_purchased":[],"campfire_rested":0,"item_purchase_floors":[],"current_hp_per_floor":[72,72,72,76,76,39,39,0,0],"gold":146,"neow_bonus":"TEN_PERCENT_HP_BONUS","is_daily":false,"chose_seed":false,"campfire_upgraded":1,"win_rate":0.0,"timestamp":1613507580,"path_taken":["M","?","?","?","$","E","R","E"],"items_purchased_type":[],"build_version":"2020-12-22","purchased_purges":0,"victory":false,"max_hp_per_floor":[82,76,76,76,76,76,76,76,76],"card_choices":[{"not_picked":["DeathKnight:BloodEchoes","DeathKnight:UnholyPresence"],"picked":"DeathKnight:FrosPresence","floor":1},{"not_picked":["DeathKnight:Hemostasis+1","DeathKnight:Ossuary+1"],"picked":"DeathKnight:MindFreeze+1","floor":6}],"player_experience":20541,"relics_obtained":[{"floor":6,"key":"DeathKnight:HelmOfDomination"}],"event_choices":[{"damage_healed":0,"gold_gain":0,"player_choice":"Lose Max HP","damage_taken":0,"relics_obtained":["Golden Idol"],"max_hp_gain":0,"max_hp_loss":6,"event_name":"Golden Idol","floor":2,"gold_loss":0}],"is_beta":false,"boss_relics":[],"items_purged_floors":[],"is_endless":false,"potions_floor_spawned":[1],"killed_by":"3 Sentries","ascension_level":0}}