{"host":"n5x0e04y88v3omrc","time":1613477567,"event":{"mods":["Aspiration","BaseMod","Colored Powertips","Downfall","Minty Spire (QoL Compilation)","Reimu£®≤©¿ˆ¡È√Œ£©","Remilia£®¿Ÿ√◊¿Ú—«£©","Replay The Spire","Shop Mod","StSLib","The Animator"],"gold_per_floor":[110,110,130,41,76,76,87,87,87,110,110,120,151,167,167,262,262,281,57,72,90,15,15,50,50,76,76,76,94,109,126,126,227,277,293,193,212,48,48,48,66,66,79,79,130,130,130],"floor_reached":46,"language":"ZHS","playtime":4952,"items_purged":["Strike_B","Defend_B","Strike_B"],"score":440,"play_id":"30649f6a-0884-44ac-893a-3194bc326d8d","local_time":"20210216201247","is_ascension_mode":false,"campfire_choices":[{"floor":6.0,"key":"REST"},{"floor":11.0,"key":"REST"},{"floor":15.0,"key":"REST"},{"floor":23.0,"key":"REST"},{"floor":27.0,"key":"REST"},{"floor":32.0,"key":"REST"},{"floor":42,"key":"REST"}],"circlet_count":0,"master_deck":["Strike_B","Strike_B","Defend_B+1","Defend_B","Zap","Dualcast+1","Doom and Gloom","Redo","ReplayTheSpireMod:Private Reserves","Pot Of Greed","Pot Of Greed+1","Cold Snap","Time Bomb","Loop","Amplify","BasicCrystalCard","Reboot","Storm","Storm","Steam+1","Thunder Strike","downfall:Bewildered","Double Energy","Pot Of Greed","ReplayRNGCard","Compile Driver+1","Panic Button+1","BasicCrystalCard+1","Ball Lightning+1","BasicCrystalCard+1","Stack"],"relics":["Cracked Core","Geode","Grinning Jar","Carrot","aspiration:Lifesprig","SlaversCollar","MerchantsRug","hexamod:BolsterEngine","sneckomod:BabySnecko","ReplayFunnel","Tiny House","Bronze Scales"],"acts_visited":["Exordium","TheCity","TheBeyond"],"potions_floor_usage":[],"damage_taken":[{"damage":10.0,"enemies":"Small Slimes","floor":1.0,"turns":4.0},{"damage":1.0,"enemies":"Cultist","floor":3.0,"turns":3.0},{"damage":11.0,"enemies":"Jaw Worm","floor":7.0,"turns":2.0},{"damage":6.0,"enemies":"Exordium Wildlife","floor":12.0,"turns":2.0},{"damage":14.0,"enemies":"Lagavulin","floor":13.0,"turns":4.0},{"damage":1.0,"enemies":"Large Slime","floor":14.0,"turns":3.0},{"damage":16.0,"enemies":"Fading Forest","floor":16.0,"turns":11.0},{"damage":37.0,"enemies":"Shell Parasite","floor":18.0,"turns":6.0},{"damage":5.0,"enemies":"Spheric Guardian","floor":20.0,"turns":3.0},{"damage":6.0,"enemies":"Cultist and Chosen","floor":21.0,"turns":5.0},{"damage":31.0,"enemies":"Book of Stabbing","floor":24.0,"turns":5.0},{"damage":5.0,"enemies":"Snake Plant","floor":29.0,"turns":3.0},{"damage":6.0,"enemies":"Snecko","floor":30.0,"turns":4.0},{"damage":0.0,"enemies":"Centurion and Healer","floor":31.0,"turns":6.0},{"damage":42.0,"enemies":"Automaton","floor":33.0,"turns":9.0},{"damage":11.0,"enemies":"3 Darklings","floor":35.0,"turns":5.0},{"damage":5.0,"enemies":"Orb Walker","floor":37.0,"turns":3.0},{"damage":36.0,"enemies":"Sphere and 2 Shapes","floor":41.0,"turns":4.0},{"damage":49,"enemies":"Maw","floor":43,"turns":7},{"damage":24,"enemies":"Jaw Worm Horde","floor":46,"turns":1}],"seed_played":"-1330542619718682947","potions_obtained":[{"floor":1.0,"key":"Fire Potion"},{"floor":5.0,"key":"Fire Potion"},{"floor":12.0,"key":"Ancient Potion"},{"floor":16.0,"key":"Energy Potion"},{"floor":20.0,"key":"Energy Potion"},{"floor":29.0,"key":"FocusPotion"},{"floor":30.0,"key":"ColorlessPotion"},{"floor":34.0,"key":"LiquidMemories"},{"floor":37.0,"key":"Elixir"},{"floor":43,"key":"Elixir"}],"is_trial":false,"path_per_floor":["M","?","M","$","?","R","M","?","T","T","R","M","E","M","R","B",null,"M","$","M","M","$","R","E","?","T","R","?","M","M","M","R","B",null,"M","$","M","$","PTL","PTL","M","R","M","?","T","M"],"character_chosen":"DEFECT","items_purchased":["ReplayTheSpireMod:Private Reserves","Storm","MerchantsRug","Ball Lightning+1"],"campfire_rested":7,"item_purchase_floors":[4,19,19,38],"current_hp_per_floor":[65,65,64,64,34,56,45,30,30,30,52,46,32,31,53,47,75,38,38,33,27,27,49,18,18,18,40,40,35,29,29,51,9,80,69,69,64,64,64,64,28,52,3,11,11,0,0],"gold":130,"neow_bonus":"RANDOM_COMMON_RELIC","is_daily":false,"chose_seed":false,"campfire_upgraded":0,"win_rate":0.0,"timestamp":1613477567,"path_taken":["M","?","?","$","?","R","M","?","T","?","R","M","E","?","R","BOSS","M","$","?","?","$","R","E","?","T","R","?","M","M","M","R","BOSS","M","$","M","$","PTL","PTL","?","R","M","?","T","?"],"items_purchased_type":["Card","Card","Relic","Card"],"build_version":"2020-12-22","purchased_purges":3,"victory":false,"max_hp_per_floor":[75,75,75,75,75,75,75,75,75,75,75,75,75,75,75,75,75,75,75,75,75,75,75,75,75,75,75,75,75,75,75,75,75,80,80,80,80,80,80,80,80,80,80,80,80,80,80],"card_choices":[{"not_picked":["Defragment","Redo"],"picked":"Doom and Gloom","floor":1.0},{"not_picked":["Ball Lightning","Stack"],"picked":"Redo","floor":3.0},{"not_picked":["BasicCrystalCard","Beam Cell"],"picked":"Cold Snap","floor":5.0},{"not_picked":["Conserve Battery","Streamline"],"picked":"Time Bomb","floor":5.0},{"not_picked":["ReplayGash","Beam Cell"],"picked":"Loop","floor":7.0},{"not_picked":["Stack","Melter"],"picked":"Amplify","floor":12.0},{"not_picked":["Gash","Streamline"],"picked":"BasicCrystalCard","floor":13.0},{"not_picked":["Steam Power","Scrape","Beam Cell"],"picked":"SKIP","floor":14.0},{"not_picked":["Thunder Strike","Multi-Cast"],"picked":"Reboot","floor":16.0},{"not_picked":["Panic Button","Hello World"],"picked":"Storm","floor":18.0},{"not_picked":["Leap","ReplayTheSpireMod:Calculation Training"],"picked":"Steam+1","floor":20.0},{"not_picked":["Compile Driver","Go for the Eyes+1","BasicCrystalCard"],"picked":"SKIP","floor":21.0},{"not_picked":["Coolheaded","Streamline"],"picked":"Thunder Strike","floor":24.0},{"not_picked":["Gash+1","ReplaySort","Steam"],"picked":"SKIP","floor":29.0},{"not_picked":["Leap","Cold Snap"],"picked":"Double Energy","floor":30.0},{"not_picked":["Fusion","Beam Cell","Leap"],"picked":"SKIP","floor":31.0},{"not_picked":["All For One","Rainbow"],"picked":"ReplayRNGCard","floor":33.0},{"not_picked":["Hologram","FTL"],"picked":"Compile Driver+1","floor":34.0},{"not_picked":["Static Discharge","Genetic Algorithm+1"],"picked":"Panic Button+1","floor":35.0},{"not_picked":["Cold Snap+1","Beam Cell"],"picked":"BasicCrystalCard+1","floor":37.0},{"not_picked":["Leap+1","Ball Lightning"],"picked":"BasicCrystalCard+1","floor":41.0},{"not_picked":["Leap+1","Sweeping Beam"],"picked":"Stack","floor":43}],"player_experience":64073,"relics_obtained":[{"floor":5.0,"key":"Grinning Jar"},{"floor":9.0,"key":"Carrot"},{"floor":13.0,"key":"aspiration:Lifesprig"},{"floor":24.0,"key":"hexamod:BolsterEngine"},{"floor":26.0,"key":"ReplayFunnel"},{"floor":45,"key":"Bronze Scales"}],"event_choices":[{"cards_removed":["Defend_B"],"damage_healed":0.0,"max_hp_gain":0.0,"max_hp_loss":0.0,"gold_gain":0.0,"event_name":"Bonfire Elementals","player_choice":"Offered Basic","floor":2.0,"gold_loss":0.0,"damage_taken":0.0},{"damage_healed":0.0,"max_hp_gain":0.0,"max_hp_loss":0.0,"gold_gain":0.0,"event_name":"Shining Light","player_choice":"Entered Light","floor":8.0,"gold_loss":0.0,"damage_taken":15.0,"cards_upgraded":["Defend_B","Dualcast"]},{"damage_healed":0.0,"max_hp_gain":0.0,"max_hp_loss":0.0,"gold_gain":0.0,"event_name":"FaceTrader","player_choice":"Leave","floor":28.0,"gold_loss":0.0,"damage_taken":0.0}],"is_beta":false,"boss_relics":[{"not_picked":["Runic Dome","aspiration:RunicSpoon"],"picked":"SlaversCollar"},{"not_picked":["Empty Cage","ReplayTheSpireMod:DimensionalGlitch"],"picked":"Tiny House"}],"items_purged_floors":[22,36,38],"is_endless":false,"potions_floor_spawned":[1,12,16,20,29,30,37,43],"killed_by":"Jaw Worm Horde","ascension_level":0}}