{"host":"mgc7o2tpy0ck407l","time":1613505237,"event":{"mods":["Alarm Clock","BaseMod","Better Altar","Better Match","Better Note","Better Sensory Stone","Better Skull","Better Third Choice","Better Vampires","BetterRewards","Block Reminder","Bossed Relics","Challenge The Spire","Colored Map","Colored Powertips","Curses Come First","DeckTracker","Disable Question Mark Monsters","Displayed Cursed Tome","Infinite Spire","Key Reminder","Minty Spire (QoL Compilation)","Permanent Neow","Quick Restart","Rare Cards Sparkle","Relic Sorter","Reliquary","Reorder Act Four","Replay The Spire","Shop Mod","Smile Girya","Spicy Shops","StSLib","SuperFastMode","Transform Curses","Unceasing Turn Reminder"],"gold_per_floor":[209,209,219,239,239,239,270,270,348,348,376,66,66,99,99,196,196,211,59,76,96,96,96,130,130,177,32,62,62,80,105,105,216,216,243,12,12,24,40,40,74,0,48,48,83,83,101,121,121,121,121,21,21,54,114],"floor_reached":56,"language":"ENG","playtime":1974,"items_purged":["Strike_B","Strike_B"],"score":1589,"play_id":"4d0e59b7-0db4-4554-af7f-6ba83f426617","local_time":"20210216145357","is_ascension_mode":true,"campfire_choices":[{"data":"Coolheaded","floor":6,"key":"SMITH"},{"data":"Zap","floor":8,"key":"SMITH"},{"data":"infinitespire:Starlight","floor":10,"key":"SMITH"},{"floor":15,"key":"RECALL"},{"data":"Pot Of Greed","floor":23,"key":"SMITH"},{"data":"Pot Of Greed","floor":32,"key":"SMITH"},{"data":"Consume","floor":40,"key":"SMITH"},{"data":"Electrodynamics","floor":44,"key":"SMITH"},{"data":"Multi-Cast","floor":49,"key":"SMITH"},{"data":"Strike_B","floor":53,"key":"SMITH"}],"circlet_count":0,"master_deck":["Strike_B","Strike_B+1","Defend_B","Defend_B","Defend_B","Defend_B","Zap+1","Coolheaded+1","Ball Lightning+1","infinitespire:Starlight+1","Electrodynamics+1","Cold Snap+1","Multi-Cast+1","Ball Lightning+1","Pot Of Greed+1","Pot Of Greed+1","Defragment+1","Consume+1","Core Surge+1"],"relics":["Cracked Core","reliquary:Boomerang","Molten Egg 2","Calipers","Letter Opener","Inserter","Grinning Jar","Coffee Dripper","Durian","Omamori","Orichalcum","Snack Pack","Gremlin Horn","infinitespire:EvilPickle","Velvet Choker","Geode","Prayer Wheel","infinitespire:CheckeredPen","Red Mask","ReplayFunnel","Toy Ornithopter","infinitespire:Midas Blood"],"acts_visited":["Exordium","TheCity","TheBeyond","TheEnding"],"potions_floor_usage":[31,55,55],"damage_taken":[{"damage":5,"enemies":"Small Slimes","floor":1,"turns":4},{"damage":0,"enemies":"Cultist","floor":3,"turns":3},{"damage":4,"enemies":"Jaw Worm","floor":4,"turns":3},{"damage":13,"enemies":"3 Sentries","floor":7,"turns":6},{"damage":6,"enemies":"Gremlin Nob","floor":11,"turns":3},{"damage":18,"enemies":"3 Sentries","floor":14,"turns":5},{"damage":28,"enemies":"Slime Boss","floor":16,"turns":7},{"damage":40,"enemies":"2 Thieves","floor":18,"turns":4},{"damage":3,"enemies":"Spheric Guardian","floor":20,"turns":3},{"damage":20,"enemies":"Cultist and Chosen","floor":21,"turns":4},{"damage":27,"enemies":"Gremlin Leader","floor":24,"turns":4},{"damage":29,"enemies":"Slavers","floor":28,"turns":3},{"damage":4,"enemies":"Snecko","floor":30,"turns":5},{"damage":15,"enemies":"Book of Stabbing","floor":31,"turns":4},{"damage":11,"enemies":"Pondfish","floor":33,"turns":8},{"damage":7,"enemies":"3 Darklings","floor":35,"turns":2},{"damage":1,"enemies":"3 Shapes","floor":38,"turns":2},{"damage":16,"enemies":"3 Darklings","floor":39,"turns":4},{"damage":9,"enemies":"R_Hoarder","floor":41,"turns":7},{"damage":13,"enemies":"Reptomancer","floor":45,"turns":3},{"damage":0,"enemies":"Sphere and 2 Shapes","floor":47,"turns":2},{"damage":1,"enemies":"Jaw Worm Horde","floor":48,"turns":4},{"damage":34,"enemies":"Time Eater","floor":50,"turns":8},{"damage":14,"enemies":"Shield and Spear","floor":54,"turns":5},{"damage":88,"enemies":"The Heart","floor":55,"turns":11}],"seed_played":"-4567144952455358242","potions_obtained":[{"floor":3,"key":"SpeedPotion"},{"floor":4,"key":"Venom Potion"},{"floor":11,"key":"FairyPotion"},{"floor":13,"key":"Regen Potion"},{"floor":18,"key":"LiquidMemories"},{"floor":20,"key":"Swift Potion"},{"floor":31,"key":"Flashbang"}],"is_trial":false,"path_per_floor":["M","?","M","M","?","R","E","R","T","R","E","$","?","E","R","B",null,"M","$","M","M","AVR","R","E","?","T","$","E","?","M","E","R","B",null,"M","$","?","M","M","R","E","?","T","R","E","?","M","M","R","B",null,"$","R","E","B",null],"character_chosen":"DEFECT","items_purchased":["Calipers","Grinning Jar","Orichalcum","Geode"],"campfire_rested":0,"item_purchase_floors":[12,19,27,36],"current_hp_per_floor":[70,70,70,66,48,48,45,45,45,45,39,39,39,36,36,23,75,50,50,62,57,57,57,50,50,50,50,36,36,49,49,49,55,80,80,80,80,79,78,78,71,71,71,71,75,75,76,76,76,57,76,76,76,76,9],"gold":114,"neow_bonus":"HUNDRED_GOLD","is_daily":false,"chose_seed":false,"campfire_upgraded":9,"win_rate":0.0,"timestamp":1613505237,"path_taken":["M","?","M","M","?","R","E","R","T","R","E","$","?","E","R","BOSS","M","$","M","M","AVR","R","E","?","T","$","E","?","M","E","R","BOSS","M","$","?","M","M","R","E","?","T","R","E","?","?","M","R","BOSS","$","R","E","BOSS"],"items_purchased_type":["Relic","Relic","Relic","Relic"],"build_version":"2020-12-22","purchased_purges":2,"victory":true,"max_hp_per_floor":[75,75,75,75,75,75,75,75,75,75,75,75,75,75,75,75,75,75,75,75,75,75,75,80,80,80,80,80,80,80,80,80,80,80,80,80,80,80,80,80,80,80,80,80,80,76,76,76,76,76,76,76,76,76,76],"card_choices":[{"not_picked":["Stack","Streamline"],"picked":"Coolheaded","floor":1},{"not_picked":["Steam Power","ReplaySort","Beam Cell"],"picked":"SKIP","floor":3},{"not_picked":["Time Bomb","Compile Driver","ReplayGash"],"picked":"SKIP","floor":4},{"not_picked":["infinitespire:DeathsTouch","infinitespire:FinalStrike"],"picked":"infinitespire:Starlight","floor":5},{"not_picked":["Gash","Redo","Turbo"],"picked":"SKIP","floor":7},{"not_picked":["Beam Cell+1","Coolheaded"],"picked":"Electrodynamics","floor":11},{"not_picked":["Stack","Darkness"],"picked":"Cold Snap+1","floor":14},{"not_picked":["Meteor Strike+1","Hyperbeam+1"],"picked":"Multi-Cast","floor":16},{"not_picked":["Steam","Beam Cell+1"],"picked":"Ball Lightning+1","floor":18},{"not_picked":["Sweeping Beam+1","Panic Button","Rebound+1"],"picked":"SKIP","floor":20},{"not_picked":["Sweeping Beam+1","Panic Button","Rebound+1"],"picked":"SKIP","floor":20},{"not_picked":["Turbo","Loop"],"picked":"Defragment+1","floor":21},{"not_picked":["Cold Snap+1","Sweeping Beam+1"],"picked":"Consume","floor":24},{"not_picked":["Turbo","Aggregate","Thunder Strike+1"],"picked":"SKIP","floor":28},{"not_picked":["Streamline+1","Steam","ReplayTheSpireMod:System Scan"],"picked":"SKIP","floor":30},{"not_picked":["Reinforced Body","ReplayTheSpireMod:GoodbyeWorld","Cold Snap+1"],"picked":"SKIP","floor":31},{"not_picked":["Electrodynamics","Rainbow"],"picked":"Core Surge+1","floor":33},{"not_picked":["Consume","FIFO Queue","Ball Lightning+1"],"picked":"SKIP","floor":35},{"not_picked":["Rip and Tear+1","Blizzard+1","BasicCrystalCard"],"picked":"SKIP","floor":38},{"not_picked":["Sweeping Beam+1","Static Discharge+1","Compile Driver+1"],"picked":"SKIP","floor":39},{"not_picked":["Darkness+1","FIFO Queue+1","Streamline+1"],"picked":"SKIP","floor":41},{"not_picked":["Self Repair","Meteor Strike+1","Turbo+1"],"picked":"SKIP","floor":45},{"not_picked":["Hologram","Gash+1","ReplaySort"],"picked":"SKIP","floor":47},{"not_picked":["Beam Cell+1","Leap","Reprogram"],"picked":"SKIP","floor":47},{"not_picked":["Gash+1","Rip and Tear+1","Compile Driver+1"],"picked":"SKIP","floor":48},{"not_picked":["Redo+1","FTL+1","Compile Driver+1"],"picked":"SKIP","floor":48},{"not_picked":["Tempest+1","Stack","Sweeping Beam+1"],"picked":"SKIP","floor":54}],"player_experience":774374,"relics_obtained":[{"floor":7,"key":"reliquary:Boomerang"},{"floor":11,"key":"Molten Egg 2"},{"floor":14,"key":"Letter Opener"},{"floor":24,"key":"Durian"},{"floor":26,"key":"Omamori"},{"floor":28,"key":"Snack Pack"},{"floor":31,"key":"Gremlin Horn"},{"floor":41,"key":"infinitespire:CheckeredPen"},{"floor":43,"key":"ReplayFunnel"},{"floor":45,"key":"Toy Ornithopter"},{"floor":54,"key":"infinitespire:Midas Blood"}],"event_choices":[{"damage_healed":0,"gold_gain":0,"player_choice":"Got Potions","damage_taken":0,"max_hp_gain":0,"max_hp_loss":0,"event_name":"Lab","floor":13,"gold_loss":0},{"damage_healed":0,"gold_gain":0,"player_choice":"Ignored","damage_taken":0,"max_hp_gain":0,"max_hp_loss":0,"event_name":"betterNote:BetterNote","floor":25,"gold_loss":0,"cards_obtained":["Strike_G"]},{"damage_healed":0,"gold_gain":3,"player_choice":"1","damage_taken":0,"max_hp_gain":0,"max_hp_loss":0,"event_name":"betterStone:BetterStone","floor":37,"gold_loss":0},{"damage_healed":0,"gold_gain":0,"player_choice":"Paid","damage_taken":0,"relics_obtained":["Red Mask"],"max_hp_gain":0,"max_hp_loss":0,"event_name":"Tomb of Lord Red Mask","floor":42,"gold_loss":74},{"damage_healed":0,"gold_gain":0,"player_choice":"Max HP","damage_taken":0,"max_hp_gain":0,"max_hp_loss":4,"event_name":"Winding Halls","floor":46,"gold_loss":0}],"is_beta":false,"boss_relics":[{"not_picked":["Snecko Heart","Painkiller Herb"],"picked":"Inserter"},{"not_picked":["Honey Jar","infinitespire:Cupcake"],"picked":"Velvet Choker"}],"items_purged_floors":[36,52],"is_endless":false,"potions_floor_spawned":[3,4,11,16,18,20,30,31,35,41,47,54],"ascension_level":1}}