{"host":"qxt9611uhnemh1bn","time":1613447715,"event":{"mods":["AchievementEnabler","BaseMod","Minty Spire (QoL Compilation)","StSLib"],"gold_per_floor":[117,117,132,157,171,171,191,225,252,252,252,276,300,316,316,444,444,463,3,21,45,45,45,83,11,90,90,90,90,90],"floor_reached":29,"language":"ENG","playtime":896,"items_purged":["Strike_R"],"score":247,"play_id":"f973ea47-baf1-4277-972c-05c4aa6070d4","local_time":"20210215215515","is_ascension_mode":false,"campfire_choices":[{"data":"Hemokinesis","floor":6,"key":"SMITH"},{"data":"Shockwave","floor":10,"key":"SMITH"},{"floor":15,"key":"REST"},{"floor":23,"key":"REST"}],"circlet_count":0,"master_deck":["Strike_R","Strike_R+1","Strike_R","Defend_R","Defend_R","Defend_R","Defend_R","Bash+1","Clothesline","Evolve","Hemokinesis+1","Cleave","Shockwave+1","Twin Strike","Fire Breathing","Shrug It Off","Immolate","CurseOfTheBell","Shrug It Off+1","Feed","Infernal Blade","Armaments","Rupture"],"relics":["Burning Blood","Whetstone","Golden Idol","PreservedInsect","Nunchaku","Calling Bell","Strawberry","Letter Opener","Champion Belt","Lee\u0027s Waffle","Ornamental Fan","Boot","Bottled Lightning","Tiny Chest"],"acts_visited":["Exordium","TheCity"],"potions_floor_usage":[16,16,16,29],"damage_taken":[{"damage":7,"enemies":"2 Louse","floor":1,"turns":3},{"damage":0,"enemies":"Small Slimes","floor":3,"turns":5},{"damage":0,"enemies":"Cultist","floor":4,"turns":3},{"damage":6,"enemies":"Large Slime","floor":5,"turns":5},{"damage":7,"enemies":"Exordium Thugs","floor":7,"turns":5},{"damage":26,"enemies":"Gremlin Nob","floor":8,"turns":4},{"damage":9,"enemies":"Looter","floor":12,"turns":3},{"damage":2,"enemies":"Large Slime","floor":13,"turns":4},{"damage":15,"enemies":"2 Fungi Beasts","floor":14,"turns":3},{"damage":24,"enemies":"Hexaghost","floor":16,"turns":8},{"damage":19,"enemies":"Chosen","floor":18,"turns":5},{"damage":50,"enemies":"3 Byrds","floor":20,"turns":6},{"damage":19,"enemies":"Snake Plant","floor":21,"turns":4},{"damage":54,"enemies":"Book of Stabbing","floor":24,"turns":8},{"damage":9,"enemies":"Shelled Parasite and Fungi","floor":29,"turns":2}],"seed_played":"-4277961878185117671","potions_obtained":[{"floor":4,"key":"SpeedPotion"},{"floor":5,"key":"PowerPotion"},{"floor":7,"key":"Energy Potion"},{"floor":16,"key":"ElixirPotion"},{"floor":21,"key":"ColorlessPotion"},{"floor":24,"key":"FearPotion"}],"is_trial":false,"path_per_floor":["M","?","M","M","M","R","M","E","T","R","?","M","M","M","R","B",null,"M","$","M","M","?","R","E","$","T","?","?","M"],"character_chosen":"IRONCLAD","items_purchased":["Lee\u0027s Waffle","Ornamental Fan","Rupture"],"campfire_rested":2,"item_purchase_floors":[19,19,25],"current_hp_per_floor":[79,74,74,74,74,74,73,53,53,53,53,50,54,45,67,49,81,68,88,44,31,31,57,9,9,9,9,9,0,0],"gold":90,"neow_bonus":"RANDOM_COMMON_RELIC","is_daily":false,"chose_seed":false,"campfire_upgraded":2,"win_rate":0.0,"timestamp":1613447715,"path_taken":["M","?","M","M","M","R","M","E","T","R","?","M","M","M","R","BOSS","M","$","?","M","?","R","E","?","T","?","?","M"],"items_purchased_type":["Relic","Relic","Card"],"build_version":"2020-12-22","purchased_purges":1,"victory":false,"max_hp_per_floor":[80,74,74,74,74,74,74,74,74,74,74,74,74,74,74,74,81,81,88,88,88,88,88,88,88,88,88,88,88,88],"card_choices":[{"not_picked":["Wild Strike","Heavy Blade"],"picked":"Clothesline","floor":1},{"not_picked":["Sentinel","Reckless Charge"],"picked":"Evolve","floor":3},{"not_picked":["Armaments","Shrug It Off"],"picked":"Hemokinesis","floor":4},{"not_picked":["Clash","Searing Blow","Entrench"],"picked":"SKIP","floor":5},{"not_picked":["Havoc","Barricade"],"picked":"Cleave","floor":7},{"not_picked":["Battle Trance","Twin Strike"],"picked":"Shockwave","floor":8},{"not_picked":["Searing Blow","Entrench"],"picked":"Twin Strike","floor":12},{"not_picked":["Evolve","Rage"],"picked":"Fire Breathing","floor":13},{"not_picked":["Thunderclap","Armaments"],"picked":"Shrug It Off","floor":14},{"not_picked":["Impervious","Fiend Fire"],"picked":"Immolate","floor":16},{"not_picked":["Anger","Clash"],"picked":"Shrug It Off+1","floor":18},{"not_picked":["Shrug It Off","Combust","Havoc+1"],"picked":"SKIP","floor":20},{"not_picked":["Flex+1","Cleave"],"picked":"Feed","floor":21},{"not_picked":["Flex","Wild Strike+1"],"picked":"Armaments","floor":24}],"player_experience":249835,"relics_obtained":[{"floor":8,"key":"PreservedInsect"},{"floor":9,"key":"Nunchaku"},{"floor":17,"key":"Strawberry"},{"floor":17,"key":"Letter Opener"},{"floor":17,"key":"Champion Belt"},{"floor":24,"key":"Boot"},{"floor":26,"key":"Bottled Lightning"}],"event_choices":[{"damage_healed":0,"gold_gain":0,"player_choice":"Lose Max HP","damage_taken":0,"relics_obtained":["Golden Idol"],"max_hp_gain":0,"max_hp_loss":6,"event_name":"Golden Idol","floor":2,"gold_loss":0},{"cards_removed":["Strike_R"],"damage_healed":0,"gold_gain":0,"player_choice":"Offered Basic","damage_taken":0,"max_hp_gain":0,"max_hp_loss":0,"event_name":"Bonfire Elementals","floor":11,"gold_loss":0},{"damage_healed":0,"gold_gain":0,"player_choice":"1 cards matched","damage_taken":0,"max_hp_gain":0,"max_hp_loss":0,"event_name":"Match and Keep!","floor":22,"gold_loss":0,"cards_obtained":["Infernal Blade"]},{"damage_healed":0,"gold_gain":0,"player_choice":"Opened","damage_taken":0,"relics_obtained":["Tiny Chest"],"max_hp_gain":0,"max_hp_loss":0,"event_name":"The Mausoleum","floor":27,"gold_loss":0},{"damage_healed":0,"gold_gain":0,"player_choice":"Ignored","damage_taken":0,"max_hp_gain":0,"max_hp_loss":0,"event_name":"Ghosts","floor":28,"gold_loss":0}],"is_beta":false,"boss_relics":[{"not_picked":["Empty Cage","Ectoplasm"],"picked":"Calling Bell"}],"items_purged_floors":[19],"is_endless":false,"potions_floor_spawned":[4,5,7,12,13,16,21,24],"killed_by":"Shelled Parasite and Fungi","ascension_level":0}}