{"host":"e14va605tljgvqtz","time":1613518680,"event":{"mods":["BaseMod","Colored Map","Highlight Path","Minty Spire (QoL Compilation)","Relic Stats"],"gold_per_floor":[117,127,138,138,154,154,164,175,175,201,220,238,273,291,291,390,390,401,419,434,448,459,487,504,524,524,543,574,592,592,517,517,617,617,633,647,667,677,695,722,734,748,774,774,378,397,431,444,444,444,444,444,20,53,53],"floor_reached":56,"language":"ENG","playtime":6050,"items_purged":["Strike_P","Strike_P+1","Strike_P+1"],"score":1354,"play_id":"46307d29-efc5-4e2c-b935-51b79a504f9b","local_time":"20210216153800","is_ascension_mode":false,"campfire_choices":[{"data":"Eruption","floor":6.0,"key":"SMITH"},{"data":"TalkToTheHand","floor":15.0,"key":"SMITH"},{"data":"Tantrum","floor":32.0,"key":"SMITH"},{"floor":44.0,"key":"RECALL"},{"floor":49.0,"key":"REST"},{"floor":52,"key":"REST"}],"circlet_count":0,"master_deck":["Defend_P+1","Defend_P+1","Defend_P+1","Defend_P+1","Eruption+1","Vigilance+1","CutThroughFate+1","BowlingBash+1","EmptyFist+1","FollowUp+1","Vault+1","Protect+1","CutThroughFate+1","TalkToTheHand+1","Wallop+1","TalkToTheHand+1","LessonLearned+1","TalkToTheHand+1","Vengeance+1","Wallop+1","Tantrum+1","DeusExMachina+1","Protect+1","MentalFortress+1","ClearTheMind+1","Tantrum+1","Blasphemy+1","TalkToTheHand+1","Shame","MentalFortress+1","Omniscience","SashWhip"],"relics":["PureWater","GoldenEye","Whetstone","Shuriken","Snecko Eye","Du-Vu Doll","Meat on the Bone","Cursed Key","Gambling Chip","Omamori","InkBottle","Bottled Tornado","Frozen Eye","Lantern"],"acts_visited":["Exordium","TheCity","TheBeyond","TheEnding"],"potions_floor_usage":[],"damage_taken":[{"damage":0.0,"enemies":"2 Louse","floor":1.0,"turns":1.0},{"damage":0.0,"enemies":"Cultist","floor":2.0,"turns":2.0},{"damage":1.0,"enemies":"Jaw Worm","floor":3.0,"turns":2.0},{"damage":0.0,"enemies":"3 Louse","floor":5.0,"turns":2.0},{"damage":2.0,"enemies":"Blue Slaver","floor":7.0,"turns":3.0},{"damage":1.0,"enemies":"Large Slime","floor":8.0,"turns":4.0},{"damage":6.0,"enemies":"Gremlin Nob","floor":10.0,"turns":4.0},{"damage":0.0,"enemies":"3 Louse","floor":11.0,"turns":2.0},{"damage":5.0,"enemies":"Red Slaver","floor":12.0,"turns":3.0},{"damage":1.0,"enemies":"3 Sentries","floor":13.0,"turns":6.0},{"damage":3.0,"enemies":"Exordium Thugs","floor":14.0,"turns":4.0},{"damage":0.0,"enemies":"Slime Boss","floor":16.0,"turns":4.0},{"damage":0.0,"enemies":"Chosen","floor":18.0,"turns":5.0},{"damage":8.0,"enemies":"Shell Parasite","floor":19.0,"turns":5.0},{"damage":0.0,"enemies":"Snake Plant","floor":20.0,"turns":6.0},{"damage":0.0,"enemies":"Snecko","floor":21.0,"turns":7.0},{"damage":1.0,"enemies":"Centurion and Healer","floor":22.0,"turns":4.0},{"damage":5.0,"enemies":"Book of Stabbing","floor":23.0,"turns":8.0},{"damage":4.0,"enemies":"3 Cultists","floor":24.0,"turns":4.0},{"damage":0.0,"enemies":"Chosen and Byrds","floor":25.0,"turns":9.0},{"damage":2.0,"enemies":"Centurion and Healer","floor":27.0,"turns":5.0},{"damage":8.0,"enemies":"Gremlin Leader","floor":28.0,"turns":8.0},{"damage":8.0,"enemies":"Snake Plant","floor":29.0,"turns":5.0},{"damage":0.0,"enemies":"Collector","floor":33.0,"turns":6.0},{"damage":0.0,"enemies":"3 Darklings","floor":35.0,"turns":3.0},{"damage":4.0,"enemies":"3 Shapes","floor":36.0,"turns":4.0},{"damage":1.0,"enemies":"Spire Growth","floor":37.0,"turns":6.0},{"damage":8.0,"enemies":"Writhing Mass","floor":38.0,"turns":11.0},{"damage":0.0,"enemies":"Jaw Worm Horde","floor":39.0,"turns":2.0},{"damage":46.0,"enemies":"Nemesis","floor":40.0,"turns":3.0},{"damage":0.0,"enemies":"4 Shapes","floor":41.0,"turns":3.0},{"damage":0.0,"enemies":"Writhing Mass","floor":42.0,"turns":6.0},{"damage":0.0,"enemies":"Sphere and 2 Shapes","floor":46.0,"turns":5.0},{"damage":0.0,"enemies":"Giant Head","floor":47.0,"turns":5.0},{"damage":0.0,"enemies":"Jaw Worm Horde","floor":48.0,"turns":2.0},{"damage":28,"enemies":"Donu and Deca","floor":50,"turns":6},{"damage":35,"enemies":"Shield and Spear","floor":54,"turns":7},{"damage":3,"enemies":"The Heart","floor":55,"turns":9}],"seed_played":"8231395811658047632","potions_obtained":[{"floor":2.0,"key":"Explosive Potion"},{"floor":5.0,"key":"Weak Potion"},{"floor":7.0,"key":"Strength Potion"},{"floor":13.0,"key":"ColorlessPotion"},{"floor":14.0,"key":"SpeedPotion"},{"floor":21.0,"key":"Block Potion"},{"floor":27.0,"key":"LiquidMemories"},{"floor":30.0,"key":"BottledMiracle"},{"floor":33.0,"key":"Swift Potion"},{"floor":41.0,"key":"Ancient Potion"}],"is_trial":false,"path_per_floor":["M","M","M","?","M","R","M","M","T","E","M","M","E","M","R","B",null,"M","M","M","M","M","E","M","M","T","M","E","M","?","$","R","B",null,"M","M","M","M","M","E","M","M","T","R","$","M","E","M","R","B",null,"R","$","E","B",null],"character_chosen":"WATCHER","items_purchased":["MentalFortress","InkBottle","Frozen Eye","Omniscience"],"campfire_rested":2,"item_purchase_floors":[45,45,53,53],"current_hp_per_floor":[72,72,71,71,71,71,69,68,68,62,62,57,56,53,53,53,72,72,64,64,64,63,58,54,54,54,52,44,48,48,48,48,48,72,72,68,67,59,59,25,37,37,37,37,37,37,37,37,58,42,72,72,72,37,46],"gold":53,"neow_bonus":"THREE_CARDS","is_daily":false,"chose_seed":false,"campfire_upgraded":3,"win_rate":0.0,"timestamp":1613518680,"path_taken":["M","M","M","?","M","R","?","M","T","E","M","M","E","M","R","BOSS","M","M","M","M","M","E","M","M","T","M","E","M","?","$","R","BOSS","M","M","M","M","M","E","M","M","T","R","$","M","E","M","R","BOSS","R","$","E","BOSS"],"items_purchased_type":["Card","Relic","Relic","Card"],"build_version":"2020-12-22","purchased_purges":3,"victory":true,"max_hp_per_floor":[72,72,72,72,72,72,72,72,72,72,72,72,72,72,72,72,72,72,72,72,72,72,72,72,72,72,72,72,72,72,72,72,72,72,72,72,72,72,72,72,72,72,72,72,72,72,72,72,72,72,72,72,72,72,72],"relic_stats":{"counters":[38,181],"Shuriken":[81],"Gambling Chip":[27],"Snecko Eye":[260,270,239,297],"Whetstone":["Strike_P","CutThroughFate"],"GoldenEye":[122],"Cursed Key":1,"obtain_stats":[{"Lantern":54,"Omamori":43,"Whetstone":10,"Bottled Tornado":47,"GoldenEye":9,"Cursed Key":34,"Du-Vu Doll":23,"Frozen Eye":53,"Shuriken":13,"Gambling Chip":40,"Snecko Eye":17,"PureWater":0,"InkBottle":45,"Meat on the Bone":28},{"Lantern":37,"Omamori":32,"Whetstone":7,"Bottled Tornado":34,"GoldenEye":6,"Cursed Key":24,"Du-Vu Doll":18,"Frozen Eye":36,"Shuriken":10,"Gambling Chip":30,"Snecko Eye":12,"PureWater":0,"InkBottle":32,"Meat on the Bone":22},{"Lantern":172,"Omamori":147,"Whetstone":18,"Bottled Tornado":157,"GoldenEye":14,"Cursed Key":109,"Du-Vu Doll":72,"Frozen Eye":165,"Shuriken":29,"Gambling Chip":138,"Snecko Eye":37,"PureWater":0,"InkBottle":147,"Meat on the Bone":98}],"InkBottle":[17],"Meat on the Bone":60},"card_choices":[{"not_picked":["WaveOfTheHand","EmptyFist"],"picked":"CutThroughFate","floor":0.0},{"not_picked":["Evaluate","Vengeance"],"picked":"BowlingBash","floor":1.0},{"not_picked":["ForeignInfluence","Swivel"],"picked":"EmptyFist","floor":2.0},{"not_picked":["ClearTheMind","WheelKick"],"picked":"FollowUp","floor":3.0},{"not_picked":["Collect","SandsOfTime","Study"],"picked":"SKIP","floor":5.0},{"not_picked":["FlurryOfBlows","Evaluate"],"picked":"Vault","floor":7.0},{"not_picked":["PathToVictory","Study"],"picked":"Protect","floor":8.0},{"not_picked":["Evaluate","Adaptation"],"picked":"CutThroughFate","floor":10.0},{"not_picked":["FlyingSleeves","DeceiveReality"],"picked":"TalkToTheHand","floor":11.0},{"not_picked":["Indignation","LikeWater","Pray"],"picked":"SKIP","floor":12.0},{"not_picked":["InnerPeace","Sanctity"],"picked":"Wallop","floor":13.0},{"not_picked":["BowlingBash","CutThroughFate"],"picked":"TalkToTheHand","floor":14.0},{"not_picked":["Devotion","Vault"],"picked":"LessonLearned","floor":16.0},{"not_picked":["PathToVictory+1","Evaluate","CutThroughFate"],"picked":"SKIP","floor":18.0},{"not_picked":["FollowUp","InnerPeace","Indignation+1"],"picked":"SKIP","floor":19.0},{"not_picked":["Swivel","Consecrate"],"picked":"TalkToTheHand+1","floor":20.0},{"not_picked":["Prostrate+1","ClearTheMind+1","Halt+1"],"picked":"SKIP","floor":21.0},{"not_picked":["CarveReality","Protect","SandsOfTime"],"picked":"SKIP","floor":22.0},{"not_picked":["Brilliance","SashWhip+1","Perseverance"],"picked":"SKIP","floor":23.0},{"not_picked":["Halt+1","SandsOfTime"],"picked":"Vengeance","floor":24.0},{"not_picked":["CrushJoints","Swivel","EmptyBody"],"picked":"SKIP","floor":25.0},{"not_picked":["LikeWater","ClearTheMind","Indignation"],"picked":"SKIP","floor":27.0},{"not_picked":["ForeignInfluence+1","Halt"],"picked":"Wallop+1","floor":28.0},{"not_picked":["WreathOfFlame+1","PathToVictory+1"],"picked":"Tantrum","floor":29.0},{"not_picked":["Vault","Ragnarok"],"picked":"DeusExMachina","floor":33.0},{"not_picked":["EmptyFist+1","Consecrate"],"picked":"Protect","floor":35.0},{"not_picked":["SandsOfTime+1","FollowUp+1"],"picked":"MentalFortress+1","floor":36.0},{"not_picked":["Consecrate","LikeWater+1"],"picked":"ClearTheMind","floor":37.0},{"not_picked":["EmptyFist+1","SignatureMove"],"picked":"Tantrum+1","floor":38.0},{"not_picked":["Evaluate+1","BowlingBash+1","EmptyFist"],"picked":"SKIP","floor":39.0},{"not_picked":["FlurryOfBlows","Halt"],"picked":"Blasphemy","floor":40.0},{"not_picked":["WreathOfFlame","LikeWater"],"picked":"TalkToTheHand+1","floor":41.0},{"not_picked":["BattleHymn","DeceiveReality","CutThroughFate"],"picked":"SKIP","floor":42.0},{"not_picked":["Meditate+1","JustLucky","Consecrate"],"picked":"SKIP","floor":46.0},{"not_picked":["FollowUp","Crescendo","EmptyFist"],"picked":"SKIP","floor":47.0},{"not_picked":["FlyingSleeves","FlurryOfBlows","Fasting2"],"picked":"SKIP","floor":48.0},{"not_picked":["EmptyBody","Evaluate+1"],"picked":"SashWhip","floor":54}],"player_experience":324078,"relics_obtained":[{"floor":9.0,"key":"GoldenEye"},{"floor":10.0,"key":"Whetstone"},{"floor":13.0,"key":"Shuriken"},{"floor":23.0,"key":"Du-Vu Doll"},{"floor":28.0,"key":"Meat on the Bone"},{"floor":40.0,"key":"Gambling Chip"},{"floor":43.0,"key":"Omamori"},{"floor":47.0,"key":"Bottled Tornado"},{"floor":54,"key":"Lantern"}],"event_choices":[{"cards_removed":["Strike_P"],"damage_healed":0.0,"max_hp_gain":0.0,"max_hp_loss":0.0,"gold_gain":0.0,"event_name":"Purifier","player_choice":"Purged","floor":4.0,"gold_loss":0.0,"damage_taken":0.0},{"damage_healed":0.0,"max_hp_gain":0.0,"max_hp_loss":0.0,"gold_gain":0.0,"event_name":"Lab","player_choice":"Got Potions","floor":30.0,"gold_loss":0.0,"damage_taken":0.0}],"is_beta":false,"boss_relics":[{"not_picked":["VioletLotus","Calling Bell"],"picked":"Snecko Eye"},{"not_picked":["Coffee Dripper","Black Star"],"picked":"Cursed Key"}],"items_purged_floors":[31,45,53],"is_endless":false,"potions_floor_spawned":[2,5,7,13,14,16,18,21,27,28,33,35,37,38,41,54],"ascension_level":0}}