{"host":"r081svdj6e9i7zze","time":1613453777,"event":{"mods":["AchievementEnabler","BaseMod","Colored Map","Minty Spire (QoL Compilation)","SuperFastMode"],"gold_per_floor":[115,115,290,365,365,365,384,459,485,525,539,39,77,96,96,96,96],"floor_reached":16,"language":"KOR","playtime":620,"items_purged":["Defend_P"],"score":133,"play_id":"bf906b53-1140-4293-aa5f-1929a57d09dd","local_time":"20210216143617","is_ascension_mode":false,"campfire_choices":[{"data":"Vengeance","floor":6,"key":"SMITH"},{"floor":15,"key":"REST"}],"circlet_count":0,"master_deck":["Strike_P","Strike_P","Strike_P","Defend_P","Defend_P","Defend_P","Eruption","Vigilance","Vengeance+1","Doubt","CrushJoints","EmptyBody","PathToVictory","ReachHeaven","CutThroughFate","MasterReality","ClearTheMind"],"relics":["PureWater","NeowsBlessing","Golden Idol","Tiny Chest","Gremlin Horn","Shuriken","Centennial Puzzle","Lantern"],"acts_visited":["Exordium"],"potions_floor_usage":[16,16],"damage_taken":[{"damage":0,"enemies":"Small Slimes","floor":1,"turns":1},{"damage":0,"enemies":"Jaw Worm","floor":7,"turns":1},{"damage":0,"enemies":"Lagavulin","floor":10,"turns":1},{"damage":1,"enemies":"2 Louse","floor":11,"turns":2},{"damage":27,"enemies":"Gremlin Nob","floor":13,"turns":4},{"damage":6,"enemies":"Gremlin Gang","floor":14,"turns":5},{"damage":36,"enemies":"Slime Boss","floor":16,"turns":3}],"seed_played":"3523482359290452431","potions_obtained":[{"floor":1,"key":"SpeedPotion"},{"floor":7,"key":"BlessingOfTheForge"}],"is_trial":false,"path_per_floor":["M","?","?","?","?","R","M","?","T","E","M","$","E","M","R","B"],"character_chosen":"WATCHER","items_purchased":["Shuriken","Centennial Puzzle","CutThroughFate"],"campfire_rested":1,"item_purchase_floors":[12,12,12],"current_hp_per_floor":[72,54,54,43,43,43,43,36,36,36,35,35,8,2,23,0,0],"gold":96,"neow_bonus":"THREE_ENEMY_KILL","is_daily":false,"chose_seed":false,"campfire_upgraded":1,"win_rate":0.0,"timestamp":1613453777,"path_taken":["M","?","?","?","?","R","M","?","T","E","?","$","E","M","R","BOSS"],"items_purchased_type":["Relic","Relic","Card"],"build_version":"2020-12-22","purchased_purges":1,"victory":false,"max_hp_per_floor":[72,72,72,72,72,72,72,72,72,72,72,72,72,72,72,72,72],"card_choices":[{"not_picked":["BattleHymn","Weave"],"picked":"Vengeance","floor":1},{"not_picked":["Sanctity","Meditate"],"picked":"EmptyBody","floor":7},{"not_picked":["Crescendo","ThirdEye"],"picked":"PathToVictory","floor":10},{"not_picked":["CutThroughFate","ThirdEye"],"picked":"ReachHeaven","floor":11},{"not_picked":["EmptyMind","Protect"],"picked":"MasterReality","floor":13},{"not_picked":["Crescendo","BowlingBash"],"picked":"ClearTheMind","floor":14}],"player_experience":67615,"relics_obtained":[{"floor":9,"key":"Tiny Chest"},{"floor":10,"key":"Gremlin Horn"},{"floor":13,"key":"Lantern"}],"event_choices":[{"damage_healed":0,"gold_gain":0,"player_choice":"Take Damage","damage_taken":18,"relics_obtained":["Golden Idol"],"max_hp_gain":0,"max_hp_loss":0,"event_name":"Golden Idol","floor":2,"gold_loss":0},{"damage_healed":0,"gold_gain":175,"player_choice":"AGREE","damage_taken":0,"max_hp_gain":0,"max_hp_loss":0,"event_name":"Liars Game","floor":3,"gold_loss":0,"cards_obtained":["Doubt"]},{"damage_healed":0,"gold_gain":75,"player_choice":"Gather Gold","damage_taken":11,"max_hp_gain":0,"max_hp_loss":0,"event_name":"World of Goop","floor":4,"gold_loss":0},{"damage_healed":0,"gold_gain":0,"cards_transformed":["Strike_P"],"player_choice":"Change","damage_taken":0,"max_hp_gain":0,"max_hp_loss":0,"event_name":"Living Wall","floor":5,"gold_loss":0,"cards_obtained":["CrushJoints"]},{"damage_healed":0,"gold_gain":75,"player_choice":"Touch","damage_taken":7,"max_hp_gain":0,"max_hp_loss":0,"event_name":"FaceTrader","floor":8,"gold_loss":0}],"is_beta":false,"boss_relics":[],"items_purged_floors":[12],"is_endless":false,"potions_floor_spawned":[1,7],"killed_by":"Slime Boss","ascension_level":0}}