{"host":"365zhv949ao17f5u","time":1613484404,"event":{"mods":["BaseMod","GifTheSpireLib","Minty Spire (QoL Compilation)","StSLib","The Alterego"],"gold_per_floor":[118,72,172,192,210,210,223,223,272,255,267,279,313,333,333,436,436,448,174,89,89,89,89,89],"floor_reached":23,"language":"ENG","playtime":2029,"items_purged":["alterego_mod:InsideBaseball"],"score":368,"play_id":"13945d93-0076-4f2e-8622-36d5158651a4","local_time":"20210217010644","daily_mods":["SealedDeck","Shiny","Specialized","Heirloom","Lethality"],"is_ascension_mode":false,"campfire_choices":[{"floor":6,"key":"REST"},{"floor":15,"key":"REST"}],"circlet_count":0,"master_deck":["Demon Form","Wraith Form v2","Echo Form","DevaForm","alterego_mod:AlterEgo","alterego_mod:GIGAMILK","alterego_mod:Valkyrie","alterego_mod:Rake","alterego_mod:TrickOrTreatment","alterego_mod:Weigh","alterego_mod:STier","alterego_mod:Vow","alterego_mod:Palingenesis","alterego_mod:Venus","alterego_mod:SideboobHour","alterego_mod:Tantrum","alterego_mod:ClassAdvantage","alterego_mod:Antipathy","alterego_mod:RingBreak","alterego_mod:PainIsPleasure","alterego_mod:BrynhildrRomantia","alterego_mod:VirginLaserPalladion","alterego_mod:Alter","alterego_mod:IdEs","alterego_mod:Lift","alterego_mod:Lift","alterego_mod:Lift","alterego_mod:Lift","alterego_mod:Lift","alterego_mod:Lift","alterego_mod:DiscoLights","alterego_mod:Exercise","alterego_mod:BreastValley","alterego_mod:RidiculouslyBig","alterego_mod:Mirror","alterego_mod:Collar","alterego_mod:BiFurious","alterego_mod:Pet","alterego_mod:Nekomimi","alterego_mod:Undulate","alterego_mod:Cushion","alterego_mod:Cooking","alterego_mod:ChallengeComplete","alterego_mod:BiFurious","alterego_mod:Table","alterego_mod:Crossover","alterego_mod:Cooking+1","alterego_mod:HighServant","alterego_mod:GachaTicket","alterego_mod:Bounce","alterego_mod:SideboobHour","alterego_mod:BustOut+1","Secret Weapon","alterego_mod:Undulate"],"relics":["alterego_mod:MasochisticConstitution","Bird Faced Urn","Smiling Mask","Happy Flower","SlaversCollar","Vajra","alterego_mod:SomeoneToFightFor","MutagenicStrength"],"acts_visited":["Exordium","TheCity"],"potions_floor_usage":[],"damage_taken":[{"damage":39,"enemies":"2 Louse","floor":1,"turns":6},{"damage":21,"enemies":"Cultist","floor":4,"turns":4},{"damage":14,"enemies":"Jaw Worm","floor":5,"turns":2},{"damage":17,"enemies":"Red Slaver","floor":7,"turns":5},{"damage":25,"enemies":"Exordium Wildlife","floor":10,"turns":3},{"damage":24,"enemies":"Looter","floor":11,"turns":3},{"damage":3,"enemies":"3 Louse","floor":12,"turns":4},{"damage":89,"enemies":"3 Sentries","floor":13,"turns":9},{"damage":16,"enemies":"Red Slaver","floor":14,"turns":4},{"damage":54,"enemies":"Hexaghost","floor":16,"turns":8},{"damage":72,"enemies":"2 Thieves","floor":18,"turns":4},{"damage":16,"enemies":"Chosen","floor":23,"turns":1}],"seed_played":"1533447868285005378","potions_obtained":[{"floor":4,"key":"Block Potion"},{"floor":8,"key":"DistilledChaos"},{"floor":8,"key":"CultistPotion"}],"is_trial":true,"path_per_floor":["M","$","?","M","M","R","M","?","T","M","M","M","E","M","R","B",null,"M","$","?","?","?","M"],"character_chosen":"The_Alterego","items_purchased":["alterego_mod:Cooking","Secret Weapon","alterego_mod:Undulate"],"campfire_rested":2,"item_purchase_floors":[2,19,19],"current_hp_per_floor":[42,42,42,28,26,47,73,73,73,61,51,75,37,28,52,37,82,13,13,13,13,13,0,0],"gold":89,"neow_bonus":"","is_daily":false,"chose_seed":false,"campfire_upgraded":0,"win_rate":0.0,"timestamp":1613484404,"path_taken":["M","$","?","?","M","R","M","?","T","M","M","M","E","M","R","BOSS","M","$","?","?","?","M"],"items_purchased_type":["Card","Card","Card"],"build_version":"2020-12-22","purchased_purges":1,"victory":false,"max_hp_per_floor":[71,71,71,72,73,73,73,73,73,77,78,79,80,81,81,82,82,83,83,83,83,83,83,83],"card_choices":[{"not_picked":["alterego_mod:Rip","alterego_mod:Mirror"],"picked":"alterego_mod:Cushion","floor":1},{"not_picked":["alterego_mod:BustOut","alterego_mod:Jiggle"],"picked":"alterego_mod:ChallengeComplete","floor":4},{"not_picked":["alterego_mod:TrashNCrash","alterego_mod:Mirror"],"picked":"alterego_mod:BiFurious","floor":5},{"not_picked":["alterego_mod:Punishment","alterego_mod:Maid"],"picked":"alterego_mod:Table","floor":7},{"not_picked":["alterego_mod:DiscoLights","alterego_mod:Birthday"],"picked":"alterego_mod:Crossover","floor":10},{"not_picked":["alterego_mod:Bounce","alterego_mod:TrashNCrash"],"picked":"alterego_mod:Cooking","floor":11},{"not_picked":["alterego_mod:DiscoLights","alterego_mod:RingBreak"],"picked":"alterego_mod:HighServant","floor":12},{"not_picked":["alterego_mod:Undulate","alterego_mod:Nekomimi"],"picked":"alterego_mod:GachaTicket","floor":13},{"not_picked":["alterego_mod:BiFurious","alterego_mod:GachaTicket"],"picked":"alterego_mod:Bounce","floor":14},{"not_picked":["alterego_mod:Vow","alterego_mod:Alter"],"picked":"alterego_mod:SideboobHour","floor":16},{"not_picked":["alterego_mod:Lingerie","alterego_mod:PerceptionDisorder"],"picked":"alterego_mod:BustOut+1","floor":18}],"player_experience":41118,"relics_obtained":[{"floor":9,"key":"Smiling Mask"},{"floor":13,"key":"Happy Flower"}],"event_choices":[{"damage_healed":0,"gold_gain":100,"player_choice":"Pray","damage_taken":0,"max_hp_gain":0,"max_hp_loss":0,"event_name":"Golden Shrine","floor":3,"gold_loss":0},{"damage_healed":0,"gold_gain":0,"player_choice":"Got Potions","damage_taken":0,"max_hp_gain":0,"max_hp_loss":0,"event_name":"Lab","floor":8,"gold_loss":0},{"damage_healed":0,"gold_gain":0,"player_choice":"Obtained Relic","damage_taken":0,"relics_obtained":["Vajra"],"max_hp_gain":0,"max_hp_loss":0,"event_name":"Addict","floor":20,"gold_loss":85},{"damage_healed":0,"gold_gain":0,"player_choice":"Choice 2","damage_taken":0,"relics_obtained":["alterego_mod:SomeoneToFightFor"],"max_hp_gain":0,"max_hp_loss":0,"event_name":"Secret Garden","floor":21,"gold_loss":0},{"damage_healed":0,"gold_gain":0,"player_choice":"Inject Mutagens","damage_taken":0,"relics_obtained":["MutagenicStrength"],"max_hp_gain":0,"max_hp_loss":0,"event_name":"Drug Dealer","floor":22,"gold_loss":0}],"is_beta":false,"boss_relics":[{"not_picked":["Coffee Dripper","Velvet Choker"],"picked":"SlaversCollar"}],"items_purged_floors":[19],"is_endless":true,"potions_floor_spawned":[4,10,11,12,14,18],"killed_by":"Chosen","ascension_level":0}}