{"host":"phniwng9zo19jwdb","time":1613434642,"event":{"mods":["AchievementEnabler","BaseMod","Colored Powertips","Dark Map","Faster Ascension Climbing","GifTheSpireLib","Minty Spire (QoL Compilation)","Permanent Neow","Rare Cards Sparkle","Relic Filter Mod","StSLib","Weighted Paths"],"gold_per_floor":[116,116,116,135,60,90,90,105,105,137,148,148,179,104,104,180,180,197,197,59,78,92,120,136,171,171,171,204,217,48,60,60,138,138,153,153,153,167,180,180,209,209,209,209,243,258,271,281,281,281,281],"floor_reached":50,"language":"ENG","playtime":2365,"items_purged":["Strike_R"],"score":1321,"play_id":"1a5649dc-68fe-4677-bfe9-496c4b29da82","local_time":"20210216011722","is_ascension_mode":true,"campfire_choices":[{"floor":7.0,"key":"REST"},{"data":"Power Through","floor":12.0,"key":"SMITH"},{"data":"Fire Breathing","floor":15.0,"key":"SMITH"},{"data":"Offering","floor":27.0,"key":"SMITH"},{"floor":32.0,"key":"RECALL"},{"data":"Seeing Red","floor":40.0,"key":"SMITH"},{"data":"Fiend Fire","floor":42.0,"key":"SMITH"},{"data":"Cleave","floor":49.0,"key":"SMITH"}],"circlet_count":0,"master_deck":["AscendersBane","Strike_R","Strike_R+1","Defend_R","Defend_R","Defend_R+1","Defend_R+1","Cleave+1","Offering+1","Fire Breathing+1","Ghostly Armor","Fiend Fire+1","Power Through+1","Berserk+1","Shrug It Off+1","Berserk+1","Dramatic Entrance","Seeing Red+1","Second Wind+1","Corruption+1","Iron Wave+1","Bloodletting+1","Corruption+1","Shrug It Off","Shrug It Off","Barricade+1","Shrug It Off"],"relics":["Black Blood","Dead Branch","Lizard Tail","Frozen Egg 2","Gremlin Horn","Unceasing Top","Singing Bowl","Eternal Feather","Blood Vial","Chemical X","Sozu","War Paint","Self Forming Clay","Pen Nib"],"acts_visited":["Exordium","TheCity","TheBeyond"],"potions_floor_usage":[],"damage_taken":[{"damage":5.0,"enemies":"2 Louse","floor":1.0,"turns":5.0},{"damage":6.0,"enemies":"Cultist","floor":4.0,"turns":3.0},{"damage":9.0,"enemies":"Gremlin Nob","floor":6.0,"turns":3.0},{"damage":0.0,"enemies":"Jaw Worm","floor":8.0,"turns":3.0},{"damage":28.0,"enemies":"Lagavulin","floor":10.0,"turns":9.0},{"damage":5.0,"enemies":"Large Slime","floor":11.0,"turns":5.0},{"damage":26.0,"enemies":"Gremlin Nob","floor":13.0,"turns":4.0},{"damage":34.0,"enemies":"Hexaghost","floor":16.0,"turns":10.0},{"damage":6.0,"enemies":"Chosen","floor":18.0,"turns":3.0},{"damage":18.0,"enemies":"2 Thieves","floor":21.0,"turns":3.0},{"damage":15.0,"enemies":"Centurion and Healer","floor":22.0,"turns":7.0},{"damage":24.0,"enemies":"Book of Stabbing","floor":23.0,"turns":4.0},{"damage":9.0,"enemies":"Snake Plant","floor":24.0,"turns":4.0},{"damage":3.0,"enemies":"Gremlin Leader","floor":25.0,"turns":2.0},{"damage":26.0,"enemies":"Book of Stabbing","floor":28.0,"turns":5.0},{"damage":9.0,"enemies":"3 Cultists","floor":29.0,"turns":2.0},{"damage":0.0,"enemies":"Centurion and Healer","floor":31.0,"turns":4.0},{"damage":24.0,"enemies":"Collector","floor":33.0,"turns":6.0},{"damage":6.0,"enemies":"3 Shapes","floor":35.0,"turns":2.0},{"damage":10.0,"enemies":"3 Darklings","floor":38.0,"turns":4.0},{"damage":0.0,"enemies":"Sphere and 2 Shapes","floor":39.0,"turns":2.0},{"damage":12.0,"enemies":"Giant Head","floor":41.0,"turns":3.0},{"damage":22.0,"enemies":"Nemesis","floor":45.0,"turns":7.0},{"damage":8.0,"enemies":"Maw","floor":46.0,"turns":4.0},{"damage":8.0,"enemies":"3 Darklings","floor":47.0,"turns":3.0},{"damage":11.0,"enemies":"Writhing Mass","floor":48.0,"turns":3.0},{"damage":87,"enemies":"Time Eater","floor":50,"turns":8}],"seed_played":"8970608623332130621","potions_obtained":[{"floor":4.0,"key":"AttackPotion"},{"floor":10.0,"key":"SmokeBomb"},{"floor":11.0,"key":"BloodPotion"},{"floor":16.0,"key":"Strength Potion"},{"floor":18.0,"key":"Swift Potion"},{"floor":29.0,"key":"AttackPotion"},{"floor":31.0,"key":"SteroidPotion"}],"is_trial":false,"path_per_floor":["M","?","?","M","$","E","R","M","T","E","M","R","E","?","R","B",null,"M","?","$","M","M","E","M","E","T","R","E","M","$","M","R","B",null,"M","?","?","M","M","R","E","R","T","?","E","M","M","M","R","B"],"character_chosen":"IRONCLAD","items_purchased":["Dramatic Entrance","Seeing Red","Chemical X"],"campfire_rested":1,"item_purchase_floors":[20,20,30],"current_hp_per_floor":[51,28,28,28,28,25,47,53,53,31,32,32,12,12,12,38,66,72,72,72,66,63,51,56,65,65,77,65,72,72,81,81,69,78,83,79,79,79,81,81,83,83,83,83,73,79,85,87,87,0,0],"gold":281,"neow_bonus":"ONE_RARE_RELIC","is_daily":false,"chose_seed":false,"campfire_upgraded":6,"win_rate":0.0,"timestamp":1613434642,"path_taken":["M","?","?","?","$","E","R","M","T","E","M","R","E","?","R","BOSS","M","?","$","M","M","E","M","E","T","R","E","?","?","M","R","BOSS","M","?","?","M","M","R","E","R","T","?","E","M","M","?","R","BOSS"],"items_purchased_type":["Card","Card","Relic"],"build_version":"2020-12-22","purchased_purges":1,"victory":false,"max_hp_per_floor":[75,75,75,75,75,75,75,75,75,75,75,75,75,75,75,75,75,75,75,75,75,75,75,77,77,77,77,79,81,81,81,81,81,81,83,79,79,79,81,81,83,83,83,83,83,83,85,87,87,87,87],"card_choices":[{"not_picked":["Clothesline","Dropkick"],"picked":"Cleave","floor":1.0},{"not_picked":["Hemokinesis","Sword Boomerang","Spot Weakness"],"picked":"SKIP","floor":4.0},{"not_picked":["Pommel Strike","Twin Strike"],"picked":"Fire Breathing","floor":6.0},{"not_picked":["Second Wind","Wild Strike"],"picked":"Ghostly Armor","floor":8.0},{"not_picked":["Perfected Strike","Pommel Strike"],"picked":"Fiend Fire","floor":10.0},{"not_picked":["Anger","Searing Blow"],"picked":"Power Through","floor":11.0},{"not_picked":["Rage","Searing Blow","Pommel Strike"],"picked":"SKIP","floor":13.0},{"not_picked":["Fiend Fire","Limit Break"],"picked":"Berserk+1","floor":16.0},{"not_picked":["Body Slam","Spot Weakness"],"picked":"Shrug It Off+1","floor":18.0},{"not_picked":["Intimidate","Headbutt","Shockwave"],"picked":"SKIP","floor":21.0},{"not_picked":["Anger","Rage"],"picked":"Second Wind","floor":22.0},{"not_picked":["True Grit+1","Combust+1"],"picked":"Corruption+1","floor":23.0},{"not_picked":["Body Slam","Heavy Blade","Wild Strike"],"picked":"Singing Bowl","floor":24.0},{"not_picked":["Immolate","Thunderclap"],"picked":"Iron Wave+1","floor":25.0},{"not_picked":["Combust+1","Blood for Blood","Dropkick"],"picked":"Singing Bowl","floor":28.0},{"not_picked":["Pommel Strike","Infernal Blade","Body Slam"],"picked":"Singing Bowl","floor":29.0},{"not_picked":["Heavy Blade","Spot Weakness"],"picked":"Bloodletting+1","floor":31.0},{"not_picked":["Immolate","Exhume"],"picked":"Corruption+1","floor":33.0},{"not_picked":["Rampage","Fire Breathing+1","Reckless Charge"],"picked":"Singing Bowl","floor":35.0},{"not_picked":["True Grit","Armaments"],"picked":"Shrug It Off","floor":38.0},{"not_picked":["Thunderclap","Dual Wield","Anger"],"picked":"Singing Bowl","floor":39.0},{"not_picked":["Rage","Thunderclap","Spot Weakness"],"picked":"Singing Bowl","floor":41.0},{"not_picked":["Flex+1","Cleave"],"picked":"Barricade+1","floor":45.0},{"not_picked":["Armaments","Clash+1"],"picked":"Shrug It Off","floor":46.0},{"not_picked":["Hemokinesis","Havoc","Iron Wave"],"picked":"Singing Bowl","floor":47.0},{"not_picked":["Body Slam","Cleave","Uppercut"],"picked":"Singing Bowl","floor":48.0}],"player_experience":142982,"relics_obtained":[{"floor":6.0,"key":"Lizard Tail"},{"floor":9.0,"key":"Frozen Egg 2"},{"floor":10.0,"key":"Gremlin Horn"},{"floor":13.0,"key":"Unceasing Top"},{"floor":23.0,"key":"Singing Bowl"},{"floor":25.0,"key":"Eternal Feather"},{"floor":28.0,"key":"Blood Vial"},{"floor":41.0,"key":"War Paint"},{"floor":43.0,"key":"Self Forming Clay"},{"floor":45.0,"key":"Pen Nib"}],"event_choices":[{"damage_healed":0.0,"max_hp_gain":0.0,"max_hp_loss":0.0,"gold_gain":0.0,"event_name":"Shining Light","player_choice":"Entered Light","floor":2.0,"gold_loss":0.0,"damage_taken":23.0,"cards_upgraded":["Strike_R","Defend_R"]},{"damage_healed":0.0,"max_hp_gain":0.0,"max_hp_loss":0.0,"gold_gain":0.0,"event_name":"Match and Keep!","player_choice":"1 cards matched","floor":3.0,"gold_loss":0.0,"damage_taken":0.0,"cards_obtained":["Offering"]},{"cards_removed":["Strike_R"],"damage_healed":0.0,"max_hp_gain":0.0,"max_hp_loss":0.0,"gold_gain":0.0,"event_name":"The Cleric","player_choice":"Card Removal","floor":14.0,"gold_loss":75.0,"damage_taken":0.0},{"damage_healed":0.0,"max_hp_gain":0.0,"max_hp_loss":0.0,"gold_gain":0.0,"event_name":"Duplicator","player_choice":"Copied","floor":19.0,"gold_loss":0.0,"damage_taken":0.0,"cards_obtained":["Berserk"]},{"damage_healed":0.0,"max_hp_gain":0.0,"max_hp_loss":4.0,"gold_gain":0.0,"event_name":"Winding Halls","player_choice":"Max HP","floor":36.0,"gold_loss":0.0,"damage_taken":0.0},{"cards_removed":["Bash"],"damage_healed":0.0,"max_hp_gain":0.0,"max_hp_loss":0.0,"gold_gain":0.0,"event_name":"Falling","player_choice":"Removed Attack","floor":37.0,"gold_loss":0.0,"damage_taken":0.0},{"damage_healed":0.0,"max_hp_gain":0.0,"max_hp_loss":0.0,"gold_gain":0.0,"cards_transformed":["Strike_R"],"event_name":"Transmorgrifier","player_choice":"Transformed","floor":44.0,"gold_loss":0.0,"damage_taken":0.0,"cards_obtained":["Shrug It Off"]}],"is_beta":false,"boss_relics":[{"not_picked":["Runic Cube","SacredBark"],"picked":"Black Blood"},{"not_picked":["Calling Bell","Mark of Pain"],"picked":"Sozu"}],"items_purged_floors":[5],"is_endless":false,"potions_floor_spawned":[4,10,11,16,18,22,29,31,33,38,41,45,48],"killed_by":"Time Eater","ascension_level":18}}