{"host":"wshey5htrz8rni6u","time":1613462135,"event":{"mods":["2.2 Compatiblity","BaseMod","Block Reminder","Colored Map","Colored Powertips","Current Relic Mod","Curses Come First","Dark Map","Key Reminder","Keyboard Shortcuts","Minty Spire (QoL Compilation)","Potion Indicator Mod","Quick Restart","Random Character Button","Relic Sorter","Relic Stats","StSLib","SuperFastMode","Twitch Utils","Unceasing Turn Reminder","Weighted Paths","everything is the same but u backflip on backflip"],"gold_per_floor":[114,125,200,220,235,235,255,255,255,272,297,69,96,108,108,207,207,222,44,58,72,72,102,102,102,102],"floor_reached":25,"language":"ENG","playtime":2074,"items_purged":["Strike_P","Strike_P"],"score":260,"play_id":"6818bbc5-1f4b-4a5d-9bf1-d6ee008a24fa","local_time":"20210215235535","is_ascension_mode":false,"campfire_choices":[{"floor":6,"key":"REST"},{"floor":15,"key":"REST"},{"floor":24,"key":"REST"}],"circlet_count":0,"master_deck":["Strike_P","Defend_P","Defend_P","Defend_P","Defend_P","Eruption+1","Vigilance","PathToVictory","Meditate","ConjureBlade+1","PathToVictory","InnerPeace","Halt","Meditate","InnerPeace","PathToVictory+1","LessonLearned","LikeWater","InnerPeace","EmptyFist+1","DeceiveReality","Perseverance+1"],"relics":["PureWater","NeowsBlessing","HornCleat","Shuriken","Medical Kit","InkBottle","SlaversCollar","Ancient Tea Set","keyreminder:keyreminder"],"acts_visited":["Exordium","TheCity"],"potions_floor_usage":[13,14,21,23,23,25],"damage_taken":[{"damage":0,"enemies":"Jaw Worm","floor":1,"turns":1},{"damage":0,"enemies":"2 Louse","floor":2,"turns":1},{"damage":0,"enemies":"Small Slimes","floor":4,"turns":2},{"damage":32,"enemies":"Gremlin Gang","floor":5,"turns":6},{"damage":8,"enemies":"Lots of Slimes","floor":7,"turns":5},{"damage":6,"enemies":"Exordium Thugs","floor":10,"turns":5},{"damage":0,"enemies":"Lagavulin","floor":11,"turns":3},{"damage":19,"enemies":"3 Sentries","floor":13,"turns":12},{"damage":0,"enemies":"2 Fungi Beasts","floor":14,"turns":2},{"damage":23,"enemies":"Hexaghost","floor":16,"turns":9},{"damage":2,"enemies":"Chosen","floor":18,"turns":3},{"damage":18,"enemies":"2 Thieves","floor":20,"turns":5},{"damage":65,"enemies":"Chosen and Byrds","floor":21,"turns":9},{"damage":11,"enemies":"Gremlin Leader","floor":23,"turns":7},{"damage":39,"enemies":"3 Cultists","floor":25,"turns":6}],"seed_played":"-5513950980385147797","potions_obtained":[{"floor":2,"key":"EssenceOfSteel"},{"floor":5,"key":"DuplicationPotion"},{"floor":14,"key":"FairyPotion"},{"floor":16,"key":"AttackPotion"},{"floor":21,"key":"EntropicBrew"}],"is_trial":false,"path_per_floor":["M","M","?","M","M","R","M","?","T","M","E","$","E","M","R","B",null,"M","$","M","M","?","E","R","M"],"character_chosen":"WATCHER","items_purchased":["Medical Kit","LikeWater"],"campfire_rested":3,"item_purchase_floors":[12,19],"current_hp_per_floor":[72,72,61,61,29,50,42,35,35,29,29,29,10,10,31,8,72,70,70,52,21,21,10,31,0,0],"gold":102,"neow_bonus":"THREE_ENEMY_KILL","is_daily":false,"chose_seed":false,"campfire_upgraded":0,"win_rate":0.0,"timestamp":1613462135,"path_taken":["M","M","?","M","M","R","M","?","T","M","E","$","E","M","R","BOSS","M","$","M","M","?","E","R","M"],"items_purchased_type":["Relic","Card"],"build_version":"2020-12-13","purchased_purges":2,"victory":false,"max_hp_per_floor":[72,72,72,72,72,72,72,72,72,72,72,72,72,72,72,72,72,72,72,72,72,72,72,72,72,72],"relic_stats":{"counters":[15,76],"Shuriken":[1],"Medical Kit":[11],"obtain_stats":[{"keyreminder:keyreminder":23,"SlaversCollar":17,"HornCleat":9,"NeowsBlessing":0,"Shuriken":11,"PureWater":0,"Medical Kit":12,"Ancient Tea Set":23,"InkBottle":13},{"keyreminder:keyreminder":14,"SlaversCollar":10,"HornCleat":5,"NeowsBlessing":0,"Shuriken":7,"PureWater":0,"Medical Kit":7,"Ancient Tea Set":14,"InkBottle":8},{"keyreminder:keyreminder":70,"SlaversCollar":46,"HornCleat":15,"NeowsBlessing":0,"Shuriken":23,"PureWater":0,"Medical Kit":23,"Ancient Tea Set":70,"InkBottle":35}],"InkBottle":[15]},"card_choices":[{"not_picked":["JustLucky","Crescendo"],"picked":"PathToVictory","floor":1},{"not_picked":["FlurryOfBlows","FlyingSleeves"],"picked":"Meditate","floor":2},{"not_picked":["EmptyBody","FollowUp"],"picked":"ConjureBlade","floor":4},{"not_picked":["BowlingBash","ThirdEye"],"picked":"PathToVictory","floor":5},{"not_picked":["ClearTheMind","Tantrum"],"picked":"InnerPeace","floor":7},{"not_picked":["FlurryOfBlows","SashWhip"],"picked":"Halt","floor":10},{"not_picked":["Study","Vengeance"],"picked":"Meditate","floor":11},{"not_picked":["Tantrum","WreathOfFlame"],"picked":"InnerPeace","floor":13},{"not_picked":["Crescendo","Halt"],"picked":"PathToVictory","floor":14},{"not_picked":["Brilliance","Scrawl"],"picked":"LessonLearned","floor":16},{"not_picked":["FlyingSleeves","Conclude","CrushJoints+1"],"picked":"SKIP","floor":18},{"not_picked":["JustLucky","Swivel"],"picked":"InnerPeace","floor":20},{"not_picked":["FlyingSleeves+1","ClearTheMind+1"],"picked":"EmptyFist+1","floor":21},{"not_picked":["ThirdEye+1","Pray+1"],"picked":"Perseverance+1","floor":23}],"player_experience":66933,"relics_obtained":[{"floor":9,"key":"HornCleat"},{"floor":11,"key":"Shuriken"},{"floor":13,"key":"InkBottle"},{"floor":23,"key":"Ancient Tea Set"}],"event_choices":[{"damage_healed":0,"gold_gain":75,"player_choice":"Gather Gold","damage_taken":11,"max_hp_gain":0,"max_hp_loss":0,"event_name":"World of Goop","floor":3,"gold_loss":0},{"cards_removed":["Strike_P"],"damage_healed":0,"gold_gain":0,"player_choice":"Card Removal","damage_taken":7,"max_hp_gain":0,"max_hp_loss":0,"event_name":"Golden Wing","floor":8,"gold_loss":0},{"damage_healed":0,"gold_gain":0,"player_choice":"1 cards matched","damage_taken":0,"max_hp_gain":0,"max_hp_loss":0,"event_name":"Match and Keep!","floor":22,"gold_loss":0,"cards_obtained":["DeceiveReality"]}],"is_beta":false,"boss_relics":[{"not_picked":["Calling Bell","Velvet Choker"],"picked":"SlaversCollar"}],"items_purged_floors":[12,19],"is_endless":false,"potions_floor_spawned":[2,5,14,16,21],"killed_by":"3 Cultists","ascension_level":0}}