{"host":"xr2w6q7a088fu8w2","time":1613476941,"event":{"mods":["AchievementEnabler","BaseMod","Colored Powertips","Minty Spire (QoL Compilation)","MostiFishMod","Relic Filter Mod","Reliquary","StSLib"],"gold_per_floor":[114,130,146,160,85,111,111,141,191,191,47,47,63,82,82,184,184,195,79,95,111,31,31,50,60,60,80,99,115,132,32,32,134,134,153,153,33,47,57,57,57,68,68,68,116,116,143,173,173,173],"floor_reached":51,"language":"ZHS","playtime":1723,"items_purged":["Defend_G","Defend_G","Defend_G","Defend_G"],"score":892,"play_id":"8369fe43-310e-4966-9a75-c74c1f7996cc","local_time":"20210216200221","is_ascension_mode":true,"campfire_choices":[{"data":"Neutralize","floor":7,"key":"SMITH"},{"floor":10,"key":"REST"},{"data":"Skewer","floor":15,"key":"SMITH"},{"data":"Deflect","floor":23,"key":"SMITH"},{"data":"Die Die Die","floor":32,"key":"SMITH"},{"data":"MostiFishMod:Kaleido","floor":40,"key":"SMITH"},{"floor":46,"key":"RECALL"},{"floor":49,"key":"REST"}],"circlet_count":0,"master_deck":["Strike_G+1","Strike_G+1","Strike_G+1","Strike_G+1","Strike_G+1","Defend_G+1","Survivor+1","Neutralize+1","Quick Slash+1","Endless Agony+1","Dash+1","Skewer+1","Flying Knee+1","Poisoned Stab+1","Deflect+1","Die Die Die+1","Backstab+1","Sucker Punch+1","Endless Agony+1","MostiFishMod:GrandStart+1","Deflect+1","MostiFishMod:Kaleido+1"],"relics":["Ring of the Snake","DaveBox","ImprovedEquipment","SynthV:TestCard","Strawberry","The Courier","Pen Nib","Vajra","FeatherPendant","Ancient Tea Set","HornCleat","RhineSuit","Mark of the Bloom","Lizard Tail","Unceasing Top","MealTicket"],"acts_visited":["Exordium","TheCity","TheBeyond"],"potions_floor_usage":[4,16,16,29,33,33,45,48,50,50,50],"damage_taken":[{"damage":0,"enemies":"Cultist","floor":1,"turns":5},{"damage":0,"enemies":"Jaw Worm","floor":2,"turns":5},{"damage":0,"enemies":"2 Louse","floor":3,"turns":2},{"damage":0,"enemies":"Looter","floor":4,"turns":3},{"damage":23,"enemies":"Lagavulin","floor":6,"turns":13},{"damage":21,"enemies":"3 Sentries","floor":8,"turns":7},{"damage":5,"enemies":"Exordium Thugs","floor":13,"turns":3},{"damage":0,"enemies":"Blue Slaver","floor":14,"turns":2},{"damage":17,"enemies":"The Guardian","floor":16,"turns":8},{"damage":11,"enemies":"2 Thieves","floor":18,"turns":3},{"damage":0,"enemies":"Chosen","floor":20,"turns":2},{"damage":0,"enemies":"Snecko","floor":21,"turns":1},{"damage":0,"enemies":"Snake Plant","floor":24,"turns":2},{"damage":0,"enemies":"Cultist and Chosen","floor":25,"turns":2},{"damage":0,"enemies":"Centurion and Healer","floor":27,"turns":1},{"damage":0,"enemies":"Snecko","floor":28,"turns":2},{"damage":0,"enemies":"Cultist and Chosen","floor":29,"turns":1},{"damage":0,"enemies":"3 Cultists","floor":30,"turns":2},{"damage":0,"enemies":"Collector","floor":33,"turns":2},{"damage":0,"enemies":"Orb Walker","floor":35,"turns":1},{"damage":0,"enemies":"3 Shapes","floor":38,"turns":1},{"damage":0,"enemies":"Transient","floor":39,"turns":5},{"damage":2,"enemies":"4 Shapes","floor":42,"turns":1},{"damage":0,"enemies":"2 Orb Walkers","floor":45,"turns":1},{"damage":0,"enemies":"Reptomancer","floor":48,"turns":2},{"damage":13,"enemies":"Time Eater","floor":50,"turns":6}],"seed_played":"5161190507658560806","potions_obtained":[{"floor":2,"key":"LiquidMemories"},{"floor":3,"key":"SkillPotion"},{"floor":4,"key":"Fruit Juice"},{"floor":18,"key":"AttackPotion"},{"floor":24,"key":"FearPotion"},{"floor":28,"key":"Weak Potion"},{"floor":30,"key":"Poison Potion"},{"floor":33,"key":"DuplicationPotion"},{"floor":39,"key":"SteroidPotion"},{"floor":45,"key":"GamblersBrew"},{"floor":48,"key":"Regen Potion"}],"is_trial":false,"path_per_floor":["M","M","M","M","$","E","R","E","T","R","$","?","M","M","R","B",null,"M","$","M","M","$","R","M","M","T","M","M","M","M","$","R","B",null,"M","?","$","M","M","R","?","M","T","$","?","R","T","E","R","B",null],"character_chosen":"THE_SILENT","items_purchased":["Poisoned Stab","Vajra","Ancient Tea Set"],"campfire_rested":2,"item_purchase_floors":[11,11,19],"current_hp_per_floor":[77,77,77,82,82,66,66,45,45,71,71,71,66,66,66,49,89,78,78,78,78,78,78,78,78,78,78,78,78,78,78,78,78,89,89,89,89,89,89,89,89,87,87,87,87,87,87,87,87,74],"gold":173,"neow_bonus":"TEN_PERCENT_HP_BONUS","is_daily":false,"chose_seed":false,"campfire_upgraded":5,"win_rate":0.0,"timestamp":1613476941,"path_taken":["M","M","M","M","$","E","R","E","T","R","$","?","M","M","R","BOSS","M","?","M","M","?","R","?","M","T","M","M","?","M","$","R","BOSS","M","?","$","M","M","R","?","M","T","$","?","R","?","E","R","BOSS"],"items_purchased_type":["Card","Relic","Relic"],"build_version":"2020-12-22","purchased_purges":4,"victory":true,"max_hp_per_floor":[77,77,77,82,82,89,89,89,89,89,89,89,89,89,89,89,89,89,89,89,89,89,89,89,89,89,89,89,89,89,89,89,89,89,89,89,89,89,89,89,89,89,89,89,89,89,89,89,89,89],"card_choices":[{"not_picked":["Deadly Poison","Reflex"],"picked":"Quick Slash","floor":1},{"not_picked":["Blur","Bane","MostiFishMod:PoisonShield","Deflect"],"picked":"Endless Agony","floor":2},{"not_picked":["Riddle With Holes","Dagger Throw","MostiFishMod:PerfectParry","Escape Plan"],"picked":"Dash","floor":3},{"not_picked":["Dagger Spray","Underhanded Strike","Escape Plan","Deflect"],"picked":"Skewer","floor":4},{"not_picked":["Acrobatics","Crippling Poison","Reflex","Dash","Deadly Poison"],"picked":"SKIP","floor":6},{"not_picked":["Escape Plan","MostiFishMod:PerfectParry","Underhanded Strike","Outmaneuver"],"picked":"Flying Knee","floor":8},{"not_picked":["Predator","MostiFishMod:Opportunism","Eviscerate","Blade Dance","Leg Sweep"],"picked":"SKIP","floor":13},{"not_picked":["Calculated Gamble","Distraction","Quick Slash","Terror"],"picked":"Deflect","floor":14},{"not_picked":["MostiFishMod:Wind","Doppelganger","Grand Finale","Tools of the Trade"],"picked":"Die Die Die","floor":16},{"not_picked":["Caltrops+1","All Out Attack+1","Prepared+1","MostiFishMod:PerfectParry"],"picked":"Backstab+1","floor":18},{"not_picked":["Backflip+1","MostiFishMod:InvigoratingSolution","Deadly Poison","Blade Dance"],"picked":"Sucker Punch","floor":20},{"not_picked":["Flechettes","Backflip","Blade Dance","Cloak And Dagger","Noxious Fumes"],"picked":"SKIP","floor":21},{"not_picked":["Slice","Calculated Gamble+1","Deadly Poison","Noxious Fumes+1"],"picked":"Endless Agony+1","floor":24},{"not_picked":["Concentrate","Deadly Poison+1","Dagger Spray","Tools of the Trade","Blade Dance"],"picked":"SKIP","floor":25},{"not_picked":["MostiFishMod:PoisonShield","MostiFishMod:VineMother","Noxious Fumes","MostiFishMod:FrostNova+1","Blade Dance"],"picked":"SKIP","floor":27},{"not_picked":["Skewer","Underhanded Strike","Sucker Punch","PiercingWail","Tactician"],"picked":"SKIP","floor":28},{"not_picked":["Dash","Escape Plan","Predator","Bouncing Flask+1","Underhanded Strike+1"],"picked":"SKIP","floor":29},{"not_picked":["Well Laid Plans","PiercingWail+1","Acrobatics","Deadly Poison","Dodge and Roll"],"picked":"SKIP","floor":30},{"not_picked":["MostiFishMod:FullyArmed","Venomology","MostiFishMod:SpreadingSpore","MostiFishMod:Neurotoxin"],"picked":"MostiFishMod:GrandStart","floor":33},{"not_picked":["All Out Attack","Flying Knee+1","Masterful Stab+1","Quick Slash+1"],"picked":"Deflect+1","floor":35},{"not_picked":["Mind Blast","Enlightenment","Dramatic Entrance","Flash of Steel"],"picked":"MostiFishMod:Kaleido","floor":36},{"not_picked":["Footwork","Dodge and Roll","Terror","Dagger Throw+1","All Out Attack+1"],"picked":"SKIP","floor":38},{"not_picked":["Crippling Poison","Setup","Quick Slash+1","Outmaneuver+1","Deadly Poison"],"picked":"SKIP","floor":39},{"not_picked":["MostiFishMod:PerfectParry","Poisoned Stab","Blade Dance+1","Outmaneuver+1","Choke+1"],"picked":"SKIP","floor":42},{"not_picked":["MostiFishMod:Listen","Eviscerate","Deadly Poison","Bouncing Flask+1","Blade Dance+1"],"picked":"SKIP","floor":48}],"player_experience":93099,"relics_obtained":[{"floor":1,"key":"SynthV:TestCard"},{"floor":6,"key":"Strawberry"},{"floor":8,"key":"The Courier"},{"floor":9,"key":"Pen Nib"},{"floor":26,"key":"HornCleat"},{"floor":43,"key":"Lizard Tail"},{"floor":45,"key":"Unceasing Top"},{"floor":48,"key":"MealTicket"}],"event_choices":[{"damage_healed":0,"gold_gain":0,"player_choice":"Forge","damage_taken":0,"max_hp_gain":0,"max_hp_loss":0,"event_name":"Accursed Blacksmith","floor":12,"gold_loss":0,"cards_upgraded":["Poisoned Stab"]},{"damage_healed":0,"gold_gain":0,"player_choice":"Memory 1","damage_taken":0,"max_hp_gain":0,"max_hp_loss":0,"event_name":"SensoryStone","floor":36,"gold_loss":0},{"damage_healed":0,"gold_gain":0,"player_choice":"Upgrade","damage_taken":0,"relics_obtained":["Mark of the Bloom"],"max_hp_gain":0,"max_hp_loss":0,"event_name":"MindBloom","floor":41,"gold_loss":0,"cards_upgraded":["Strike_G","Strike_G","Strike_G","Strike_G","Strike_G","Defend_G","Survivor","Quick Slash","Endless Agony","Dash","Flying Knee","Sucker Punch","MostiFishMod:GrandStart"]},{"damage_healed":0,"gold_gain":0,"player_choice":"Fight","damage_taken":0,"max_hp_gain":0,"max_hp_loss":0,"event_name":"Mysterious Sphere","floor":45,"gold_loss":0}],"is_beta":false,"boss_relics":[{"not_picked":["Velvet Choker","WristBlade"],"picked":"FeatherPendant"},{"not_picked":["HoveringKite","Philosopher\u0027s Stone"],"picked":"RhineSuit"}],"items_purged_floors":[5,22,31,37],"is_endless":false,"potions_floor_spawned":[2,3,4,18,24,28,30,33,39,45,48],"ascension_level":2}}