{"host":"61r95uy0hn86b9iu","time":1613437144,"event":{"mods":["AchievementEnabler","BaseMod","Better Vampires","BetterRewards","Colored Powertips","Hubris","Minty Spire (QoL Compilation)","Shop Mod","StSLib"],"gold_per_floor":[109,184,184,195,18,18,18,34,34,53,53,82,82,27,27,105,105,125,125,38,38,52,52,63,63,63],"floor_reached":25,"language":"ENG","playtime":681,"items_purged":["Strike_B","Pain"],"score":583,"play_id":"3e9bfea4-8278-4a60-b16b-cacf29975e6c","local_time":"20210215185904","is_ascension_mode":true,"campfire_choices":[{"floor":7.0,"key":"REST"},{"floor":11,"key":"REST"},{"floor":13,"key":"REST"},{"floor":15,"key":"REST"},{"floor":23,"key":"REST"}],"circlet_count":0,"master_deck":["AscendersBane","Strike_B","Strike_B","Strike_B","Defend_B","Defend_B","Defend_B","Defend_B","Zap","Dualcast","Barrage","Defragment","White Noise","Conserve Battery","Echo Form","Melter","FTL","Buffer"],"relics":["Cracked Core","hubris:EmptyBottle","WingedGreaves","WarpedTongs","hubris:Towel","hubris:SoftwareUpdate","TungstenRod","Inserter"],"acts_visited":["Exordium","TheCity"],"potions_floor_usage":[12,16,16,18,25,25],"damage_taken":[{"damage":3.0,"enemies":"Jaw Worm","floor":1.0,"turns":4.0},{"damage":2.0,"enemies":"2 Louse","floor":4.0,"turns":2.0},{"damage":0.0,"enemies":"Cultist","floor":8.0,"turns":3.0},{"damage":29,"enemies":"3 Louse","floor":10,"turns":4},{"damage":35,"enemies":"3 Sentries","floor":12,"turns":6},{"damage":14,"enemies":"The Guardian","floor":16,"turns":9},{"damage":52,"enemies":"Chosen","floor":18,"turns":6},{"damage":17,"enemies":"3 Byrds","floor":22,"turns":5},{"damage":28,"enemies":"Centurion and Healer","floor":24,"turns":5},{"damage":43,"enemies":"Book of Stabbing","floor":25,"turns":4}],"seed_played":"1223513490942128961","potions_obtained":[{"floor":1.0,"key":"Regen Potion"},{"floor":12,"key":"Ancient Potion"},{"floor":22,"key":"FearPotion"},{"floor":24,"key":"Strength Potion"}],"is_trial":false,"path_per_floor":["M","?","?","M","$","?","R","M","T","M","R","E","R","$","R","B",null,"M","?","$","?","M","R","M","E"],"character_chosen":"DEFECT","items_purchased":["hubris:EmptyBottle","Hello World","Defragment","FocusPotion","Melter"],"campfire_rested":5,"item_purchase_floors":[0,0,5,14,20],"current_hp_per_floor":[47,36,36,34,34,34,55,55,55,26,47,27,48,48,69,55,67,15,15,15,71,54,71,43,0,0],"gold":63,"neow_bonus":"","is_daily":false,"chose_seed":false,"campfire_upgraded":0,"win_rate":0.0,"timestamp":1613437144,"path_taken":["M","?","?","?","$","?","R","M","T","M","R","E","R","$","R","BOSS","M","?","$","?","?","R","M","E"],"items_purchased_type":["Relic","Card","Card","Potion","Card"],"build_version":"2020-12-22","purchased_purges":2,"victory":false,"max_hp_per_floor":[71,71,71,71,71,71,71,71,71,71,71,71,71,71,71,71,71,71,71,71,71,71,71,71,71,71],"card_choices":[{"not_picked":["Hologram","Beam Cell","Cold Snap"],"picked":"SKIP","floor":1.0},{"not_picked":["Stack","Coolheaded"],"picked":"Barrage","floor":4.0},{"not_picked":["Auto Shields","Ball Lightning"],"picked":"White Noise","floor":8.0},{"not_picked":["Coolheaded","Lockon"],"picked":"Conserve Battery","floor":10},{"not_picked":["Darkness","Ball Lightning","Steam"],"picked":"SKIP","floor":12},{"not_picked":["hubris:Prefetch","Fission"],"picked":"Echo Form","floor":16},{"not_picked":["Scrape","Ball Lightning","Streamline+1"],"picked":"SKIP","floor":18},{"not_picked":["White Noise","Beam Cell"],"picked":"FTL","floor":22},{"not_picked":["Force Field","Stack+1"],"picked":"Buffer","floor":24}],"player_experience":3347476,"relics_obtained":[{"floor":9,"key":"hubris:SoftwareUpdate"},{"floor":12,"key":"TungstenRod"}],"event_choices":[{"damage_healed":0.0,"max_hp_gain":0.0,"max_hp_loss":0.0,"gold_gain":75.0,"event_name":"World of Goop","player_choice":"Gather Gold","floor":2.0,"gold_loss":0.0,"damage_taken":11.0},{"damage_healed":0.0,"max_hp_gain":0.0,"max_hp_loss":0.0,"gold_gain":0.0,"event_name":"Accursed Blacksmith","player_choice":"Rummage","floor":3.0,"gold_loss":0.0,"damage_taken":0.0,"relics_obtained":["WarpedTongs"],"cards_obtained":["Pain"]},{"damage_healed":0,"gold_gain":0,"player_choice":"Ignored","damage_taken":0,"max_hp_gain":0,"max_hp_loss":0,"event_name":"Vampires","floor":19,"gold_loss":0},{"cards_removed":["Hello World"],"damage_healed":56,"gold_gain":0,"player_choice":"Offered Uncommon","damage_taken":0,"max_hp_gain":0,"max_hp_loss":0,"event_name":"Bonfire Elementals","floor":21,"gold_loss":0}],"is_beta":false,"boss_relics":[{"not_picked":["Coffee Dripper","Velvet Choker"],"picked":"Inserter"}],"items_purged_floors":[0,5],"is_endless":false,"potions_floor_spawned":[1,12,22,24],"killed_by":"Book of Stabbing","ascension_level":19}}