{"host":"06h77atpgiec8kbk","time":1613464681,"event":{"mods":["Act Like it!","Arknights","Aspiration","Bard","BaseMod","Bossed Relics","Colored Powertips","Downfall","Energized Spire","Hermit","Marisa£®ÏF”Í°°ƒß¿Ì…≥£©","Minty Spire (QoL Compilation)","Quick Restart","Reimu£®≤©¿ˆ¡È√Œ£©","Relic Stats","Reliquary","Replay The Spire","StSLib","The Construct","The Cursed","The Gatherer","The Hierophant","The Runesmith","[GremlinLeader]The Maniac"],"gold_per_floor":[114,114,114,114,114,39,39,68,82,113,138,158,158,10,24,56,56,153,153,169,268,143,163,163,163,197,197,197,216,245,245,279,294,294,398,398,417,417,437,135,135,168,168,194,241,61,96,118,128,140,140,140,140,140,140,174,174],"floor_reached":58,"language":"ZHS","playtime":3279,"items_purged":["bronze:Strike","ReplayTheSpireMod:Restless Dread","bronze:Strike","bronze:Defend"],"score":1265,"play_id":"9f12c7df-b01c-4cd2-9464-90e91d02ebcb","local_time":"20210216163801","is_ascension_mode":true,"campfire_choices":[{"floor":17.0,"key":"RECALL"},{"data":"bronze:BitShift","floor":25.0,"key":"SMITH"},{"data":"bronze:Assembly","floor":27.0,"key":"SMITH"},{"floor":34,"key":"DIG"},{"data":"bronze:Assembly","floor":43,"key":"SMITH"},{"data":"bronze:InfiniteLoop","floor":54,"key":"SMITH"}],"circlet_count":0,"master_deck":["bronze:Strike","bronze:Defend+1","bronze:Replicate","bronze:Goto+1","bronze:Backtrace+1","bronze:Branch","bronze:BronzeOrb","bronze:ChildClass","bronze:Assembly+1","bronze:Branch","bronze:OilSpill","bronze:Assembly+1","bronze:BitShift+1","bronze:BitShift+1","bronze:FunctionCard","bronze:SpaghettiCode+1","bronze:InfiniteLoop+1","bronze:OilSpill","bronze:Separator+1","bronze:Boost+1","bronze:Verify+1","bronze:Separator","bronze:Flail+1"],"relics":["energizedSpire:OgreHead","reliquary:PrincelyHelmet","ReplayTheSpireMod:CursedCoin","Incense Burner","reliquary:RedCape","aspiration:Stabinomicon","Shuriken","reliquary:Firecrackers","reliquary:Stiletto","reliquary:Knoch","Bottled Lightning","reliquary:Boomerang","aspiration:RitualDagger","War Paint","Garlic","Vajra","Mastiff:ReiMu","aspiration:Lifesprig","reliquary:RosewoodLute","reliquary:BoilingFlask"],"acts_visited":["Exordium","TheCity","TheBeyond","TheEnding"],"potions_floor_usage":[30,30],"damage_taken":[{"damage":0.0,"enemies":"ats:Genji","floor":1.0,"turns":4.0},{"damage":6.0,"enemies":"Replay:BlueRogue","floor":8.0,"turns":6.0},{"damage":0.0,"enemies":"Small Slimes","floor":9.0,"turns":3.0},{"damage":1.0,"enemies":"Gremlin Nob","floor":10.0,"turns":3.0},{"damage":0.0,"enemies":"2 Louse","floor":12.0,"turns":2.0},{"damage":0.0,"enemies":"Large Slime","floor":15.0,"turns":3.0},{"damage":4.0,"enemies":"Replay:BlueRogue","floor":16.0,"turns":4.0},{"damage":30.0,"enemies":"Hexaghost","floor":18.0,"turns":8.0},{"damage":0.0,"enemies":"Chosen","floor":20.0,"turns":3.0},{"damage":0.0,"enemies":"Shell Parasite","floor":23.0,"turns":2.0},{"damage":0.0,"enemies":"Replay:Snechameleon","floor":26.0,"turns":2.0},{"damage":0.0,"enemies":"Centurion and Healer","floor":29.0,"turns":3.0},{"damage":12,"enemies":"Slavers","floor":30,"turns":6},{"damage":0,"enemies":"Book of Stabbing","floor":32,"turns":2},{"damage":0,"enemies":"Snecko","floor":33,"turns":2},{"damage":6,"enemies":"Automaton","floor":35,"turns":7},{"damage":1,"enemies":"Orb Walker","floor":37,"turns":1},{"damage":12,"enemies":"3 Shapes","floor":39,"turns":2},{"damage":6,"enemies":"R_Hoarder","floor":42,"turns":2},{"damage":9,"enemies":"Reptomancer","floor":44,"turns":3},{"damage":9,"enemies":"R_Hoarder","floor":47,"turns":3},{"damage":3,"enemies":"Sphere and 2 Shapes","floor":49,"turns":1},{"damage":4,"enemies":"3 Darklings","floor":50,"turns":2},{"damage":25,"enemies":"Replay:Hell Engine","floor":52,"turns":4},{"damage":4,"enemies":"Shield and Spear","floor":56,"turns":2},{"damage":23,"enemies":"The Heart","floor":57,"turns":5}],"seed_played":"-8833158393520322830","potions_obtained":[{"floor":9.0,"key":"SkillPotion"},{"floor":10.0,"key":"ZuzhouPotion:ReiMu"},{"floor":15.0,"key":"LifebloodPotion"},{"floor":18.0,"key":"bronze:BuildAFunctionPotion"},{"floor":23.0,"key":"Dexterity Potion"},{"floor":29.0,"key":"CultistPotion"},{"floor":32,"key":"Languid Potion"},{"floor":35,"key":"BlessingOfTheForge"},{"floor":37,"key":"DuplicationPotion"},{"floor":48,"key":"Fire Potion"}],"is_trial":false,"path_per_floor":["M","?","?","PTL","PTL","$","?","E","M","E","T","M","?","$","M","E","R","B",null,"M","?","$","M","?","R","E","R","T","M","E","T","E","M","R","B",null,"M","$","M","$","?","E","R","E","T","$","E","?","M","M","R","B",null,"R","$","E","B",null],"character_chosen":"THE_AUTOMATON","items_purchased":["ReplayTheSpireMod:CursedCoin","bronze:OilSpill","bronze:Assembly","War Paint","bronze:Separator","aspiration:Lifesprig"],"campfire_rested":0,"item_purchase_floors":[14,14,14,40,46,46],"current_hp_per_floor":[70,75,75,75,75,75,75,69,69,68,68,68,68,68,68,64,64,34,75,75,75,75,75,59,59,59,59,59,59,47,47,47,47,47,41,75,74,74,62,62,62,56,56,47,47,47,38,20,17,13,35,10,75,75,75,71,48],"gold":174,"neow_bonus":"BOSS_RELIC","is_daily":false,"chose_seed":false,"campfire_upgraded":4,"win_rate":0.0,"timestamp":1613464681,"path_taken":["M","?","?","PTL","PTL","$","?","E","M","E","T","M","?","?","M","E","R","BOSS","M","?","$","M","?","R","E","R","T","M","E","?","E","M","R","BOSS","M","$","M","$","?","E","R","E","T","?","E","?","M","?","R","BOSS","R","$","E","BOSS"],"items_purchased_type":["Relic","Card","Card","Relic","Card","Relic"],"build_version":"2020-12-22","purchased_purges":4,"victory":true,"max_hp_per_floor":[70,75,75,75,75,75,75,75,75,75,75,75,75,75,75,75,75,75,75,75,75,75,75,75,75,75,75,75,75,75,75,75,75,75,75,75,75,75,75,75,75,75,75,75,75,75,75,75,75,75,75,75,75,75,75,75,75],"relic_stats":{"counters":[26,85],"Shuriken":[37],"War Paint":["bronze:Defend","bronze:SpaghettiCode"],"obtain_stats":[{"aspiration:Lifesprig":46,"bronze:BronzeCore":0,"reliquary:Boomerang":34,"reliquary:PrincelyHelmet":10,"ReplayTheSpireMod:CursedCoin":14,"reliquary:Firecrackers":28,"reliquary:BoilingFlask":56,"Vajra":44,"energizedSpire:OgreHead":0,"Incense Burner":16,"aspiration:Stabinomicon":24,"reliquary:RedCape":19,"War Paint":40,"reliquary:RosewoodLute":47,"Shuriken":26,"Mastiff:ReiMu":45,"reliquary:Stiletto":30,"Garlic":42,"reliquary:Knoch":31,"Bottled Lightning":32,"aspiration:RitualDagger":36},{"aspiration:Lifesprig":20,"bronze:BronzeCore":0,"reliquary:Boomerang":15,"reliquary:PrincelyHelmet":4,"ReplayTheSpireMod:CursedCoin":5,"reliquary:Firecrackers":11,"reliquary:BoilingFlask":25,"Vajra":20,"energizedSpire:OgreHead":0,"Incense Burner":7,"aspiration:Stabinomicon":10,"reliquary:RedCape":8,"War Paint":18,"reliquary:RosewoodLute":21,"Shuriken":11,"Mastiff:ReiMu":20,"reliquary:Stiletto":13,"Garlic":19,"reliquary:Knoch":13,"Bottled Lightning":14,"aspiration:RitualDagger":16},{"aspiration:Lifesprig":68,"bronze:BronzeCore":0,"reliquary:Boomerang":53,"reliquary:PrincelyHelmet":16,"ReplayTheSpireMod:CursedCoin":18,"reliquary:Firecrackers":40,"reliquary:BoilingFlask":80,"Vajra":68,"energizedSpire:OgreHead":0,"Incense Burner":25,"aspiration:Stabinomicon":38,"reliquary:RedCape":33,"War Paint":63,"reliquary:RosewoodLute":71,"Shuriken":40,"Mastiff:ReiMu":68,"reliquary:Stiletto":49,"Garlic":65,"reliquary:Knoch":49,"Bottled Lightning":51,"aspiration:RitualDagger":60}]},"card_choices":[{"not_picked":["bronze:Frontload","bronze:FineTuning","bronze:Refactor"],"picked":"SKIP","floor":1.0},{"not_picked":["bronze:Overload","bronze:ItsAFeature","bronze:Overheat"],"picked":"SKIP","floor":8.0},{"not_picked":["bronze:Constructor","bronze:Frontload"],"picked":"bronze:OilSpill","floor":9.0},{"not_picked":["bronze:DelayedGuard","bronze:Deprecate"],"picked":"bronze:Branch","floor":10.0},{"not_picked":["bronze:CutThrough","bronze:CloningBeam"],"picked":"bronze:BronzeOrb","floor":12.0},{"not_picked":["bronze:Deprecate","bronze:BitShift"],"picked":"bronze:Branch","floor":15.0},{"not_picked":["bronze:HyperBeam","bronze:Flail"],"picked":"bronze:OilSpill","floor":16.0},{"not_picked":["bronze:ThunderWave","bronze:CleanCode"],"picked":"bronze:Assembly","floor":18.0},{"not_picked":["bronze:Overload","bronze:Invalidate"],"picked":"bronze:BitShift+1","floor":20.0},{"not_picked":["bronze:Overload","bronze:Overheat"],"picked":"bronze:BitShift","floor":23.0},{"not_picked":["bronze:Overload","bronze:Invalidate","bronze:NullPointer+1"],"picked":"SKIP","floor":26.0},{"not_picked":["bronze:CutThrough","bronze:BugBarrage"],"picked":"bronze:Hardcode","floor":29.0},{"not_picked":["bronze:DelayedSlice","bronze:DelayedGuard","bronze:InfiniteBeams"],"picked":"SKIP","floor":30},{"not_picked":["bronze:Turbo","bronze:Deprecate"],"picked":"bronze:SpaghettiCode","floor":32},{"not_picked":["bronze:DelayedGuard","bronze:BuggyMess","bronze:Optimize+1"],"picked":"SKIP","floor":33},{"not_picked":["bronze:FindAndReplace","bronze:AlphaBuild"],"picked":"bronze:InfiniteLoop","floor":35},{"not_picked":["bronze:Optimize+1","bronze:Allocate+1"],"picked":"bronze:OilSpill","floor":37},{"not_picked":["bronze:WhirlingStrike+1","bronze:MaxOutput+1"],"picked":"bronze:Separator+1","floor":39},{"not_picked":["bronze:BugBarrage","bronze:DelayedSlice"],"picked":"bronze:Boost+1","floor":42},{"not_picked":["bronze:Shell","bronze:Invalidate+1"],"picked":"bronze:Verify","floor":44},{"not_picked":["bronze:Safeguard+1","bronze:Philosophize","bronze:Optimize"],"picked":"SKIP","floor":47},{"not_picked":["bronze:Iterate","bronze:Branch"],"picked":"bronze:Flail+1","floor":48},{"not_picked":["bronze:ChosenStrike+1","bronze:Allocate","bronze:ForLoop+1"],"picked":"SKIP","floor":49},{"not_picked":["bronze:Turbo+1","bronze:Deprecate","bronze:Shell"],"picked":"SKIP","floor":50},{"not_picked":["bronze:ChosenStrike","bronze:Return","bronze:GetLatest"],"picked":"SKIP","floor":56}],"player_experience":868122,"relics_obtained":[{"floor":10.0,"key":"reliquary:PrincelyHelmet"},{"floor":16.0,"key":"Incense Burner"},{"floor":24.0,"key":"aspiration:Stabinomicon"},{"floor":26.0,"key":"Shuriken"},{"floor":28.0,"key":"reliquary:Firecrackers"},{"floor":30,"key":"reliquary:Stiletto"},{"floor":31,"key":"reliquary:Knoch"},{"floor":32,"key":"Bottled Lightning"},{"floor":34,"key":"reliquary:Boomerang"},{"floor":42,"key":"Garlic"},{"floor":44,"key":"Vajra"},{"floor":45,"key":"Mastiff:ReiMu"},{"floor":47,"key":"reliquary:RosewoodLute"},{"floor":56,"key":"reliquary:BoilingFlask"}],"event_choices":[{"damage_healed":0.0,"max_hp_gain":5.0,"max_hp_loss":0.0,"gold_gain":0.0,"event_name":"Big Fish","player_choice":"Donut","floor":2.0,"gold_loss":0.0,"damage_taken":0.0},{"damage_healed":0.0,"max_hp_gain":0.0,"max_hp_loss":0.0,"gold_gain":0.0,"event_name":"Living Wall","player_choice":"Grow","floor":7.0,"gold_loss":0.0,"damage_taken":0.0,"cards_upgraded":["bronze:Goto"]},{"damage_healed":0.0,"max_hp_gain":0.0,"max_hp_loss":0.0,"gold_gain":99.0,"event_name":"Nest","player_choice":"Stole From Cult","floor":21.0,"gold_loss":0.0,"damage_taken":0.0},{"damage_healed":0.0,"max_hp_gain":0.0,"max_hp_loss":0.0,"gold_gain":0.0,"event_name":"Cursed Tome","player_choice":"Obtained Book","floor":24.0,"gold_loss":0.0,"damage_taken":16.0},{"cards_removed":["bronze:Defend"],"damage_healed":0,"gold_gain":0,"player_choice":"Purged","damage_taken":0,"max_hp_gain":0,"max_hp_loss":0,"event_name":"Purifier","floor":41,"gold_loss":0}],"is_beta":false,"boss_relics":[{"not_picked":["Coffee Dripper","Ring of Chaos"],"picked":"reliquary:RedCape"},{"not_picked":["energizedSpire:MagnifyingGlass","Runesmith:UraniumAnvil"],"picked":"aspiration:RitualDagger"}],"items_purged_floors":[6,14,22,40],"is_endless":false,"potions_floor_spawned":[9,10,15,18,23,29,32,35,37,44,50],"ascension_level":1}}