{"host":"w5thk1acqacem6ba","time":1613494929,"event":{"mods":["AchievementEnabler","BaseMod","Colored Map","KOR Keyword Fix","Minty Spire (QoL Compilation)","SuperFastMode"],"gold_per_floor":[118,43,63,63,63,63,80,80,80,98,111,124,124,142,142,247,247,265,33,51,51,64,64,83,83,109,109,127,226,226,241,241,336,336,354,374,374,374,374,374,399,399,423,423,423,440,37,49,49,49],"floor_reached":51,"language":"KOR","playtime":2741,"items_purged":["Strike_R","Clumsy"],"score":799,"play_id":"fb880f3e-6f9c-4f70-add4-69f3fe2ea15f","local_time":"20210217020209","is_ascension_mode":true,"campfire_choices":[{"data":"Wild Strike","floor":6.0,"key":"SMITH"},{"data":"Bash","floor":13.0,"key":"SMITH"},{"floor":15.0,"key":"REST"},{"data":"Evolve","floor":23.0,"key":"SMITH"},{"data":"Power Through","floor":27.0,"key":"SMITH"},{"data":"Second Wind","floor":30.0,"key":"SMITH"},{"floor":32.0,"key":"REST"},{"data":"Second Wind","floor":40.0,"key":"SMITH"},{"data":"Blood for Blood","floor":42.0,"key":"SMITH"},{"floor":44.0,"key":"REST"},{"floor":49.0,"key":"REST"}],"circlet_count":0,"master_deck":["Defend_R","Defend_R","Defend_R","Defend_R","Bash+1","Wild Strike+1","Disarm","Clash","Second Wind+1","Second Wind+1","Shrug It Off","Dropkick","Evolve+1","Blood for Blood+1","Power Through+1","Blood for Blood","Clash+1","Offering","Rage+1","Armaments+1","Decay","Battle Trance","Feel No Pain"],"relics":["Burning Blood","HornCleat","Cursed Key","Pen Nib","MutagenicStrength","Lantern","Astrolabe","Ornamental Fan","Orichalcum","Happy Flower","Strawberry"],"acts_visited":["Exordium","TheCity","TheBeyond"],"potions_floor_usage":[50],"damage_taken":[{"damage":1.0,"enemies":"Cultist","floor":1.0,"turns":3.0},{"damage":13.0,"enemies":"Jaw Worm","floor":3.0,"turns":4.0},{"damage":0.0,"enemies":"Small Slimes","floor":7.0,"turns":2.0},{"damage":14.0,"enemies":"Red Slaver","floor":10.0,"turns":3.0},{"damage":0.0,"enemies":"2 Fungi Beasts","floor":11.0,"turns":5.0},{"damage":21.0,"enemies":"Exordium Thugs","floor":12.0,"turns":6.0},{"damage":20.0,"enemies":"Large Slime","floor":14.0,"turns":5.0},{"damage":28.0,"enemies":"Hexaghost","floor":16.0,"turns":10.0},{"damage":9.0,"enemies":"Shell Parasite","floor":18.0,"turns":4.0},{"damage":12.0,"enemies":"2 Thieves","floor":20.0,"turns":4.0},{"damage":11.0,"enemies":"Snake Plant","floor":22.0,"turns":3.0},{"damage":4.0,"enemies":"Shelled Parasite and Fungi","floor":24.0,"turns":4.0},{"damage":6.0,"enemies":"Cultist and Chosen","floor":28.0,"turns":7.0},{"damage":9.0,"enemies":"Snake Plant","floor":31.0,"turns":5.0},{"damage":56.0,"enemies":"Collector","floor":33.0,"turns":8.0},{"damage":22.0,"enemies":"Orb Walker","floor":35.0,"turns":4.0},{"damage":25.0,"enemies":"3 Shapes","floor":36.0,"turns":7.0},{"damage":28.0,"enemies":"Nemesis","floor":41.0,"turns":9.0},{"damage":44.0,"enemies":"3 Darklings","floor":46.0,"turns":7.0},{"damage":7.0,"enemies":"Maw","floor":48.0,"turns":7.0},{"damage":28,"enemies":"Donu and Deca","floor":50,"turns":10}],"seed_played":"-6157116596779356836","potions_obtained":[{"floor":3.0,"key":"LiquidBronze"},{"floor":5.0,"key":"FairyPotion"},{"floor":5.0,"key":"Strength Potion"},{"floor":16.0,"key":"Block Potion"},{"floor":22.0,"key":"CultistPotion"},{"floor":33.0,"key":"BloodPotion"},{"floor":35.0,"key":"SteroidPotion"}],"is_trial":false,"path_per_floor":["M","$","M","?","?","R","M","?","T","M","M","M","R","M","R","B",null,"M","$","M","?","M","R","M","?","T","R","M","?","R","M","R","B",null,"M","M","?","?","?","R","E","R","T","R","?","M","$","M","R","B",null],"character_chosen":"IRONCLAD","items_purchased":["Evolve","Pen Nib","Happy Flower","Strawberry"],"campfire_rested":4,"item_purchase_floors":[19,19,47,47],"current_hp_per_floor":[80,80,73,73,73,73,79,79,79,71,77,62,62,48,72,50,73,70,70,64,64,59,59,61,61,61,61,61,61,61,58,80,30,68,52,49,49,49,49,49,27,27,27,51,51,13,20,19,43,21],"gold":49,"neow_bonus":"REMOVE_CARD","is_daily":false,"chose_seed":false,"campfire_upgraded":7,"win_rate":0.0,"timestamp":1613494929,"path_taken":["M","$","?","?","?","R","?","?","T","M","M","M","R","M","R","BOSS","M","$","M","?","M","R","M","?","T","R","M","?","R","M","R","BOSS","M","M","?","?","?","R","E","R","T","R","?","M","$","?","R","BOSS"],"items_purchased_type":["Card","Relic","Relic","Relic"],"build_version":"2020-12-22","purchased_purges":2,"victory":true,"max_hp_per_floor":[80,80,80,80,80,80,80,80,80,80,80,80,80,80,80,80,80,80,80,80,80,80,80,80,80,80,80,80,80,80,80,80,80,80,80,80,80,80,80,80,80,80,80,80,76,76,83,83,83,83],"card_choices":[{"not_picked":["Body Slam","Heavy Blade"],"picked":"Wild Strike","floor":1.0},{"not_picked":["Body Slam","Sword Boomerang"],"picked":"Disarm","floor":3.0},{"not_picked":["Iron Wave","Searing Blow"],"picked":"Clash","floor":7.0},{"not_picked":["Whirlwind","Carnage"],"picked":"Second Wind","floor":10.0},{"not_picked":["Juggernaut","Wild Strike"],"picked":"Second Wind","floor":11.0},{"not_picked":["Headbutt","Sword Boomerang","Twin Strike"],"picked":"SKIP","floor":12.0},{"not_picked":["Rampage","Sword Boomerang"],"picked":"Shrug It Off","floor":14.0},{"not_picked":["Armaments","Anger"],"picked":"Dropkick","floor":18.0},{"not_picked":["Twin Strike","Impervious"],"picked":"Blood for Blood","floor":20.0},{"not_picked":["Searing Blow","Second Wind","Cleave"],"picked":"SKIP","floor":22.0},{"not_picked":["Hemokinesis","Wild Strike"],"picked":"Power Through","floor":24.0},{"not_picked":["Shrug It Off+1","Burning Pact"],"picked":"Clash+1","floor":28.0},{"not_picked":["True Grit","Heavy Blade","Searing Blow+1"],"picked":"SKIP","floor":31.0},{"not_picked":["Berserk","Feed"],"picked":"Offering","floor":33.0},{"not_picked":["Twin Strike+1","Headbutt","Dual Wield"],"picked":"SKIP","floor":35.0},{"not_picked":["Headbutt+1","Sever Soul+1","Sword Boomerang"],"picked":"SKIP","floor":36.0},{"not_picked":["Wild Strike","Infernal Blade","Shrug It Off+1"],"picked":"SKIP","floor":41.0},{"not_picked":["Pommel Strike+1","Anger+1"],"picked":"Battle Trance","floor":46.0},{"not_picked":["Reckless Charge","Seeing Red"],"picked":"Feel No Pain","floor":48.0}],"player_experience":382590,"relics_obtained":[{"floor":9.0,"key":"HornCleat"},{"floor":26.0,"key":"Lantern"},{"floor":41.0,"key":"Ornamental Fan"},{"floor":43.0,"key":"Orichalcum"}],"event_choices":[{"damage_healed":0.0,"max_hp_gain":0.0,"max_hp_loss":0.0,"gold_gain":0.0,"event_name":"Golden Idol","player_choice":"Ignored","floor":4.0,"gold_loss":0.0,"damage_taken":0.0},{"damage_healed":0.0,"max_hp_gain":0.0,"max_hp_loss":0.0,"gold_gain":0.0,"event_name":"Lab","player_choice":"Got Potions","floor":5.0,"gold_loss":0.0,"damage_taken":0.0},{"damage_healed":0.0,"max_hp_gain":0.0,"max_hp_loss":0.0,"gold_gain":0.0,"event_name":"Liars Game","player_choice":"Ignored","floor":8.0,"gold_loss":0.0,"damage_taken":0.0},{"damage_healed":0.0,"max_hp_gain":0.0,"max_hp_loss":0.0,"gold_gain":0.0,"event_name":"Drug Dealer","player_choice":"Inject Mutagens","floor":21.0,"gold_loss":0.0,"damage_taken":0.0,"relics_obtained":["MutagenicStrength"]},{"damage_healed":0.0,"max_hp_gain":0.0,"max_hp_loss":0.0,"gold_gain":0.0,"event_name":"The Library","player_choice":"Read","floor":25.0,"gold_loss":0.0,"damage_taken":0.0,"cards_obtained":["Blood for Blood"]},{"damage_healed":0.0,"max_hp_gain":0.0,"max_hp_loss":0.0,"gold_gain":99.0,"event_name":"Nest","player_choice":"Stole From Cult","floor":29.0,"gold_loss":0.0,"damage_taken":0.0},{"damage_healed":0.0,"max_hp_gain":0.0,"max_hp_loss":0.0,"gold_gain":0.0,"event_name":"SensoryStone","player_choice":"Memory 1","floor":37.0,"gold_loss":0.0,"damage_taken":0.0},{"cards_removed":["Strike_R"],"damage_healed":0.0,"max_hp_gain":0.0,"max_hp_loss":0.0,"gold_gain":0.0,"event_name":"Falling","player_choice":"Removed Attack","floor":38.0,"gold_loss":0.0,"damage_taken":0.0},{"damage_healed":0.0,"max_hp_gain":0.0,"max_hp_loss":0.0,"gold_gain":0.0,"event_name":"Tomb of Lord Red Mask","player_choice":"Ignored","floor":39.0,"gold_loss":0.0,"damage_taken":0.0},{"damage_healed":0.0,"max_hp_gain":0.0,"max_hp_loss":4.0,"gold_gain":0.0,"event_name":"Winding Halls","player_choice":"Max HP","floor":45.0,"gold_loss":0.0,"damage_taken":0.0}],"is_beta":false,"boss_relics":[{"not_picked":["Velvet Choker","Sozu"],"picked":"Cursed Key"},{"not_picked":["Runic Dome","Pandora\u0027s Box"],"picked":"Astrolabe"}],"items_purged_floors":[2,47],"is_endless":false,"potions_floor_spawned":[3,11,16,20,22,28,33,35],"ascension_level":5}}