{"host":"z8galgznf6llawpn","time":1613441604,"event":{"mods":["AchievementEnabler","Act Like it!","Aspiration","BaseMod","Colored Map","Conspire","Energized Spire","Friendly Minions","Lobotomy","Menagerie","Minty Spire (QoL Compilation)","Permanent Neow","Relic Sorter","Replay The Spire","StSLib","The Blue Laboratory","Unceasing Turn Reminder"],"gold_per_floor":[118,98,23,23,33,61,61,89,112,122,139,139,152,171,171,171,171],"floor_reached":16,"language":"ENG","playtime":907,"items_purged":["Strike_R"],"score":170,"play_id":"9c8f7e83-d03c-4cb3-84ae-a1a827599bb4","local_time":"20210215211324","is_ascension_mode":true,"campfire_choices":[{"floor":7,"key":"REST"},{"floor":12,"key":"REST"},{"floor":15,"key":"REST"}],"circlet_count":0,"master_deck":["Strike_R","Strike_R","Defend_R","Defend_R","Bash","BigBadWolf","Clothesline","OldLady","Thunderclap","SpiderBud","Iron Wave","FairyFestival","Shrug It Off","ShyLook","Thunderclap","Bloodbath","Inflame+1"],"relics":["Burning Blood","CogitoBucket","RabbitCall","Frozen Egg 2","Anchor","Juzu Bracelet","BehaviorAdjustment"],"acts_visited":["Exordium"],"potions_floor_usage":[11,11],"damage_taken":[{"damage":1,"enemies":"2 Louse","floor":1,"turns":3},{"damage":0,"enemies":"Cultist","floor":5,"turns":5},{"damage":61,"enemies":"3 Sentries","floor":6,"turns":15},{"damage":0,"enemies":"Lagavulin","floor":8,"turns":1},{"damage":0,"enemies":"Lagavulin","floor":8,"turns":1},{"damage":2,"enemies":"Jaw Worm","floor":10,"turns":4},{"damage":38,"enemies":"Blue Slaver","floor":11,"turns":15},{"damage":28,"enemies":"Lots of Slimes","floor":13,"turns":4},{"damage":0,"enemies":"3 Louse","floor":14,"turns":2},{"damage":59,"enemies":"Hexaghost","floor":16,"turns":7}],"seed_played":"4159111747526922999","potions_obtained":[{"floor":2,"key":"Swift Potion"},{"floor":4,"key":"DistilledChaos"},{"floor":4,"key":"blueLaboratory:IronCompound"}],"is_trial":false,"path_per_floor":["M","?","$","?","M","E","R","E","T","M","M","R","M","M","R","B"],"character_chosen":"IRONCLAD","items_purchased":[],"campfire_rested":3,"item_purchase_floors":[],"current_hp_per_floor":[80,80,80,80,80,25,49,43,43,47,15,39,20,26,50,0,0],"gold":171,"neow_bonus":"","is_daily":false,"chose_seed":false,"campfire_upgraded":0,"win_rate":0.0,"timestamp":1613441604,"path_taken":["M","?","?","?","M","E","R","E","T","M","M","R","M","M","R","BOSS"],"items_purchased_type":[],"build_version":"2020-12-22","purchased_purges":1,"victory":false,"max_hp_per_floor":[80,80,80,80,80,80,80,80,80,80,80,80,80,80,80,80,80],"card_choices":[{"not_picked":["MHz","CherryBlossoms"],"picked":"Yin","floor":1},{"not_picked":["Warcry","Run Through"],"picked":"Rampage","floor":1},{"not_picked":["Entrench","Intimidate","Heavy Blade"],"picked":"SKIP","floor":5},{"not_picked":["Scorched","Woodsman","CherryBlossoms"],"picked":"Singing Bowl","floor":6},{"not_picked":["NakedNest","Bloodbath"],"picked":"BigBadWolf","floor":6},{"not_picked":["Whirlwind","Shockwave"],"picked":"Clothesline","floor":6},{"not_picked":["CherryBlossoms","OSAHOGD"],"picked":"OldLady","floor":8},{"not_picked":["Run Through","True Grit"],"picked":"Thunderclap","floor":8},{"not_picked":["Scorched","OSAHOGD"],"picked":"SpiderBud","floor":10},{"not_picked":["Twin Strike","Warcry"],"picked":"Iron Wave","floor":10},{"not_picked":["CherryBlossoms","OSAHOGD"],"picked":"FairyFestival","floor":11},{"not_picked":["Clothesline","Power Through"],"picked":"Shrug It Off","floor":11},{"not_picked":["MeatLantern","VoidDream"],"picked":"ShyLook","floor":13},{"not_picked":["Clothesline","Clash"],"picked":"Thunderclap","floor":13},{"not_picked":["SnowQueen","OSAHOGD"],"picked":"Bloodbath","floor":14},{"not_picked":["Clash","Cleave"],"picked":"Inflame+1","floor":14}],"player_experience":413849,"relics_obtained":[{"floor":6,"key":"Frozen Egg 2"},{"floor":8,"key":"Anchor"},{"floor":9,"key":"Juzu Bracelet"}],"event_choices":[{"damage_healed":0,"gold_gain":0,"player_choice":"Bought 1 Potion","damage_taken":0,"max_hp_gain":0,"max_hp_loss":0,"event_name":"The Woman in Blue","floor":2,"gold_loss":0},{"damage_healed":0,"gold_gain":0,"player_choice":"Got Potions","damage_taken":0,"max_hp_gain":0,"max_hp_loss":0,"event_name":"Lab","floor":4,"gold_loss":0}],"is_beta":false,"boss_relics":[],"items_purged_floors":[3],"is_endless":false,"potions_floor_spawned":[5,8,10],"killed_by":"Hexaghost","ascension_level":1}}