{"host":"prxrhpgaxnj4om9r","time":1613482375,"event":{"mods":["AchievementEnabler","BaseMod","Colored Map","DeckTracker","Minty Spire (QoL Compilation)"],"gold_per_floor":[115,190,202,202,212,243,254,254,277,291,291,291],"floor_reached":11,"language":"KOR","playtime":272,"items_purged":[],"score":90,"play_id":"593fe30b-fb16-42c5-85dc-ca92e86dfabd","local_time":"20210216223255","is_ascension_mode":true,"campfire_choices":[{"floor":8,"key":"REST"}],"circlet_count":0,"master_deck":["Strike_R","Strike_R","Strike_R","Strike_R","Strike_R","Defend_R","Defend_R","Defend_R","Bash","Flex","Perfected Strike","Inflame","Rampage","Blood for Blood","Flex","Shrug It Off"],"relics":["Burning Blood","NeowsBlessing","Red Skull","Pen Nib"],"acts_visited":["Exordium"],"potions_floor_usage":[6],"damage_taken":[{"damage":0,"enemies":"Jaw Worm","floor":1,"turns":1},{"damage":0,"enemies":"2 Louse","floor":3,"turns":1},{"damage":0,"enemies":"Small Slimes","floor":5,"turns":1},{"damage":55,"enemies":"3 Sentries","floor":6,"turns":7},{"damage":20,"enemies":"Exordium Wildlife","floor":7,"turns":3},{"damage":20,"enemies":"Large Slime","floor":10,"turns":4},{"damage":27,"enemies":"Lagavulin","floor":11,"turns":3}],"seed_played":"6783175410448848817","potions_obtained":[{"floor":5,"key":"BlessingOfTheForge"},{"floor":6,"key":"Dexterity Potion"}],"is_trial":false,"path_per_floor":["M","?","M","?","M","E","M","R","T","M","E"],"character_chosen":"IRONCLAD","items_purchased":[],"campfire_rested":1,"item_purchase_floors":[],"current_hp_per_floor":[80,69,75,75,80,31,17,41,41,27,0,0],"gold":291,"neow_bonus":"THREE_ENEMY_KILL","is_daily":false,"chose_seed":false,"campfire_upgraded":0,"win_rate":0.0,"timestamp":1613482375,"path_taken":["M","?","M","?","?","E","M","R","T","M","E"],"items_purchased_type":[],"build_version":"2020-12-22","purchased_purges":0,"victory":false,"max_hp_per_floor":[80,80,80,80,80,80,80,80,80,80,80,80],"card_choices":[{"not_picked":["Armaments","Thunderclap"],"picked":"Flex","floor":1},{"not_picked":["Body Slam","Thunderclap"],"picked":"Perfected Strike","floor":3},{"not_picked":["True Grit","Twin Strike"],"picked":"Rampage","floor":5},{"not_picked":["Intimidate","Sentinel"],"picked":"Blood for Blood","floor":6},{"not_picked":["Dropkick","Wild Strike"],"picked":"Flex","floor":7},{"not_picked":["Entrench","Sword Boomerang"],"picked":"Shrug It Off","floor":10}],"player_experience":489014,"relics_obtained":[{"floor":6,"key":"Red Skull"},{"floor":9,"key":"Pen Nib"}],"event_choices":[{"damage_healed":0,"gold_gain":75,"player_choice":"Gather Gold","damage_taken":11,"max_hp_gain":0,"max_hp_loss":0,"event_name":"World of Goop","floor":2,"gold_loss":0},{"damage_healed":0,"gold_gain":0,"cards_transformed":["Defend_R"],"player_choice":"Change","damage_taken":0,"max_hp_gain":0,"max_hp_loss":0,"event_name":"Living Wall","floor":4,"gold_loss":0,"cards_obtained":["Inflame"]}],"is_beta":false,"boss_relics":[],"items_purged_floors":[],"is_endless":false,"potions_floor_spawned":[5,6],"killed_by":"Lagavulin","ascension_level":4}}