{"host":"za1qviwhp34x909e","time":1613462854,"event":{"mods":["Act Like it!","BaseMod","Colored Map","Colored Powertips","Downfall","Highlight Path","Hubris","Koishi","Marisa????????","Minty Spire (QoL Compilation)","Quick Restart","Reimu??????","Replay The Spire","StSLib","The Servant 0.9.4"],"gold_per_floor":[118,118,135,38,56,56,75,87,87,87,117,117,11,11,11],"floor_reached":14,"language":"ENG","playtime":527,"items_purged":[],"score":99,"play_id":"23e0058c-5f93-4048-9e56-b62d2d23a187","local_time":"20210216020734","is_ascension_mode":true,"campfire_choices":[{"floor":10,"key":"REST"}],"circlet_count":0,"master_deck":["Strike_S","Strike_S","Strike_S","Defend_S","Defend_S","Defend_S","Defend_S","KidneyShot","Exchange","DoubleEdge","Starlight","ReturningBlade","DoubleEdge","BottledTime","Desolation","Snipe","SurpressingFire","Pot Of Greed","Pot Of Greed","BottledTime","BestPractice","ReturningBlade"],"relics":["Uniform","Strawberry","Replay:Multitool","PocketWatch","Grinning Jar","Golden Idol"],"acts_visited":["Exordium"],"potions_floor_usage":[11,14],"damage_taken":[{"damage":3,"enemies":"2 Louse","floor":1,"turns":3},{"damage":3,"enemies":"Cultist","floor":3,"turns":3},{"damage":8,"enemies":"Jaw Worm","floor":5,"turns":2},{"damage":3,"enemies":"Exordium Thugs","floor":7,"turns":4},{"damage":29,"enemies":"Blue Slaver","floor":8,"turns":4},{"damage":39,"enemies":"3 Sentries","floor":11,"turns":6},{"damage":13,"enemies":"Lagavulin","floor":14,"turns":3}],"seed_played":"-3631835033800020112","potions_obtained":[{"floor":1,"key":"Elixir"},{"floor":5,"key":"Fruit Juice"},{"floor":11,"key":"champ:CounterPotion"}],"is_trial":false,"path_per_floor":["M","?","M","$","M","R","M","M","T","R","E","?","$","E"],"character_chosen":"THE_SERVANT","items_purchased":["ReturningBlade","DoubleEdge","BestPractice","ReturningBlade"],"campfire_rested":1,"item_purchase_floors":[4,4,13,13],"current_hp_per_floor":[69,69,66,66,58,58,55,26,26,47,13,13,13,0,0],"gold":11,"neow_bonus":"RANDOM_COMMON_RELIC","is_daily":false,"chose_seed":false,"campfire_upgraded":0,"win_rate":0.0,"timestamp":1613462854,"path_taken":["M","?","?","$","M","R","M","M","T","R","E","?","?","E"],"items_purchased_type":["Card","Card","Card","Card"],"build_version":"2020-12-22","purchased_purges":0,"victory":false,"max_hp_per_floor":[72,72,72,72,72,72,72,72,72,72,77,71,71,71,71],"card_choices":[{"not_picked":["BestPractice","Rewind"],"picked":"DoubleEdge","floor":1},{"not_picked":["Alleviate","Revamp"],"picked":"Starlight","floor":3},{"not_picked":["Ricochet","Unruled"],"picked":"BottledTime","floor":5},{"not_picked":["ShatteredReality","Desolation"],"picked":"Snipe","floor":7},{"not_picked":["Orbit","Hightail"],"picked":"SurpressingFire","floor":8},{"not_picked":["Starlight","Replace"],"picked":"BottledTime","floor":11}],"player_experience":746547,"relics_obtained":[{"floor":9,"key":"PocketWatch"},{"floor":11,"key":"Grinning Jar"}],"event_choices":[{"damage_healed":0,"gold_gain":0,"player_choice":"Gave Potion","damage_taken":0,"relics_obtained":["Replay:Multitool"],"max_hp_gain":0,"max_hp_loss":0,"event_name":"WeMeetAgain","floor":2,"gold_loss":0},{"damage_healed":0,"gold_gain":0,"player_choice":"Lose Max HP","damage_taken":0,"relics_obtained":["Golden Idol"],"max_hp_gain":0,"max_hp_loss":6,"event_name":"Golden Idol","floor":12,"gold_loss":0}],"is_beta":false,"boss_relics":[],"items_purged_floors":[],"is_endless":false,"potions_floor_spawned":[1,5,11],"killed_by":"Lagavulin","ascension_level":2}}