{"host":"newqdrzxfhh2im9e","time":1613507128,"event":{"mods":["AchievementEnabler","BaseMod","Block Reminder","Colored Map","Minty Spire (QoL Compilation)","Rare Cards Sparkle","Shop Mod","StSLib"],"gold_per_floor":[212,224,69,82,82,82,93,126,192,204,204],"floor_reached":10,"language":"ENG","playtime":341,"items_purged":[],"score":68,"play_id":"5d79c7bb-1151-40ab-87de-854a4ca61c72","local_time":"20210216122528","is_ascension_mode":false,"campfire_choices":[{"floor":6,"key":"RECALL"}],"circlet_count":0,"master_deck":["Strike_B","Strike_B","Strike_B","Strike_B","Defend_B","Defend_B","Defend_B","Defend_B","Zap","Dualcast","Rip and Tear","Static Discharge","Loop","White Noise","Auto Shields"],"relics":["Cracked Core","Meat on the Bone","MawBank","Regal Pillow"],"acts_visited":["Exordium"],"potions_floor_usage":[7,8],"damage_taken":[{"damage":6,"enemies":"Small Slimes","floor":1,"turns":3},{"damage":8,"enemies":"Jaw Worm","floor":2,"turns":3},{"damage":10,"enemies":"Cultist","floor":4,"turns":4},{"damage":10,"enemies":"Gremlin Gang","floor":7,"turns":6},{"damage":21,"enemies":"Lagavulin","floor":8,"turns":5},{"damage":39,"enemies":"3 Sentries","floor":10,"turns":4}],"seed_played":"-1977630974272852224","potions_obtained":[{"floor":2,"key":"SkillPotion"},{"floor":7,"key":"Weak Potion"}],"is_trial":false,"path_per_floor":["M","M","$","M","?","R","M","E","T","E"],"character_chosen":"DEFECT","items_purchased":["Loop","White Noise"],"campfire_rested":0,"item_purchase_floors":[3,3],"current_hp_per_floor":[69,61,61,51,44,44,46,37,37,0,0],"gold":204,"neow_bonus":"HUNDRED_GOLD","is_daily":false,"chose_seed":false,"campfire_upgraded":0,"win_rate":0.0,"timestamp":1613507128,"path_taken":["M","M","$","M","?","R","M","E","T","E"],"items_purchased_type":["Card","Card"],"build_version":"2020-12-22","purchased_purges":0,"victory":false,"max_hp_per_floor":[75,75,75,75,75,75,75,75,75,75,75],"card_choices":[{"not_picked":["Redo","Compile Driver"],"picked":"Rip and Tear","floor":1},{"not_picked":["Hologram","Rebound"],"picked":"Static Discharge","floor":2},{"not_picked":["Coolheaded","Ball Lightning","Compile Driver"],"picked":"SKIP","floor":4},{"not_picked":["Beam Cell","Hologram","Gash"],"picked":"SKIP","floor":7},{"not_picked":["Leap","Static Discharge"],"picked":"Auto Shields","floor":8}],"player_experience":779296,"relics_obtained":[{"floor":8,"key":"MawBank"},{"floor":9,"key":"Regal Pillow"}],"event_choices":[{"damage_healed":0,"gold_gain":0,"player_choice":"Success","damage_taken":7,"relics_obtained":["Meat on the Bone"],"max_hp_gain":0,"max_hp_loss":0,"event_name":"Scrap Ooze","floor":5,"gold_loss":0}],"is_beta":false,"boss_relics":[],"items_purged_floors":[],"is_endless":false,"potions_floor_spawned":[2,7],"killed_by":"3 Sentries","ascension_level":0}}