{"host":"0nndazl0keusavit","time":1613439915,"event":{"mods":["AchievementEnabler","BaseMod","Colored Map","Curses Come First","Highlight Path","Minty Spire (QoL Compilation)","Relic Stats","StSLib"],"gold_per_floor":[214,214,225,56,66,66,97,115,141,141,154,154,185,199,199,275,275,292,292,19,0,12,37,37,56,82,82,82],"floor_reached":27,"language":"ENG","playtime":1341,"items_purged":[],"score":486,"play_id":"626fa8c2-5ea0-4398-8f5a-c96d757c1e96","local_time":"20210215204515","is_ascension_mode":true,"campfire_choices":[{"data":"Poisoned Stab","floor":6,"key":"SMITH"},{"data":"Neutralize","floor":12,"key":"SMITH"},{"data":"Noxious Fumes","floor":15,"key":"SMITH"},{"floor":24,"key":"REST"}],"circlet_count":0,"master_deck":["AscendersBane","Strike_G","Strike_G","Strike_G","Strike_G","Defend_G","Defend_G","Defend_G","Defend_G","Defend_G","Survivor","Neutralize+1","Slice","Poisoned Stab+1","Backstab","Well Laid Plans","Glass Knife+1","Cloak And Dagger","Caltrops","Noxious Fumes+1","PiercingWail","Malaise","Catalyst","Shame","Backflip","Envenom","Cloak And Dagger"],"relics":["Ring of the Snake","Blood Vial","Toy Ornithopter","Boot","SlaversCollar","Anchor","Ornamental Fan","Art of War"],"acts_visited":["Exordium","TheCity"],"potions_floor_usage":[7,14,16,23,27,27,27,27],"damage_taken":[{"damage":3,"enemies":"Cultist","floor":1,"turns":5},{"damage":4,"enemies":"Jaw Worm","floor":3,"turns":6},{"damage":5,"enemies":"Small Slimes","floor":5,"turns":2},{"damage":6,"enemies":"Gremlin Nob","floor":7,"turns":3},{"damage":0,"enemies":"2 Fungi Beasts","floor":8,"turns":2},{"damage":8,"enemies":"3 Louse","floor":11,"turns":3},{"damage":11,"enemies":"Lagavulin","floor":13,"turns":5},{"damage":0,"enemies":"Exordium Wildlife","floor":14,"turns":2},{"damage":24,"enemies":"Hexaghost","floor":16,"turns":9},{"damage":16,"enemies":"Chosen","floor":18,"turns":5},{"damage":10,"enemies":"2 Thieves","floor":22,"turns":5},{"damage":22,"enemies":"Slavers","floor":23,"turns":6},{"damage":12,"enemies":"Snake Plant","floor":25,"turns":5},{"damage":54,"enemies":"Gremlin Leader","floor":27,"turns":6}],"seed_played":"4317314546020866736","potions_obtained":[{"floor":1,"key":"Poison Potion"},{"floor":3,"key":"EntropicBrew"},{"floor":7,"key":"Swift Potion"},{"floor":14,"key":"Fruit Juice"},{"floor":18,"key":"BlessingOfTheForge"},{"floor":23,"key":"Block Potion"}],"is_trial":false,"path_per_floor":["M","?","M","$","M","R","E","M","T","?","M","R","E","M","R","B",null,"M","?","$","?","M","E","R","M","T","E"],"character_chosen":"THE_SILENT","items_purchased":["Backstab","Well Laid Plans","Ornamental Fan"],"campfire_rested":1,"item_purchase_floors":[4,4,20],"current_hp_per_floor":[56,49,45,45,40,40,34,36,36,36,30,30,21,28,28,16,57,43,43,43,43,35,20,41,31,31,0,0],"gold":82,"neow_bonus":"HUNDRED_GOLD","is_daily":false,"chose_seed":false,"campfire_upgraded":3,"win_rate":0.0,"timestamp":1613439915,"path_taken":["M","?","M","$","M","R","E","M","T","?","M","R","E","M","R","BOSS","M","?","$","?","M","E","R","M","T","E"],"items_purchased_type":["Card","Card","Relic"],"build_version":"2020-12-22","purchased_purges":0,"victory":false,"max_hp_per_floor":[66,66,66,66,66,66,66,66,66,66,66,66,66,66,66,71,71,71,71,71,71,71,71,71,71,71,71,71],"relic_stats":{"Blood Vial":20,"counters":[14,64],"Ornamental Fan":[24],"Art of War":[1],"Boot":[23],"obtain_stats":[{"Blood Vial":7,"SlaversCollar":17,"Anchor":19,"Ornamental Fan":20,"Art of War":23,"Boot":13,"Toy Ornithopter":9,"Ring of the Snake":0},{"Blood Vial":4,"SlaversCollar":9,"Anchor":10,"Ornamental Fan":10,"Art of War":12,"Boot":7,"Toy Ornithopter":5,"Ring of the Snake":0},{"Blood Vial":16,"SlaversCollar":37,"Anchor":42,"Ornamental Fan":42,"Art of War":53,"Boot":26,"Toy Ornithopter":18,"Ring of the Snake":0}],"Toy Ornithopter":35,"Ring of the Snake":[28]},"card_choices":[{"not_picked":["Flying Knee","Deadly Poison"],"picked":"Slice","floor":1},{"not_picked":["Underhanded Strike","Slice"],"picked":"Poisoned Stab","floor":3},{"not_picked":["Sucker Punch","Bane","Masterful Stab"],"picked":"SKIP","floor":5},{"not_picked":["Bane","Dash"],"picked":"Glass Knife","floor":7},{"not_picked":["Masterful Stab","Flechettes"],"picked":"Cloak And Dagger","floor":8},{"not_picked":["Predator","Finisher"],"picked":"Caltrops","floor":11},{"not_picked":["Sucker Punch","Prepared"],"picked":"Noxious Fumes","floor":13},{"not_picked":["Distraction","Underhanded Strike"],"picked":"PiercingWail","floor":14},{"not_picked":["Storm of Steel","Doppelganger"],"picked":"Malaise","floor":16},{"not_picked":["Dagger Throw","Caltrops"],"picked":"Catalyst","floor":18},{"not_picked":["Deflect","Dagger Throw"],"picked":"Backflip","floor":22},{"not_picked":["Caltrops","Flying Knee+1"],"picked":"Envenom","floor":23},{"not_picked":["Poisoned Stab","Acrobatics"],"picked":"Cloak And Dagger","floor":25}],"player_experience":910341,"relics_obtained":[{"floor":7,"key":"Blood Vial"},{"floor":9,"key":"Toy Ornithopter"},{"floor":13,"key":"Boot"},{"floor":23,"key":"Art of War"}],"event_choices":[{"cards_removed":["Strike_G"],"damage_healed":0,"gold_gain":0,"player_choice":"Card Removal","damage_taken":7,"max_hp_gain":0,"max_hp_loss":0,"event_name":"Golden Wing","floor":2,"gold_loss":0},{"damage_healed":0,"gold_gain":0,"player_choice":"Grow","damage_taken":0,"max_hp_gain":0,"max_hp_loss":0,"event_name":"Living Wall","floor":10,"gold_loss":0,"cards_upgraded":["Glass Knife"]},{"damage_healed":0,"gold_gain":0,"player_choice":"Stole Relic","damage_taken":0,"relics_obtained":["Anchor"],"max_hp_gain":0,"max_hp_loss":0,"event_name":"Addict","floor":19,"gold_loss":0,"cards_obtained":["Shame"]},{"damage_healed":0,"gold_gain":0,"player_choice":"Paid Fearfully","damage_taken":0,"max_hp_gain":0,"max_hp_loss":0,"event_name":"Masked Bandits","floor":21,"gold_loss":19}],"is_beta":false,"boss_relics":[{"not_picked":["Empty Cage","Runic Pyramid"],"picked":"SlaversCollar"}],"items_purged_floors":[],"is_endless":false,"potions_floor_spawned":[1,3,7,13,14,18,23],"killed_by":"Gremlin Leader","ascension_level":20}}