{"host":"bxdue9bkfm2khp2x","time":1613481244,"event":{"mods":["ATMod(阿瑾Mod)","Aspiration","BaseMod","Better Vampires","Challenge The Spire","Colored Map","Colored Powertips","Conspire","Decade(王小明)","Dota2Spire","Downfall","Good Game Mod","Highlight Path","Minty Spire (QoL Compilation)","MostiFishMod","Reliquary","Remilia（蕾米莉亚）","Replay The Spire","RumiaBox-露米娅的神秘盒子","Ryuuou龙王","Spicy Shops","StSLib","The Alterego","The Bug Knight","The Cursed","Waifu the Spire","WarShipGirlsR/战舰少女R mod","Wide Potions","noobMod","【功能Mod】混沌之环修复补丁","残留之物","篝火指南"],"gold_per_floor":[117,133,133,147,72,72,102,102,127,154,174,264,264,280,280,375,375,388,400,415,44,494,494,506,51,51,84,84,98,98,129,129,228,228,244,255,272,72,91,91,107,133,157,157,157,157,175,175,175,175,175,175,31,61,61],"floor_reached":56,"language":"ZHS","playtime":7570,"items_purged":["PlaceholderMod:BaseStrike","PlaceholderMod:BaseStrike","PlaceholderMod:BaseStrike","PlaceholderMod:PoisonWhip","PlaceholderMod:BaseStrike","PlaceholderMod:BaseStrike"],"score":1312,"play_id":"c79dac6a-70ec-41f6-98e5-ac5758c8cbc8","local_time":"20210216211404","is_ascension_mode":true,"campfire_choices":[{"data":"AT_ShrugMaster","floor":6.0,"key":"SMITH"},{"data":"PlaceholderMod:GrowthForm","floor":8.0,"key":"SMITH"},{"data":"PlaceholderMod:Crystallization","floor":15.0,"key":"SMITH"},{"data":"PlaceholderMod:ThreeBenzyolStart","floor":23.0,"key":"SMITH"},{"data":"PlaceholderMod:Activation","floor":30.0,"key":"SMITH"},{"floor":32.0,"key":"REST"},{"floor":40,"key":"REST"},{"floor":46,"key":"REST"},{"floor":49,"key":"RECALL"},{"floor":52,"key":"REST"}],"circlet_count":1,"master_deck":["PlaceholderMod:BaseDefend+1","PlaceholderMod:BaseDefend+1","PlaceholderMod:BaseDefend+1","PlaceholderMod:BaseDefend+1","PlaceholderMod:BaseDefend+1","PlaceholderMod:Crystal+1","PlaceholderMod:GrowthForm+1","AT_ShrugMaster+1","PlaceholderMod:Crystallization+1","PlaceholderMod:EnergyAbsorb+1","PlaceholderMod:CorePoison+1","PlaceholderMod:HardStinger+1","PlaceholderMod:PoisonAbsorb+1","PlaceholderMod:Crystallization+1","PlaceholderMod:ThreeBenzyolStart+1","PlaceholderMod:SelfCoupling+1","PlaceholderMod:Activation+1","PlaceholderMod:DirectingGroup+1","Parasite","PlaceholderMod:EnergyAbsorb+1","PlaceholderMod:MultipleOxi+1"],"relics":["PlaceholderMod:Tancle","DaveBox","Circlet","ice","AT_ATBox","BionicSphere","NeowsBlessing","SynthV:TestCard","reliquary:RedPaperclip","Guide Book","Dota2Spire:BlackKingBar","conspire:DeflatedDodgeball","reliquary:ExpiredCoupon","Boot","JellyFishMachine","AT_RedTearstoneRing","Vajra","Counterbalance","Replay:Baseball"],"acts_visited":["Exordium","TheCity","TheBeyond","TheEnding"],"potions_floor_usage":[39,45,50],"damage_taken":[{"damage":0.0,"enemies":"Cultist","floor":1.0,"turns":1.0},{"damage":0.0,"enemies":"Small Slimes","floor":2.0,"turns":2.0},{"damage":0.0,"enemies":"Jaw Worm","floor":4.0,"turns":1.0},{"damage":0.0,"enemies":"3 Sentries","floor":7.0,"turns":8.0},{"damage":0.0,"enemies":"Lagavulin","floor":10.0,"turns":7.0},{"damage":0.0,"enemies":"Looter","floor":11.0,"turns":4.0},{"damage":0.0,"enemies":"Exordium Wildlife","floor":14.0,"turns":6.0},{"damage":0.0,"enemies":"Fading Forest","floor":16.0,"turns":11.0},{"damage":0.0,"enemies":"Chosen","floor":18.0,"turns":4.0},{"damage":2.0,"enemies":"Spheric Guardian","floor":19.0,"turns":6.0},{"damage":0.0,"enemies":"Snake Plant","floor":20.0,"turns":5.0},{"damage":0.0,"enemies":"Sentry and Sphere","floor":24.0,"turns":7.0},{"damage":0.0,"enemies":"REME_1_Revenger","floor":27.0,"turns":6.0},{"damage":0.0,"enemies":"Cultist and Chosen","floor":29.0,"turns":6.0},{"damage":6.0,"enemies":"Book of Stabbing","floor":31.0,"turns":6.0},{"damage":0.0,"enemies":"conspire:MysteriousRune","floor":33.0,"turns":8.0},{"damage":0.0,"enemies":"Orb Walker","floor":35.0,"turns":5.0},{"damage":0,"enemies":"3 Shapes","floor":36,"turns":6},{"damage":0,"enemies":"Spire Growth","floor":37,"turns":6},{"damage":0,"enemies":"3 Darklings","floor":39,"turns":6},{"damage":0,"enemies":"Writhing Mass","floor":41,"turns":5},{"damage":20,"enemies":"HollowMod:StalkingDevout","floor":42,"turns":7},{"damage":0,"enemies":"Jaw Worm Horde","floor":47,"turns":5},{"damage":2,"enemies":"Replay:Hell Engine","floor":50,"turns":9},{"damage":20,"enemies":"Shield and Spear","floor":54,"turns":9},{"damage":17,"enemies":"The Heart","floor":55,"turns":7}],"seed_played":"2150389351161096203","potions_obtained":[{"floor":2.0,"key":"Fire Potion"},{"floor":7.0,"key":"Dota2Spire:Clarity"},{"floor":11.0,"key":"Venom Potion"},{"floor":24.0,"key":"Block Potion"},{"floor":36,"key":"Adrenaline Potion"},{"floor":41,"key":"FearPotion"},{"floor":42,"key":"Strength Potion"},{"floor":45,"key":"Fruit Juice"},{"floor":45,"key":"Reflective Coating"},{"floor":45,"key":"Languid Potion"},{"floor":47,"key":"DuplicationPotion"}],"is_trial":false,"path_per_floor":["M","M","T","M","$","R","E","R","T","E","M","?","?","M","R","B",null,"M","M","M","$","?","R","M","R","T","E","?","M","R","E","R","B",null,"M","M","M","$","M","R","M","E","T","?","?","R","M","$","R","B",null,"R","$","E","B",null],"character_chosen":"THE_PLACEHOLDER","items_purchased":["Guide Book","Dota2Spire:BlackKingBar","Counterbalance"],"campfire_rested":4,"item_purchase_floors":[21,25,53],"current_hp_per_floor":[78,78,78,78,78,78,78,78,78,78,78,78,78,78,78,78,78,78,76,76,76,30,30,30,30,30,30,30,30,30,24,47,47,78,78,78,78,78,78,78,78,58,58,58,70,90,90,90,90,88,90,90,90,70,53],"gold":61,"neow_bonus":"THREE_ENEMY_KILL","is_daily":false,"chose_seed":false,"campfire_upgraded":5,"win_rate":0.0,"timestamp":1613481244,"path_taken":["M","M","?","M","$","R","E","R","T","E","M","?","?","?","R","BOSS","M","M","M","$","?","R","?","R","T","E","?","M","R","E","R","BOSS","M","M","M","$","M","R","M","E","T","?","?","R","?","$","R","BOSS","R","$","E","BOSS"],"items_purchased_type":["Relic","Relic","Relic"],"build_version":"2020-12-22","purchased_purges":6,"victory":true,"max_hp_per_floor":[78,78,78,78,78,78,78,78,78,78,78,78,78,78,78,78,78,78,78,78,78,78,78,78,78,78,78,78,78,78,78,78,78,78,78,78,78,78,78,78,78,78,78,78,90,90,90,90,90,90,90,90,90,90,90],"card_choices":[{"not_picked":["PlaceholderMod:SubstitutionNucleophilic1","PlaceholderMod:ProliferateStrike"],"picked":"PlaceholderMod:Crystallization","floor":1.0},{"not_picked":["PlaceholderMod:PoisonExcitation","PlaceholderMod:SpinBlade","PlaceholderMod:Sweep","PlaceholderMod:SubstitutionNucleophilic1"],"picked":"PlaceholderMod:EnergyAbsorb","floor":2.0},{"not_picked":["PlaceholderMod:Colorful","PlaceholderMod:SprayAttack","PlaceholderMod:Sweep","PlaceholderMod:ContinueSpray"],"picked":"PlaceholderMod:CorePoison","floor":4.0},{"not_picked":["PlaceholderMod:SprayAttack","PlaceholderMod:SpinBlade","PlaceholderMod:DirectingGroup","PlaceholderMod:HealingAttack"],"picked":"PlaceholderMod:HardStinger","floor":7.0},{"not_picked":["PlaceholderMod:Package","PlaceholderMod:Hard","PlaceholderMod:Polyp","PlaceholderMod:OHStrongAttack","PlaceholderMod:Assimilation"],"picked":"SKIP","floor":10.0},{"not_picked":["PlaceholderMod:Polyp","PlaceholderMod:HardStrike","PlaceholderMod:EnergyAbsorb","PlaceholderMod:AngryAttack"],"picked":"PlaceholderMod:PoisonAbsorb","floor":11.0},{"not_picked":["PlaceholderMod:Turn","PlaceholderMod:HardStrike","PlaceholderMod:SevereHeat","PlaceholderMod:PoisonExcitation"],"picked":"PlaceholderMod:Crystallization","floor":12.0},{"not_picked":["PlaceholderMod:HardStrike","PlaceholderMod:AttackAsDefend","PlaceholderMod:HornyBlast","PlaceholderMod:UnpureUse"],"picked":"PlaceholderMod:ThreeBenzyolStart","floor":14.0},{"not_picked":["PlaceholderMod:Eat","PlaceholderMod:Assimilation","PlaceholderMod:DoublePoint","PlaceholderMod:PericyclicReaction"],"picked":"PlaceholderMod:SelfCoupling","floor":16.0},{"not_picked":["PlaceholderMod:ContinueSpray+1","PlaceholderMod:ParasiteChange","PlaceholderMod:OHStrongAttack","PlaceholderMod:EnergyAbsorb","PlaceholderMod:SeverePoisonStrike"],"picked":"SKIP","floor":18.0},{"not_picked":["PlaceholderMod:ConsolidateHit","PlaceholderMod:Break","PlaceholderMod:Turn","PlaceholderMod:Colorful","PlaceholderMod:HornyBlast"],"picked":"SKIP","floor":19.0},{"not_picked":["PlaceholderMod:AngryAttack+1","PlaceholderMod:SpinBlade","PlaceholderMod:UnpureUse","PlaceholderMod:StressReaction","PlaceholderMod:ParasiteChange"],"picked":"SKIP","floor":20.0},{"not_picked":["PlaceholderMod:PoisonBlast","PlaceholderMod:StressReaction+1","PlaceholderMod:SprayAttack","PlaceholderMod:Assimilation","PlaceholderMod:HornyBlast"],"picked":"SKIP","floor":24.0},{"not_picked":["PlaceholderMod:UnpureUse","PlaceholderMod:Polyp","PlaceholderMod:SeverePoisonStrike","PlaceholderMod:AttackAsDefend"],"picked":"PlaceholderMod:Activation","floor":27.0},{"not_picked":["PlaceholderMod:HardStrike","PlaceholderMod:ChainPoly","PlaceholderMod:Sweep","PlaceholderMod:MultipleOxi","PlaceholderMod:SeverePoisonStrike"],"picked":"SKIP","floor":29.0},{"not_picked":["PlaceholderMod:SprayAttack","PlaceholderMod:PoisonAbsorb+1","PlaceholderMod:Turn","PlaceholderMod:ContinueSpray+1","PlaceholderMod:ProliferateStrike"],"picked":"SKIP","floor":31.0},{"not_picked":["PlaceholderMod:PoisonAbsorb","PlaceholderMod:AngryAttack","PlaceholderMod:EvolutionSpray+1","PlaceholderMod:StrongAcid","PlaceholderMod:Package+1"],"picked":"SKIP","floor":35.0},{"not_picked":["PlaceholderMod:HardStrike+1","PlaceholderMod:StressReaction+1","PlaceholderMod:StrongAcid","PlaceholderMod:SelectReaction"],"picked":"PlaceholderMod:DirectingGroup+1","floor":36},{"not_picked":["PlaceholderMod:Polyp","PlaceholderMod:StrongAcid+1","PlaceholderMod:OHStrongAttack+1","PlaceholderMod:Turn","PlaceholderMod:Break"],"picked":"SKIP","floor":37},{"not_picked":["PlaceholderMod:EvolutionSpray","PlaceholderMod:ChainPoly+1","PlaceholderMod:FastReaction","PlaceholderMod:Inner","PlaceholderMod:AngryAttack+1"],"picked":"SKIP","floor":39},{"not_picked":["PlaceholderMod:Polyp","PlaceholderMod:PoisonExcitation+1","PlaceholderMod:HornyBlast+1","PlaceholderMod:AngryAttack+1","PlaceholderMod:DissolvingSpikes"],"picked":"SKIP","floor":41},{"not_picked":["PlaceholderMod:EvolutionSpray","PlaceholderMod:DiffusionChemical","PlaceholderMod:SelectReaction","PlaceholderMod:SprayAttack+1","PlaceholderMod:ParasiteChange"],"picked":"SKIP","floor":42},{"not_picked":["PlaceholderMod:AttackAsDefend","PlaceholderMod:Corrosion","PlaceholderMod:SprayAttack+1","PlaceholderMod:StrongAcid"],"picked":"PlaceholderMod:EnergyAbsorb+1","floor":47},{"not_picked":["PlaceholderMod:Hyperplasia+1","PlaceholderMod:AngryAttack+1","PlaceholderMod:FastReaction+1","PlaceholderMod:Sweep+1"],"picked":"PlaceholderMod:MultipleOxi+1","floor":54}],"player_experience":912942,"relics_obtained":[{"floor":1.0,"key":"SynthV:TestCard"},{"floor":7.0,"key":"ReplayTheSpireMod:Shallot"},{"floor":9.0,"key":"Bag of Marbles"},{"floor":10.0,"key":"LastBattle"},{"floor":26.0,"key":"conspire:DeflatedDodgeball"},{"floor":27.0,"key":"reliquary:ExpiredCoupon"},{"floor":31.0,"key":"Boot"},{"floor":42,"key":"AT_RedTearstoneRing"},{"floor":43,"key":"Vajra"},{"floor":54,"key":"Replay:Baseball"}],"event_choices":[{"damage_healed":0.0,"max_hp_gain":0.0,"max_hp_loss":0.0,"gold_gain":450.0,"event_name":"Knowing Skull","player_choice":"GOLD GOLD GOLD GOLD GOLD ","floor":22.0,"potions_obtained":[],"gold_loss":0.0,"damage_taken":46.0,"cards_obtained":[]},{"damage_healed":0.0,"max_hp_gain":0.0,"max_hp_loss":0.0,"gold_gain":0.0,"event_name":"Ghosts","player_choice":"Ignored","floor":28.0,"gold_loss":0.0,"damage_taken":0.0},{"damage_healed":0,"gold_gain":0,"player_choice":"Got Potions","damage_taken":0,"max_hp_gain":0,"max_hp_loss":0,"event_name":"Lab","floor":45,"gold_loss":0}],"is_beta":false,"boss_relics":[{"not_picked":["TimeKeys","MoonlightInvasionPlan"],"picked":"reliquary:RedPaperclip"},{"not_picked":["ChewingGum","aspiration:SecretTechniqueScroll"],"picked":"JellyFishMachine"}],"items_purged_floors":[5,21,21,25,25,38],"is_endless":false,"potions_floor_spawned":[2,7,11,16,24,27,31,36,41,42,47],"ascension_level":3}}