{"host":"ia9e4s524g7bamk7","time":1613512783,"event":{"mods":["AchievementEnabler","BaseMod","Colored Map","Minty Spire (QoL Compilation)","Permanent Neow","Slay-I","slay the spire mod where everything is the same but ironclad has a cowboy hat"],"gold_per_floor":[116,116,130,148,168,168,200,219,219,230,255,266,266,291,291,388,388,374,289,122,122,122,157,157,157],"floor_reached":24,"language":"ENG","playtime":1613,"items_purged":["Bash"],"score":319,"play_id":"71fc355f-aa1f-48d6-ad23-a5a0d88e16e8","local_time":"20210216225943","is_ascension_mode":true,"campfire_choices":[{"data":"Entrench","floor":6.0,"key":"SMITH"},{"data":"Uppercut","floor":13.0,"key":"SMITH"},{"floor":15.0,"key":"REST"}],"circlet_count":0,"master_deck":["Strike_R","Strike_R","Strike_R","Strike_R","Strike_R","Defend_R","Defend_R","Defend_R","Defend_R","Metamorphosis","Flex","Perfected Strike","Entrench+1","Perfected Strike","Shockwave","Uppercut+1","Perfected Strike","Evolve","Reaper","Spot Weakness","Forethought","RitualDagger","Reckless Charge"],"relics":["Burning Blood","Incense Burner","Question Card","FossilizedHelix","Runic Pyramid","Bag of Preparation","Art of War"],"acts_visited":["Exordium","TheCity"],"potions_floor_usage":[23,23,23],"damage_taken":[{"damage":9.0,"enemies":"Jaw Worm","floor":1.0,"turns":3.0},{"damage":1.0,"enemies":"Cultist","floor":3.0,"turns":3.0},{"damage":11.0,"enemies":"Small Slimes","floor":4.0,"turns":4.0},{"damage":6.0,"enemies":"Looter","floor":5.0,"turns":3.0},{"damage":20.0,"enemies":"3 Sentries","floor":7.0,"turns":8.0},{"damage":1.0,"enemies":"Exordium Thugs","floor":8.0,"turns":4.0},{"damage":10.0,"enemies":"Blue Slaver","floor":10.0,"turns":3.0},{"damage":15.0,"enemies":"Lagavulin","floor":11.0,"turns":5.0},{"damage":8.0,"enemies":"3 Louse","floor":12.0,"turns":3.0},{"damage":32.0,"enemies":"3 Sentries","floor":14.0,"turns":5.0},{"damage":36.0,"enemies":"Hexaghost","floor":16.0,"turns":9.0},{"damage":18,"enemies":"2 Thieves","floor":18,"turns":4},{"damage":36,"enemies":"Book of Stabbing","floor":23,"turns":6},{"damage":11,"enemies":"3 Byrds","floor":24,"turns":2}],"seed_played":"3391502784470336356","potions_obtained":[{"floor":1.0,"key":"Fire Potion"},{"floor":7.0,"key":"AttackPotion"},{"floor":8.0,"key":"Weak Potion"},{"floor":10.0,"key":"FearPotion"},{"floor":12.0,"key":"PowerPotion"},{"floor":18,"key":"Energy Potion"}],"is_trial":false,"path_per_floor":["M","?","M","M","M","R","E","M","T","M","E","M","R","E","R","B",null,"M","?","$","?","?","E","M"],"character_chosen":"IRONCLAD","items_purchased":["Forethought"],"campfire_rested":1,"item_purchase_floors":[20],"current_hp_per_floor":[69,69,72,67,67,67,53,58,58,54,45,43,43,17,38,8,56,44,44,44,38,38,12,1,1],"gold":157,"neow_bonus":"RANDOM_COLORLESS_2","is_daily":false,"chose_seed":false,"campfire_upgraded":2,"win_rate":0.0,"timestamp":1613512783,"path_taken":["M","?","M","M","M","R","E","M","T","M","E","M","R","E","R","BOSS","M","?","$","?","?","E","M"],"items_purchased_type":["Card"],"build_version":"2020-12-22","purchased_purges":1,"victory":false,"max_hp_per_floor":[72,72,72,72,72,72,72,72,72,72,72,72,72,72,72,72,72,72,72,72,72,72,72,72,72],"card_choices":[{"not_picked":["Secret Technique","Thinking Ahead"],"picked":"Metamorphosis","floor":0.0},{"not_picked":["Warcry","Body Slam"],"picked":"Flex","floor":1.0},{"not_picked":["Heavy Blade","Sever Soul"],"picked":"Perfected Strike","floor":3.0},{"not_picked":["Clash","Iron Wave"],"picked":"Entrench","floor":4.0},{"not_picked":["Second Wind","Sever Soul"],"picked":"Perfected Strike","floor":5.0},{"not_picked":["Reckless Charge","Corruption"],"picked":"Shockwave","floor":7.0},{"not_picked":["Clothesline","Heavy Blade"],"picked":"Uppercut","floor":8.0},{"not_picked":["Anger","Flex"],"picked":"Perfected Strike","floor":10.0},{"not_picked":["Anger","Dropkick"],"picked":"Evolve","floor":11.0},{"not_picked":["Headbutt","Pommel Strike","Feel No Pain","Sever Soul"],"picked":"SKIP","floor":12.0},{"not_picked":["Exhume","Rage","Havoc","Fire Breathing"],"picked":"SKIP","floor":14.0},{"not_picked":["Corruption","Bludgeon","Offering"],"picked":"Reaper","floor":16.0},{"not_picked":["True Grit","Carnage+1","Anger"],"picked":"Spot Weakness","floor":18},{"not_picked":["Limit Break","Dark Embrace","Carnage+1","Shrug It Off"],"picked":"SKIP","floor":23}],"player_experience":371605,"relics_obtained":[{"floor":7.0,"key":"Incense Burner"},{"floor":11.0,"key":"Question Card"},{"floor":14.0,"key":"FossilizedHelix"},{"floor":23,"key":"Art of War"}],"event_choices":[{"damage_healed":0.0,"max_hp_gain":0.0,"max_hp_loss":0.0,"gold_gain":0.0,"event_name":"Match and Keep!","player_choice":"1 cards matched","floor":2.0,"gold_loss":0.0,"damage_taken":0.0,"cards_obtained":["Bash"]},{"damage_healed":0,"gold_gain":0,"player_choice":"Obtained Relic","damage_taken":0,"relics_obtained":["Bag of Preparation"],"max_hp_gain":0,"max_hp_loss":0,"event_name":"Addict","floor":19,"gold_loss":85},{"damage_healed":0,"gold_gain":0,"player_choice":"Joined the Cult","damage_taken":6,"max_hp_gain":0,"max_hp_loss":0,"event_name":"Nest","floor":21,"gold_loss":0,"cards_obtained":["RitualDagger"]},{"damage_healed":0,"gold_gain":0,"cards_transformed":["Bash"],"player_choice":"Transformed","damage_taken":0,"max_hp_gain":0,"max_hp_loss":0,"event_name":"Transmorgrifier","floor":22,"gold_loss":0,"cards_obtained":["Reckless Charge"]}],"is_beta":false,"boss_relics":[{"not_picked":["Pandora\u0027s Box","Astrolabe"],"picked":"Runic Pyramid"}],"items_purged_floors":[20],"is_endless":false,"potions_floor_spawned":[1,7,8,10,12,18],"killed_by":"3 Byrds","ascension_level":7}}