{"host":"r4aerl4ckfvw1dw3","time":1613440369,"event":{"mods":["BaseMod","BetterRewards","Minty Spire (QoL Compilation)","Quick Restart","StSLib"],"gold_per_floor":[116,130,148,73,84,113,130,130,130,155,177,20,120,50,50,148,148,167,181,181,181],"floor_reached":20,"language":"ENG","playtime":941,"items_purged":["Strike_B"],"score":221,"play_id":"bec746a1-aa6e-44c7-9176-6967b9b7e2a1","local_time":"20210215175249","is_ascension_mode":true,"campfire_choices":[{"data":"Loop","floor":8,"key":"SMITH"},{"floor":15,"key":"REST"}],"circlet_count":0,"master_deck":["Strike_B","Defend_B","Defend_B","Defend_B","Defend_B","Zap","Dualcast","Multi-Cast","Ball Lightning","Coolheaded","Chill","Gash","Loop+1","Leap","Stack","Doom and Gloom","Buffer","Turbo","Loop"],"relics":["Cracked Core","Lantern","Regal Pillow","Boot","Odd Mushroom","Chemical X","Empty Cage"],"acts_visited":["Exordium","TheCity"],"potions_floor_usage":[6,10,11,16,19],"damage_taken":[{"damage":4,"enemies":"Jaw Worm","floor":1,"turns":4},{"damage":1,"enemies":"Cultist","floor":2,"turns":3},{"damage":11,"enemies":"Small Slimes","floor":3,"turns":3},{"damage":0,"enemies":"Gremlin Gang","floor":5,"turns":5},{"damage":7,"enemies":"3 Sentries","floor":6,"turns":7},{"damage":1,"enemies":"Large Slime","floor":7,"turns":5},{"damage":29,"enemies":"Gremlin Nob","floor":10,"turns":4},{"damage":16,"enemies":"The Mushroom Lair","floor":11,"turns":3},{"damage":37,"enemies":"Hexaghost","floor":16,"turns":10},{"damage":24,"enemies":"Spheric Guardian","floor":18,"turns":6},{"damage":21,"enemies":"3 Byrds","floor":19,"turns":5},{"damage":32,"enemies":"Snake Plant","floor":20,"turns":2}],"seed_played":"5090421410098222827","potions_obtained":[{"floor":2,"key":"AttackPotion"},{"floor":3,"key":"Fire Potion"},{"floor":5,"key":"AttackPotion"},{"floor":10,"key":"EssenceOfSteel"},{"floor":18,"key":"Energy Potion"}],"is_trial":false,"path_per_floor":["M","M","M","$","M","E","M","R","T","E","?","$","?","$","R","B",null,"M","M","M"],"character_chosen":"DEFECT","items_purchased":["Chemical X","Doom and Gloom"],"campfire_rested":1,"item_purchase_floors":[12,14],"current_hp_per_floor":[71,70,59,59,59,52,51,51,51,22,6,6,6,6,43,6,75,51,30,0,0],"gold":181,"neow_bonus":"ONE_RANDOM_RARE_CARD","is_daily":false,"chose_seed":false,"campfire_upgraded":1,"win_rate":0.0,"timestamp":1613440369,"path_taken":["M","M","M","$","M","E","M","R","T","E","?","$","?","$","R","BOSS","M","M","M"],"items_purchased_type":["Relic","Card"],"build_version":"2020-12-22","purchased_purges":1,"victory":false,"max_hp_per_floor":[75,75,75,75,75,75,75,75,75,75,75,75,75,75,75,75,75,75,75,75,75],"card_choices":[{"not_picked":["Blizzard","Rip and Tear"],"picked":"Ball Lightning","floor":1},{"not_picked":["Heatsinks","Barrage"],"picked":"Coolheaded","floor":2},{"not_picked":["Streamline","Steam"],"picked":"Chill","floor":3},{"not_picked":["Redo","Conserve Battery"],"picked":"Gash","floor":5},{"not_picked":["Heatsinks","Hologram"],"picked":"Loop","floor":6},{"not_picked":["Rebound","Steam Power"],"picked":"Leap","floor":7},{"not_picked":["Leap","Storm","Rip and Tear"],"picked":"SKIP","floor":10},{"not_picked":["Force Field","Fusion"],"picked":"Stack","floor":11},{"not_picked":["Amplify","Meteor Strike"],"picked":"Buffer","floor":16},{"not_picked":["Beam Cell","Double Energy"],"picked":"Turbo","floor":18},{"not_picked":["Melter","Hologram+1"],"picked":"Loop","floor":19}],"player_experience":606291,"relics_obtained":[{"floor":6,"key":"Lantern"},{"floor":9,"key":"Regal Pillow"},{"floor":10,"key":"Boot"},{"floor":11,"key":"Odd Mushroom"}],"event_choices":[{"damage_healed":0,"gold_gain":0,"player_choice":"Fought Mushrooms","damage_taken":0,"max_hp_gain":0,"max_hp_loss":0,"event_name":"Mushrooms","floor":11,"gold_loss":0},{"damage_healed":0,"gold_gain":100,"player_choice":"Pray","damage_taken":0,"max_hp_gain":0,"max_hp_loss":0,"event_name":"Golden Shrine","floor":13,"gold_loss":0}],"is_beta":false,"boss_relics":[{"not_picked":["SlaversCollar","Nuclear Battery"],"picked":"Empty Cage"}],"items_purged_floors":[4],"is_endless":false,"potions_floor_spawned":[2,3,5,10,18],"killed_by":"Snake Plant","ascension_level":4}}