{"host":"h5fgmkg3q5qe8ocv","time":1613487203,"event":{"mods":["AchievementEnabler","BaseMod","Colored Map","Minty Spire (QoL Compilation)"],"gold_per_floor":[112,112,32,32,32,64,64,81,81,149,167,39,52,71,71,173,223,223],"floor_reached":17,"language":"ENG","playtime":978,"items_purged":["Strike_P"],"score":182,"play_id":"9fc3c584-fbe4-49b3-abc4-fa2e43c7c243","local_time":"20210216155323","is_ascension_mode":false,"campfire_choices":[{"data":"EmptyMind","floor":7,"key":"SMITH"},{"data":"CutThroughFate","floor":15,"key":"SMITH"}],"circlet_count":0,"master_deck":["Strike_P","Strike_P","Defend_P","Defend_P+1","Defend_P","Defend_P","Eruption","Vigilance","EmptyMind+1","Consecrate","CutThroughFate+1","CutThroughFate","EmptyBody","EmptyBody"],"relics":["PureWater","NeowsBlessing","SsserpentHead","Damaru","GoldenEye","Tiny House"],"acts_visited":["Exordium","TheCity"],"potions_floor_usage":[16,16,16],"damage_taken":[{"damage":0,"enemies":"Jaw Worm","floor":1,"turns":1},{"damage":0,"enemies":"Gremlin Nob","floor":6,"turns":1},{"damage":0,"enemies":"Cultist","floor":8,"turns":1},{"damage":0,"enemies":"Small Slimes","floor":10,"turns":3},{"damage":7,"enemies":"3 Louse","floor":11,"turns":2},{"damage":1,"enemies":"Red Slaver","floor":13,"turns":4},{"damage":4,"enemies":"Exordium Thugs","floor":14,"turns":5},{"damage":16,"enemies":"Hexaghost","floor":16,"turns":8}],"seed_played":"8143717519479412345","potions_obtained":[{"floor":1,"key":"BlessingOfTheForge"},{"floor":13,"key":"SteroidPotion"},{"floor":14,"key":"EssenceOfSteel"},{"floor":16,"key":"PowerPotion"},{"floor":17,"key":"Block Potion"}],"is_trial":false,"path_per_floor":["M","?","$","?","?","E","R","M","T","M","M","$","M","M","R","B",null],"character_chosen":"WATCHER","items_purchased":["EmptyMind","EmptyBody"],"campfire_rested":0,"item_purchase_floors":[3,12],"current_hp_per_floor":[72,72,72,65,65,65,65,65,65,65,58,58,57,53,53,37,77,77],"gold":223,"neow_bonus":"THREE_ENEMY_KILL","is_daily":false,"chose_seed":false,"campfire_upgraded":2,"win_rate":0.0,"timestamp":1613487203,"path_taken":["M","?","?","?","?","E","R","M","T","?","M","$","M","M","R","BOSS"],"items_purchased_type":["Card","Card"],"build_version":"2020-12-22","purchased_purges":1,"victory":false,"max_hp_per_floor":[72,72,72,72,72,72,72,72,72,72,72,72,72,72,72,72,77,77],"card_choices":[{"not_picked":["CarveReality","ClearTheMind","JustLucky"],"picked":"SKIP","floor":1},{"not_picked":["Prostrate","Crescendo"],"picked":"Consecrate","floor":6},{"not_picked":["CrushJoints","FearNoEvil"],"picked":"CutThroughFate","floor":8},{"not_picked":["Sanctity","Indignation"],"picked":"CutThroughFate","floor":10},{"not_picked":["Prostrate","Worship","FlurryOfBlows"],"picked":"SKIP","floor":11},{"not_picked":["ConjureBlade","Tantrum","FlyingSleeves"],"picked":"SKIP","floor":13},{"not_picked":["Fasting2","JustLucky","Worship"],"picked":"SKIP","floor":14},{"not_picked":["Indignation","CrushJoints"],"picked":"EmptyBody","floor":17}],"player_experience":45216,"relics_obtained":[{"floor":6,"key":"Damaru"},{"floor":9,"key":"GoldenEye"}],"event_choices":[{"damage_healed":0,"gold_gain":0,"player_choice":"Ignored","damage_taken":0,"max_hp_gain":0,"max_hp_loss":0,"event_name":"NoteForYourself","floor":2,"gold_loss":0},{"cards_removed":["Strike_P"],"damage_healed":0,"gold_gain":0,"player_choice":"Card Removal","damage_taken":7,"max_hp_gain":0,"max_hp_loss":0,"event_name":"Golden Wing","floor":4,"gold_loss":0},{"damage_healed":0,"gold_gain":0,"player_choice":"Trade","damage_taken":0,"relics_obtained":["SsserpentHead"],"max_hp_gain":0,"max_hp_loss":0,"event_name":"FaceTrader","floor":5,"gold_loss":0}],"is_beta":false,"boss_relics":[{"not_picked":["Ectoplasm","Runic Dome"],"picked":"Tiny House"}],"items_purged_floors":[12],"is_endless":false,"potions_floor_spawned":[1,13,14,16],"ascension_level":0}}