{"host":"0k7350af1t8odskw","time":1613500858,"event":{"mods":["AchievementEnabler","BaseMod","Better Vampires","BetterRewards","Colored Map","Downfall","Highlight Path","Hubris","Jorbs\u0027s Wanderer Trilogy","Lobotomy","Marisa£®ÏF”Í°°ƒß¿Ì…≥£©","Minty Spire (QoL Compilation)","Quick Restart","Replay The Spire","Shop Mod","StSLib","The Administrix","The Cursed","The Death Knight","The Runesmith","Youmu£®ªÍ∆«—˝√Œ£©"],"gold_per_floor":[110,110,110,124,138,170,170,182,182,216,216,216,216,180,180,283,283,294,294,304,354,371,371,129,129,202,220,220,237,237,256,256,353,353,364,364,69,85,85,114,114,114,114,114,124,124,134,145,145,145,145],"floor_reached":50,"language":"ZHS","playtime":2369,"items_purged":[],"score":746,"play_id":"d63a7b17-0594-4a8b-8c6c-7b8881e0b10b","local_time":"20210216104058","is_ascension_mode":true,"campfire_choices":[{"data":"Double Tap","floor":7,"key":"SMITH"},{"data":"Thunderclap","floor":13,"key":"SMITH"},{"data":"ReplayTheSpireMod:Muscle Training","floor":15,"key":"SMITH"},{"data":"Searing Blow","floor":23,"key":"SMITH"},{"data":"Apotheosis","floor":25,"key":"SMITH"},{"data":"Bludgeon","floor":30,"key":"SMITH"},{"floor":32,"key":"REST"},{"data":"Whirlwind","floor":42,"key":"SMITH"},{"data":"Searing Blow+1","floor":44,"key":"SMITH"},{"data":"Combust","floor":46,"key":"SMITH"},{"floor":49,"key":"REST"}],"circlet_count":0,"master_deck":["Strike_R","Strike_R","Strike_R","Strike_R","Strike_R","Defend_R","Defend_R","Defend_R","Flex+1","Intimidate","Reaper+1","ReplayTheSpireMod:Limb From Limb","Clash","Thunderclap+1","ReplayTheSpireMod:Muscle Training+1","Double Tap+1","Armaments","Replay:Undeath\u0027s Touch","Survivor+1","Neutralize+1","Warcry+1","Bludgeon+1","Flex","hubris:ReadiedAction+1","Searing Blow+2","Inflame+1","Apotheosis+1","Anger+1","Anger","Whirlwind+1","hubris:StunningStrike","Life Link+1","Trip","Cleave","Pommel Strike+1","Run Through+1","Madness","Madness","Combust+1","Wild Strike+1","Clash"],"relics":["Black Blood","hubris:EmptyBottle","Ginger","Bag of Preparation","hubris:ChampionShield","WingedGreaves","Du-Vu Doll","Runic Cube","Iron Hammer","Onion Ring","Chemical X","Lantern","Eternal Feather","hubris:BottledRain"],"acts_visited":["Exordium","TheCity","TheBeyond"],"potions_floor_usage":[10,22,27,29,33,33,33,33,40,47,47,50,50],"damage_taken":[{"damage":0,"enemies":"Cultist","floor":1,"turns":2},{"damage":9,"enemies":"Jaw Worm","floor":4,"turns":2},{"damage":0,"enemies":"2 Louse","floor":5,"turns":3},{"damage":38,"enemies":"3 Sentries","floor":6,"turns":5},{"damage":1,"enemies":"Exordium Wildlife","floor":8,"turns":3},{"damage":15,"enemies":"Lagavulin","floor":10,"turns":3},{"damage":33,"enemies":"Fading Forest","floor":16,"turns":11},{"damage":13,"enemies":"Chosen","floor":18,"turns":5},{"damage":5,"enemies":"Shell Parasite","floor":20,"turns":3},{"damage":38,"enemies":"Centurion and Healer","floor":22,"turns":8},{"damage":31,"enemies":"Snake Plant","floor":27,"turns":2},{"damage":16,"enemies":"Snecko","floor":29,"turns":4},{"damage":15,"enemies":"Centurion and Healer","floor":31,"turns":2},{"damage":32,"enemies":"hubris:MusketHawk","floor":33,"turns":7},{"damage":14,"enemies":"Orb Walker","floor":35,"turns":3},{"damage":0,"enemies":"3 Shapes","floor":38,"turns":3},{"damage":28,"enemies":"Nemesis","floor":40,"turns":6},{"damage":15,"enemies":"Transient","floor":45,"turns":5},{"damage":47,"enemies":"Maw","floor":47,"turns":6},{"damage":36,"enemies":"Spire Growth","floor":48,"turns":3},{"damage":92,"enemies":"hubris:GrandSnecko","floor":50,"turns":9}],"seed_played":"-3100917627718798267","potions_obtained":[{"floor":1,"key":"Death Potion"},{"floor":5,"key":"LiquidMemories"},{"floor":10,"key":"LifebloodPotion"},{"floor":16,"key":"SteroidPotion"},{"floor":27,"key":"Block Potion"},{"floor":31,"key":"Weak Potion"},{"floor":38,"key":"Block Potion"},{"floor":47,"key":"SkillPotion"}],"is_trial":false,"path_per_floor":["M","?","?","M","M","E","R","M","T","E","?","?","R","$","R","B",null,"M","$","M","?","M","R","$","R","T","M","T","M","R","M","R","B",null,"M","?","$","M","$","E","?","R","T","R","M","R","M","M","R","B"],"character_chosen":"IRONCLAD","items_purchased":["hubris:EmptyBottle","Ginger","Bag of Preparation","Flex+1","Cleave","Intimidate","Warcry+1","Inflame+1","Apotheosis","Chemical X","Lantern"],"campfire_rested":2,"item_purchase_floors":[0,0,0,0,0,0,14,24,24,37,37],"current_hp_per_floor":[50,50,55,61,70,58,58,69,69,74,74,74,74,74,74,56,80,73,73,74,74,51,51,51,51,51,26,26,34,34,48,72,54,80,78,78,78,80,80,64,54,75,75,80,77,80,45,37,80,0,0],"gold":145,"neow_bonus":"","is_daily":false,"chose_seed":false,"campfire_upgraded":9,"win_rate":0.0,"timestamp":1613500858,"path_taken":["M","?","?","M","M","E","R","M","T","E","?","?","R","$","R","BOSS","M","$","M","?","?","R","$","R","T","M","?","M","R","M","R","BOSS","M","?","$","?","$","E","?","R","T","R","M","R","M","M","R","BOSS"],"items_purchased_type":["Relic","Relic","Relic","Card","Card","Card","Card","Card","Card","Relic","Card"],"build_version":"2020-12-22","purchased_purges":0,"victory":false,"max_hp_per_floor":[75,75,80,80,80,80,80,80,80,80,80,80,80,80,80,80,80,80,80,80,80,80,80,80,80,80,80,80,80,80,80,80,80,80,80,80,80,80,80,80,80,80,80,80,80,80,80,80,80,80,80],"card_choices":[{"not_picked":["ReplayReversal","hubris:CleavingFinish"],"picked":"Clash","floor":1},{"not_picked":["Pommel Strike","Life Link"],"picked":"Thunderclap","floor":4},{"not_picked":["True Grit","Body Slam"],"picked":"ReplayTheSpireMod:Muscle Training","floor":5},{"not_picked":["Disarm","Massacre"],"picked":"Double Tap","floor":6},{"not_picked":["Warcry","Carnage"],"picked":"Armaments","floor":8},{"not_picked":["ReplayReversal","Offering"],"picked":"Replay:Undeath\u0027s Touch","floor":10},{"not_picked":["Offering","Exhume"],"picked":"Bludgeon","floor":16},{"not_picked":["Wild Strike","Infernal Blade"],"picked":"Flex","floor":18},{"not_picked":["Clash","Sword Boomerang"],"picked":"hubris:ReadiedAction+1","floor":20},{"not_picked":["Twin Strike","Shrug It Off"],"picked":"Searing Blow","floor":22},{"not_picked":["Clothesline+1","Intimidate"],"picked":"Anger+1","floor":27},{"not_picked":["Clash","Eclipse"],"picked":"Anger","floor":29},{"not_picked":["Infernal Blade","Iron Wave"],"picked":"Whirlwind","floor":31},{"not_picked":["Brutality","Eclipse"],"picked":"hubris:StunningStrike","floor":33},{"not_picked":["hubris:ReadiedAction+1","True Grit+1"],"picked":"Life Link+1","floor":35},{"not_picked":["hubris:ReadiedAction","Armaments"],"picked":"Pommel Strike+1","floor":38},{"not_picked":["hubris:ReadiedAction","Thunderclap"],"picked":"Run Through+1","floor":40},{"not_picked":["True Grit+1","Shrug It Off+1"],"picked":"Combust","floor":45},{"not_picked":["Thunderclap","Replay:Many Hands"],"picked":"Wild Strike+1","floor":47},{"not_picked":["Second Wind+1","Intimidate"],"picked":"Clash","floor":48}],"player_experience":166848,"relics_obtained":[{"floor":6,"key":"hubris:ChampionShield"},{"floor":9,"key":"WingedGreaves"},{"floor":10,"key":"Du-Vu Doll"},{"floor":26,"key":"Iron Hammer"},{"floor":28,"key":"Onion Ring"},{"floor":40,"key":"Eternal Feather"},{"floor":43,"key":"hubris:BottledRain"}],"event_choices":[{"damage_healed":0,"gold_gain":0,"player_choice":"Donut","damage_taken":0,"max_hp_gain":5,"max_hp_loss":0,"event_name":"Big Fish","floor":3,"gold_loss":0},{"damage_healed":0,"gold_gain":0,"player_choice":"Grow","damage_taken":0,"max_hp_gain":0,"max_hp_loss":0,"event_name":"Living Wall","floor":11,"gold_loss":0,"cards_upgraded":["Bash"]},{"damage_healed":0,"gold_gain":100,"player_choice":"Bet on Murderer","damage_taken":0,"max_hp_gain":0,"max_hp_loss":0,"event_name":"The Joust","floor":21,"gold_loss":50},{"damage_healed":0,"gold_gain":0,"player_choice":"2 cards matched","damage_taken":0,"max_hp_gain":0,"max_hp_loss":0,"event_name":"Match and Keep!","floor":36,"gold_loss":0,"cards_obtained":["Trip","Cleave"]},{"damage_healed":0,"gold_gain":0,"player_choice":"Embrace Madness","damage_taken":10,"max_hp_gain":0,"max_hp_loss":0,"event_name":"Winding Halls","floor":41,"gold_loss":0,"cards_obtained":["Madness","Madness"]}],"is_beta":false,"boss_relics":[{"not_picked":["Empty Cage","Kintsugi"],"picked":"Runic Cube"},{"not_picked":["Astrolabe","hubris:GrandSneckoEye"],"picked":"Black Blood"}],"items_purged_floors":[],"is_endless":false,"potions_floor_spawned":[1,5,10,16,20,22,27,31,38,47],"killed_by":"hubris:GrandSnecko","ascension_level":2}}