{"host":"kg61lsvem4dxoat8","time":1613494257,"event":{"mods":["AchievementEnabler","BaseMod","Better Altar","Better Match","Better Sensory Stone","Better Skull","Block Reminder","Highlight Path","Minty Spire (QoL Compilation)","Quick Restart","Rare Cards Sparkle","Relic Sorter","Relic Stats","StSLib","Synergy Search","slay the spire mod where everything is the same but ironclad has a cowboy hat"],"gold_per_floor":[115,130,130,46,46,78,89,89,89],"floor_reached":8,"language":"ENG","playtime":126,"items_purged":[],"score":162,"play_id":"d4fb4e5b-a9fd-4955-a9a5-3ed186437f43","local_time":"20210217005057","is_ascension_mode":true,"campfire_choices":[],"circlet_count":0,"master_deck":["AscendersBane","Strike_G","Strike_G","Strike_G","Defend_G","Defend_G","Defend_G","Defend_G","Defend_G","Survivor","Neutralize","Calculated Gamble","Infinite Blades","Bullet Time"],"relics":["Ring of the Snake","NeowsBlessing","Pantograph"],"acts_visited":["Exordium"],"potions_floor_usage":[],"damage_taken":[{"damage":0,"enemies":"Small Slimes","floor":1,"turns":1},{"damage":0,"enemies":"Jaw Worm","floor":2,"turns":1},{"damage":0,"enemies":"3 Sentries","floor":6,"turns":2},{"damage":6,"enemies":"Cultist","floor":7,"turns":5},{"damage":53,"enemies":"Gremlin Nob","floor":8,"turns":5}],"seed_played":"-9162357784990472737","potions_obtained":[],"is_trial":false,"path_per_floor":["M","M","?","$","?","E","M","E"],"character_chosen":"THE_SILENT","items_purchased":["Infinite Blades"],"campfire_rested":0,"item_purchase_floors":[4],"current_hp_per_floor":[59,59,59,59,59,59,53,0,0],"gold":89,"neow_bonus":"THREE_ENEMY_KILL","is_daily":false,"chose_seed":false,"campfire_upgraded":0,"win_rate":0.0,"timestamp":1613494257,"path_taken":["M","M","?","$","?","E","?","E"],"items_purchased_type":["Card"],"build_version":"2020-12-22","purchased_purges":0,"victory":false,"max_hp_per_floor":[66,66,66,66,66,66,66,66,66],"relic_stats":{"counters":[5,14],"Pantograph":0,"obtain_stats":[{"NeowsBlessing":0,"Pantograph":6,"Ring of the Snake":0},{"NeowsBlessing":0,"Pantograph":3,"Ring of the Snake":0},{"NeowsBlessing":0,"Pantograph":4,"Ring of the Snake":0}],"Ring of the Snake":[10]},"card_choices":[{"not_picked":["Deadly Poison","Reflex"],"picked":"Calculated Gamble","floor":1},{"not_picked":["Endless Agony","Bane","Leg Sweep"],"picked":"SKIP","floor":2},{"not_picked":["Bullet Time","Bane","Acrobatics"],"picked":"SKIP","floor":6},{"not_picked":["Bane","Calculated Gamble","Deflect"],"picked":"SKIP","floor":7}],"player_experience":1552159,"relics_obtained":[{"floor":6,"key":"Pantograph"}],"event_choices":[{"cards_removed":["Strike_G"],"damage_healed":0,"gold_gain":0,"player_choice":"Forget","damage_taken":0,"max_hp_gain":0,"max_hp_loss":0,"event_name":"Living Wall","floor":3,"gold_loss":0},{"damage_healed":0,"gold_gain":0,"cards_transformed":["Strike_G"],"player_choice":"Transformed","damage_taken":0,"max_hp_gain":0,"max_hp_loss":0,"event_name":"Transmorgrifier","floor":5,"gold_loss":0,"cards_obtained":["Bullet Time"]}],"is_beta":false,"boss_relics":[],"items_purged_floors":[],"is_endless":false,"potions_floor_spawned":[],"killed_by":"Gremlin Nob","ascension_level":20}}