{"host":"wuernuywc9gl215o","time":1613492642,"event":{"mods":["2.2 Compatiblity","AchievementEnabler","BaseMod","Bestiary","Block Reminder","Displayed Cursed Tome","Highlight Path","Key Reminder","Minty Spire (QoL Compilation)","Permanent Neow","Potion Indicator Mod","Quick Restart","Rare Cards Sparkle","Relic Stats","ojb\u0027s Info Mod"],"gold_per_floor":[112,124,141,155,173,205,205,237,261,261,3,3,3,18,18,93,93,103,103,103,114,139,139,31,63,63,80,80,100,100,50,50,129,129,144,144,157,176,188,216,216,216,242,255,282,300,22,22,22,22,22,22,22,22,52,52,52],"floor_reached":56,"language":"ENG","playtime":4748,"items_purged":["Normality","Strike_R+1","Doubt"],"score":1874,"play_id":"beb8b4cc-de15-452d-9621-cfc2bacc72cf","local_time":"20210216162402","is_ascension_mode":true,"campfire_choices":[{"data":"Shockwave","floor":7.0,"key":"SMITH"},{"floor":10.0,"key":"DIG"},{"data":"Feed","floor":12.0,"key":"SMITH"},{"floor":15.0,"key":"DIG"},{"data":"Limit Break","floor":23.0,"key":"SMITH"},{"floor":28.0,"key":"REST"},{"data":"Flame Barrier","floor":32.0,"key":"SMITH"},{"floor":41.0,"key":"DIG"},{"floor":49.0,"key":"RECALL"},{"floor":53,"key":"DIG"}],"circlet_count":0,"master_deck":["AscendersBane","Strike_R+1","Strike_R+1","Strike_R+1","Defend_R+1","Defend_R+1","Defend_R+1","Defend_R+1","Bash","Shockwave+1","Shrug It Off","Sword Boomerang","Twin Strike","Dropkick","Reaper","Inflame","Battle Trance","Feed+1","Carnage","Limit Break+1","Flame Barrier+1","Shrug It Off","Flex+1","Burning Pact","Exhume","Feed","Dual Wield","Rage+1","Spot Weakness","Regret","Pummel","Metallicize+1","Iron Wave+1"],"relics":["Cursed Key","Smiling Mask","Shovel","Blood Vial","Strawberry","Dream Catcher","Runic Pyramid","Red Mask","Lantern","MealTicket","Fusion Hammer","Bottled Flame","Sundial","Centennial Puzzle","Mummified Hand","Pear","Art of War"],"acts_visited":["Exordium","TheCity","TheBeyond","TheEnding"],"potions_floor_usage":[50,56,56],"damage_taken":[{"damage":1.0,"enemies":"2 Louse","floor":1.0,"turns":4.0},{"damage":7.0,"enemies":"Jaw Worm","floor":2.0,"turns":3.0},{"damage":1.0,"enemies":"Small Slimes","floor":3.0,"turns":4.0},{"damage":0.0,"enemies":"Blue Slaver","floor":4.0,"turns":4.0},{"damage":4.0,"enemies":"Exordium Thugs","floor":5.0,"turns":4.0},{"damage":32.0,"enemies":"3 Sentries","floor":6.0,"turns":12.0},{"damage":12.0,"enemies":"Lagavulin","floor":8.0,"turns":7.0},{"damage":8.0,"enemies":"Looter","floor":14.0,"turns":3.0},{"damage":17.0,"enemies":"Hexaghost","floor":16.0,"turns":7.0},{"damage":5.0,"enemies":"Spheric Guardian","floor":18.0,"turns":4.0},{"damage":22.0,"enemies":"2 Thieves","floor":21.0,"turns":4.0},{"damage":24.0,"enemies":"Masked Bandits","floor":22.0,"turns":5.0},{"damage":46.0,"enemies":"Slavers","floor":25.0,"turns":6.0},{"damage":24.0,"enemies":"Cultist and Chosen","floor":27.0,"turns":7.0},{"damage":2.0,"enemies":"Snake Plant","floor":29.0,"turns":4.0},{"damage":61.0,"enemies":"Collector","floor":33.0,"turns":10.0},{"damage":0.0,"enemies":"Orb Walker","floor":35.0,"turns":3.0},{"damage":2.0,"enemies":"3 Darklings","floor":37.0,"turns":4.0},{"damage":30.0,"enemies":"Maw","floor":38.0,"turns":6.0},{"damage":0.0,"enemies":"Transient","floor":39.0,"turns":6.0},{"damage":43.0,"enemies":"Nemesis","floor":40.0,"turns":9.0},{"damage":24.0,"enemies":"3 Darklings","floor":44.0,"turns":6.0},{"damage":100.0,"enemies":"Reptomancer","floor":45.0,"turns":8.0},{"damage":24.0,"enemies":"Spire Growth","floor":46.0,"turns":4.0},{"damage":94,"enemies":"Donu and Deca","floor":50,"turns":8},{"damage":107,"enemies":"Awakened One","floor":51,"turns":13},{"damage":140,"enemies":"Shield and Spear","floor":55,"turns":9},{"damage":90,"enemies":"The Heart","floor":56,"turns":5}],"seed_played":"2286047887006335902","potions_obtained":[{"floor":1.0,"key":"Dexterity Potion"},{"floor":2.0,"key":"Strength Potion"},{"floor":5.0,"key":"Regen Potion"},{"floor":8.0,"key":"Ancient Potion"},{"floor":22.0,"key":"Fire Potion"},{"floor":27.0,"key":"PowerPotion"},{"floor":33.0,"key":"BlessingOfTheForge"},{"floor":37.0,"key":"BlessingOfTheForge"},{"floor":39.0,"key":"LiquidMemories"},{"floor":40.0,"key":"Fire Potion"},{"floor":44.0,"key":"Dexterity Potion"},{"floor":55,"key":"Block Potion"}],"is_trial":false,"path_per_floor":["M","M","M","M","M","E","R","E","T","R","$","R","?","M","R","B",null,"M","?","?","M","?","R","$","E","T","M","R","M","?","$","R","B",null,"M","?","M","M","M","E","R","?","T","M","E","M","$","?","R","B","B",null,"R","$","E","B"],"character_chosen":"IRONCLAD","items_purchased":["Battle Trance","Feed","Shrug It Off","Mummified Hand"],"campfire_rested":1,"item_purchase_floors":[11,11,24,47],"current_hp_per_floor":[67,60,59,59,55,38,38,32,32,39,39,39,32,35,35,29,69,70,70,70,69,60,60,60,44,44,35,65,84,52,67,67,101,109,115,109,110,86,106,105,105,105,105,124,72,69,84,84,84,47,96,131,141,153,86,0,0],"gold":52,"neow_bonus":"BOSS_RELIC","is_daily":false,"chose_seed":false,"campfire_upgraded":4,"win_rate":0.0,"timestamp":1613492642,"path_taken":["M","M","M","M","M","E","R","E","T","R","$","R","?","M","R","BOSS","M","?","?","M","?","R","?","E","T","?","R","M","?","$","R","BOSS","M","?","M","M","M","E","R","?","T","?","E","M","?","?","R","BOSS","BOSS","R","$","E","BOSS"],"items_purchased_type":["Card","Card","Card","Relic"],"build_version":"2020-12-22","purchased_purges":3,"victory":false,"max_hp_per_floor":[75,75,75,75,75,75,75,75,75,82,82,82,82,82,82,82,82,86,86,86,90,94,94,94,98,98,102,102,106,111,111,111,111,111,115,109,112,116,116,120,120,120,120,124,128,128,128,128,128,136,143,143,153,153,157,157,157],"relic_stats":{"Blood Vial":36,"Dream Catcher":1,"Centennial Puzzle":[12],"Shovel":4,"counters":[28,169],"Sundial":[4],"Mummified Hand":[13],"MealTicket":42,"Art of War":[1],"Cursed Key":3,"Smiling Mask":150,"obtain_stats":[{"Lantern":25,"Pear":53,"Cursed Key":0,"Smiling Mask":6,"Burning Blood":0,"Blood Vial":9,"keyreminder:keyreminder":43,"Dream Catcher":15,"Bottled Flame":40,"Centennial Puzzle":45,"Shovel":8,"Sundial":41,"Mummified Hand":47,"Strawberry":10,"MealTicket":26,"Fusion Hammer":34,"Red Mask":22,"Art of War":55,"Runic Pyramid":17},{"Lantern":13,"Pear":26,"Cursed Key":0,"Smiling Mask":6,"Burning Blood":0,"Blood Vial":7,"keyreminder:keyreminder":21,"Dream Catcher":8,"Bottled Flame":21,"Centennial Puzzle":23,"Shovel":7,"Sundial":21,"Mummified Hand":24,"Strawberry":7,"MealTicket":13,"Fusion Hammer":16,"Red Mask":12,"Art of War":27,"Runic Pyramid":9},{"Lantern":67,"Pear":155,"Cursed Key":0,"Smiling Mask":31,"Burning Blood":0,"Blood Vial":38,"keyreminder:keyreminder":116,"Dream Catcher":41,"Bottled Flame":116,"Centennial Puzzle":130,"Shovel":38,"Sundial":116,"Mummified Hand":134,"Strawberry":38,"MealTicket":67,"Fusion Hammer":88,"Red Mask":61,"Art of War":164,"Runic Pyramid":48}]},"card_choices":[{"not_picked":["Anger","Power Through"],"picked":"Shockwave","floor":1.0},{"not_picked":["Havoc","Clothesline"],"picked":"Shrug It Off","floor":2.0},{"not_picked":["Body Slam","Dark Embrace"],"picked":"Sword Boomerang","floor":3.0},{"not_picked":["Heavy Blade","Anger"],"picked":"Twin Strike","floor":4.0},{"not_picked":["Anger","Thunderclap"],"picked":"Dropkick","floor":5.0},{"not_picked":["Flex","Intimidate"],"picked":"Reaper","floor":6.0},{"not_picked":["Ghostly Armor","Wild Strike"],"picked":"Inflame","floor":8.0},{"not_picked":["Cleave","Metallicize"],"picked":"Carnage","floor":14.0},{"not_picked":["Feed","Immolate"],"picked":"Limit Break","floor":16.0},{"not_picked":["Battle Trance","Carnage","Iron Wave"],"picked":"SKIP","floor":18.0},{"not_picked":["Intimidate","Rampage","Wild Strike"],"picked":"SKIP","floor":21.0},{"not_picked":["Searing Blow","Twin Strike"],"picked":"Flex+1","floor":25.0},{"not_picked":["Shrug It Off","Anger"],"picked":"Burning Pact","floor":27.0},{"not_picked":["Perfected Strike","Flex"],"picked":"Exhume","floor":28.0},{"not_picked":["Inflame","Rupture","Entrench"],"picked":"SKIP","floor":29.0},{"not_picked":["Fiend Fire","Bludgeon"],"picked":"Feed","floor":33.0},{"not_picked":["Shrug It Off","Thunderclap","Carnage"],"picked":"SKIP","floor":35.0},{"not_picked":["Body Slam","Havoc+1"],"picked":"Dual Wield","floor":37.0},{"not_picked":["Carnage","Clash"],"picked":"Rage","floor":38.0},{"not_picked":["Anger","Entrench","Flex"],"picked":"SKIP","floor":39.0},{"not_picked":["Metallicize","Fire Breathing"],"picked":"Spot Weakness","floor":40.0},{"not_picked":["Armaments","True Grit","Clash"],"picked":"SKIP","floor":44.0},{"not_picked":["Rage","Fiend Fire"],"picked":"Pummel","floor":45.0},{"not_picked":["Shrug It Off","Battle Trance+1"],"picked":"Metallicize+1","floor":46.0},{"not_picked":["Pummel","Sever Soul"],"picked":"Iron Wave+1","floor":55}],"player_experience":984370,"relics_obtained":[{"floor":6.0,"key":"Smiling Mask"},{"floor":8.0,"key":"Shovel"},{"floor":9.0,"key":"Blood Vial"},{"floor":10.0,"key":"Strawberry"},{"floor":15.0,"key":"Dream Catcher"},{"floor":22.0,"key":"Red Mask"},{"floor":25.0,"key":"Lantern"},{"floor":26.0,"key":"MealTicket"},{"floor":40.0,"key":"Bottled Flame"},{"floor":41.0,"key":"Sundial"},{"floor":45.0,"key":"Centennial Puzzle"},{"floor":53,"key":"Pear"},{"floor":55,"key":"Art of War"}],"event_choices":[{"cards_removed":["Strike_R"],"damage_healed":0.0,"max_hp_gain":0.0,"max_hp_loss":0.0,"gold_gain":0.0,"event_name":"Golden Wing","player_choice":"Card Removal","floor":13.0,"gold_loss":0.0,"damage_taken":7.0},{"damage_healed":0.0,"max_hp_gain":0.0,"max_hp_loss":0.0,"gold_gain":0.0,"event_name":"Back to Basics","player_choice":"Simplicity","floor":19.0,"gold_loss":0.0,"damage_taken":0.0,"cards_upgraded":["Strike_R","Strike_R","Strike_R","Strike_R","Defend_R","Defend_R","Defend_R","Defend_R"]},{"damage_healed":0.0,"max_hp_gain":0.0,"max_hp_loss":0.0,"gold_gain":0.0,"event_name":"The Library","player_choice":"Read","floor":20.0,"gold_loss":0.0,"damage_taken":0.0,"cards_obtained":["Flame Barrier"]},{"damage_healed":0.0,"max_hp_gain":0.0,"max_hp_loss":0.0,"gold_gain":0.0,"event_name":"Masked Bandits","player_choice":"Fought Bandits","floor":22.0,"gold_loss":0.0,"damage_taken":0.0},{"damage_healed":0.0,"max_hp_gain":5.0,"max_hp_loss":0.0,"gold_gain":0.0,"event_name":"Forgotten Altar","player_choice":"Shed Blood","floor":30.0,"gold_loss":0.0,"damage_taken":37.0},{"damage_healed":0.0,"max_hp_gain":0.0,"max_hp_loss":6.0,"gold_gain":0.0,"event_name":"Winding Halls","player_choice":"Max HP","floor":36.0,"gold_loss":0.0,"damage_taken":0.0},{"damage_healed":0.0,"max_hp_gain":0.0,"max_hp_loss":0.0,"gold_gain":0.0,"event_name":"Accursed Blacksmith","player_choice":"Forge","floor":42.0,"gold_loss":0.0,"damage_taken":0.0,"cards_upgraded":["Rage"]},{"damage_healed":0.0,"max_hp_gain":0.0,"max_hp_loss":0.0,"gold_gain":0.0,"event_name":"Tomb of Lord Red Mask","player_choice":"Ignored","floor":48.0,"gold_loss":0.0,"damage_taken":0.0}],"is_beta":false,"boss_relics":[{"not_picked":["Philosopher\u0027s Stone","Ectoplasm"],"picked":"Runic Pyramid"},{"not_picked":["Calling Bell","Velvet Choker"],"picked":"Fusion Hammer"}],"items_purged_floors":[11,24,31],"is_endless":false,"potions_floor_spawned":[1,2,3,5,8,22,27,33,37,39,40,44,46,55],"killed_by":"The Heart","ascension_level":20}}