{"host":"raaimkojny05jekw","time":1613455969,"event":{"mods":["AchievementEnabler","BaseMod","Colored Map","Colored Powertips","DeckTracker","Minty Spire (QoL Compilation)","Quick Restart","Rare Cards Sparkle","everything is the same but u backflip on backflip"],"gold_per_floor":[110,35,48,48,66,66,66,66,93,112,124,124,124,150,150,246,246,264,277,303,228,239,239,52,52,121,3,3,22,22,36,36,36,36],"floor_reached":33,"language":"KOR","playtime":768,"items_purged":["Strike_R"],"score":343,"play_id":"386b40d6-d8ec-4d69-bcb8-0cdafe9e5603","local_time":"20210216151249","is_ascension_mode":true,"campfire_choices":[{"data":"Mind Blast","floor":6,"key":"SMITH"},{"data":"Bash","floor":8,"key":"SMITH"},{"data":"Hemokinesis","floor":12,"key":"SMITH"},{"data":"Feed","floor":15,"key":"SMITH"},{"data":"Offering","floor":23,"key":"SMITH"},{"data":"Immolate","floor":25,"key":"SMITH"},{"data":"Evolve","floor":30,"key":"SMITH"},{"data":"Twin Strike","floor":32,"key":"SMITH"}],"circlet_count":0,"master_deck":["Strike_R","Strike_R","Strike_R","Defend_R","Defend_R","Defend_R","Bash+1","Mind Blast+1","Headbutt","Reckless Charge","Bloodletting","Offering+1","Hemokinesis+1","Feed+1","Immolate+1","Infernal Blade+1","Flame Barrier","Reaper","Battle Trance","Evolve+1","Twin Strike+1"],"relics":["Burning Blood","Vajra","Bag of Preparation","Bag of Marbles","Coffee Dripper","Red Mask","Membership Card","StrikeDummy","Strawberry"],"acts_visited":["Exordium","TheCity"],"potions_floor_usage":[33,33],"damage_taken":[{"damage":6,"enemies":"Cultist","floor":1,"turns":4},{"damage":8,"enemies":"2 Louse","floor":3,"turns":4},{"damage":7,"enemies":"Small Slimes","floor":5,"turns":3},{"damage":6,"enemies":"Blue Slaver","floor":10,"turns":2},{"damage":15,"enemies":"2 Fungi Beasts","floor":11,"turns":3},{"damage":18,"enemies":"Lagavulin","floor":14,"turns":5},{"damage":39,"enemies":"Hexaghost","floor":16,"turns":6},{"damage":13,"enemies":"Chosen","floor":18,"turns":3},{"damage":2,"enemies":"Shell Parasite","floor":19,"turns":1},{"damage":0,"enemies":"Masked Bandits","floor":20,"turns":2},{"damage":0,"enemies":"3 Cultists","floor":22,"turns":2},{"damage":13,"enemies":"Cultist and Chosen","floor":29,"turns":3},{"damage":15,"enemies":"Snecko","floor":31,"turns":3},{"damage":106,"enemies":"Champ","floor":33,"turns":5}],"seed_played":"2737693969093018022","potions_obtained":[{"floor":1,"key":"SpeedPotion"},{"floor":14,"key":"Ancient Potion"},{"floor":19,"key":"Block Potion"},{"floor":22,"key":"DuplicationPotion"}],"is_trial":false,"path_per_floor":["M","$","M","?","M","R","$","R","T","M","M","R","?","E","R","B",null,"M","M","?","?","M","R","$","R","T","$","?","M","R","M","R","B"],"character_chosen":"IRONCLAD","items_purchased":["Membership Card","Battle Trance","Evolve","Strawberry"],"campfire_rested":0,"item_purchase_floors":[24,24,27,27],"current_hp_per_floor":[72,72,70,70,69,69,69,69,69,69,60,60,60,48,48,15,64,61,65,71,71,77,77,77,77,77,84,84,84,84,82,82,0,0],"gold":36,"neow_bonus":"RANDOM_COLORLESS","is_daily":false,"chose_seed":false,"campfire_upgraded":8,"win_rate":0.0,"timestamp":1613455969,"path_taken":["M","$","?","?","M","R","?","R","T","M","M","R","?","E","R","BOSS","M","M","?","?","M","R","$","R","T","$","?","M","R","M","R","BOSS"],"items_purchased_type":["Relic","Card","Card","Relic"],"build_version":"2020-12-22","purchased_purges":1,"victory":false,"max_hp_per_floor":[80,80,80,80,80,80,80,80,80,80,80,80,80,80,80,80,80,84,84,84,84,84,84,84,84,84,91,91,91,91,91,91,91,91],"card_choices":[{"not_picked":["Purity","Finesse"],"picked":"Mind Blast","floor":0},{"not_picked":["Intimidate","Twin Strike"],"picked":"Headbutt","floor":1},{"not_picked":["Cleave","Sword Boomerang"],"picked":"Reckless Charge","floor":3},{"not_picked":["Thunderclap","Perfected Strike"],"picked":"Bloodletting","floor":5},{"not_picked":["Perfected Strike","Infernal Blade"],"picked":"Offering","floor":10},{"not_picked":["Sword Boomerang","Pommel Strike"],"picked":"Hemokinesis","floor":11},{"not_picked":["Perfected Strike","Second Wind"],"picked":"Feed","floor":14},{"not_picked":["Fiend Fire","Double Tap"],"picked":"Immolate","floor":16},{"not_picked":["Clash+1","Armaments"],"picked":"Infernal Blade+1","floor":18},{"not_picked":["Rampage","Headbutt","Uppercut"],"picked":"SKIP","floor":19},{"not_picked":["Warcry","Searing Blow"],"picked":"Flame Barrier","floor":20},{"not_picked":["Twin Strike","Burning Pact"],"picked":"Reaper","floor":22},{"not_picked":["Flex","Thunderclap+1","Hemokinesis+1"],"picked":"SKIP","floor":29},{"not_picked":["Perfected Strike+1","True Grit"],"picked":"Twin Strike","floor":31}],"player_experience":755681,"relics_obtained":[{"floor":9,"key":"Bag of Preparation"},{"floor":14,"key":"Bag of Marbles"},{"floor":20,"key":"Red Mask"},{"floor":26,"key":"StrikeDummy"}],"event_choices":[{"damage_healed":0,"gold_gain":0,"player_choice":"Gave Potion","damage_taken":0,"relics_obtained":["Vajra"],"max_hp_gain":0,"max_hp_loss":0,"event_name":"WeMeetAgain","floor":4,"gold_loss":0},{"damage_healed":0,"gold_gain":0,"player_choice":"Ignored","damage_taken":0,"max_hp_gain":0,"max_hp_loss":0,"event_name":"Liars Game","floor":13,"gold_loss":0},{"damage_healed":0,"gold_gain":0,"player_choice":"Fought Bandits","damage_taken":0,"max_hp_gain":0,"max_hp_loss":0,"event_name":"Masked Bandits","floor":20,"gold_loss":0},{"cards_removed":["Strike_R"],"damage_healed":0,"gold_gain":0,"player_choice":"Gave Gold","damage_taken":0,"max_hp_gain":0,"max_hp_loss":0,"event_name":"Beggar","floor":21,"gold_loss":75},{"cards_removed":["Defend_R"],"damage_healed":0,"gold_gain":0,"player_choice":"Purged","damage_taken":0,"max_hp_gain":0,"max_hp_loss":0,"event_name":"Purifier","floor":28,"gold_loss":0}],"is_beta":false,"boss_relics":[{"not_picked":["Runic Pyramid","Runic Dome"],"picked":"Coffee Dripper"}],"items_purged_floors":[2],"is_endless":false,"potions_floor_spawned":[1,14,19,22,29],"killed_by":"Champ","ascension_level":8}}