{"host":"a1eatafr7pisesky","time":1613465402,"event":{"mods":["AchievementEnabler","BaseMod","Colored Map","Keyboard Shortcuts","Minty Spire (QoL Compilation)","Say the Spire","StSLib","SuperFastMode","everything is the same but u backflip on backflip"],"gold_per_floor":[118,129,59,59,82,115,115,40,40,75,75,75,95,110,110,188,188,199,217,62,73,73,73,103,103,103,3,28,28,28,43,73,73,147,147,166,41,54,54,54,54,84,14,14,31,48,76,76,91,91,91,91,91,91,23,49,49,49],"floor_reached":57,"language":"KOR","playtime":1169,"items_purged":["Defend_P","Defend_P","Strike_P+1"],"score":1489,"play_id":"25110808-e402-45f8-b921-73c3391ca49d","local_time":"20210216175002","is_ascension_mode":true,"campfire_choices":[{"floor":7.0,"key":"REST"},{"floor":12.0,"key":"REST"},{"data":"Eruption","floor":15.0,"key":"SMITH"},{"floor":23.0,"key":"REST"},{"data":"TalkToTheHand","floor":25.0,"key":"SMITH"},{"floor":33.0,"key":"REST"},{"floor":41.0,"key":"REST"},{"floor":51.0,"key":"RECALL"},{"data":"Fasting2","floor":54.0,"key":"SMITH"}],"circlet_count":0,"master_deck":["AscendersBane","Strike_P+1","Defend_P+1","Eruption+1","Vigilance+1","LessonLearned+1","FearNoEvil+1","MentalFortress+1","TalkToTheHand+1","FlurryOfBlows+1","EmptyFist+1","Wallop+1","TalkToTheHand+1","Finesse+1","Impatience+1","Fasting2+1","Wallop","WheelKick","WheelKick","Halt"],"relics":["PureWater","Akabeko","Bottled Flame","Mercury Hourglass","FossilizedHelix","Runic Pyramid","Medical Kit","White Beast Statue","Happy Flower","PreservedInsect","TeardropLocket","Philosopher\u0027s Stone","Ice Cream","Yang","Blood Vial"],"acts_visited":["Exordium","TheCity","TheBeyond","TheEnding"],"potions_floor_usage":[57],"damage_taken":[{"damage":7.0,"enemies":"Cultist","floor":1.0,"turns":5.0},{"damage":8.0,"enemies":"2 Louse","floor":2.0,"turns":5.0},{"damage":10.0,"enemies":"3 Sentries","floor":6.0,"turns":6.0},{"damage":32.0,"enemies":"Gremlin Nob","floor":10.0,"turns":3.0},{"damage":0.0,"enemies":"Jaw Worm","floor":13.0,"turns":1.0},{"damage":0.0,"enemies":"Blue Slaver","floor":14.0,"turns":4.0},{"damage":0.0,"enemies":"Hexaghost","floor":16.0,"turns":6.0},{"damage":0.0,"enemies":"Shell Parasite","floor":18.0,"turns":2.0},{"damage":0.0,"enemies":"Chosen","floor":19.0,"turns":3.0},{"damage":0.0,"enemies":"3 Cultists","floor":21.0,"turns":4.0},{"damage":0.0,"enemies":"Gremlin Leader","floor":24.0,"turns":3.0},{"damage":15.0,"enemies":"Slavers","floor":28.0,"turns":4.0},{"damage":0.0,"enemies":"Sentry and Sphere","floor":31.0,"turns":2.0},{"damage":14.0,"enemies":"Slavers","floor":32.0,"turns":3.0},{"damage":5.0,"enemies":"Champ","floor":34.0,"turns":7.0},{"damage":10.0,"enemies":"3 Shapes","floor":36.0,"turns":4.0},{"damage":0.0,"enemies":"Orb Walker","floor":38.0,"turns":2.0},{"damage":8.0,"enemies":"Nemesis","floor":42.0,"turns":5.0},{"damage":12.0,"enemies":"Jaw Worm Horde","floor":45.0,"turns":3.0},{"damage":0.0,"enemies":"Maw","floor":46.0,"turns":6.0},{"damage":0.0,"enemies":"Giant Head","floor":47.0,"turns":6.0},{"damage":22.0,"enemies":"Writhing Mass","floor":49.0,"turns":4.0},{"damage":40.0,"enemies":"Donu and Deca","floor":52.0,"turns":9.0},{"damage":26.0,"enemies":"Shield and Spear","floor":56.0,"turns":6.0},{"damage":14,"enemies":"The Heart","floor":57,"turns":3}],"seed_played":"1864110159357953806","potions_obtained":[{"floor":1.0,"key":"Dexterity Potion"},{"floor":2.0,"key":"Fire Potion"},{"floor":16.0,"key":"Fire Potion"},{"floor":18.0,"key":"AttackPotion"},{"floor":28.0,"key":"Ambrosia"},{"floor":32.0,"key":"SteroidPotion"},{"floor":34.0,"key":"Block Potion"},{"floor":56.0,"key":"FearPotion"}],"is_trial":false,"path_per_floor":["M","M","$","?","T","E","R","$","T","E","?","R","M","M","R","B",null,"M","M","$","M","$","R","E","R","T","$","E","E","?","M","E","R","B",null,"M","$","M","?","?","R","E","$","T","M","M","E","E","M","?","R","B",null,"R","$","E","B"],"character_chosen":"WATCHER","items_purchased":["MentalFortress","Medical Kit","Fasting2","WheelKick"],"campfire_rested":5,"item_purchase_floors":[3,20,43,55],"current_hp_per_floor":[54,46,46,46,46,36,54,54,54,22,22,40,40,40,40,40,57,57,57,57,57,57,62,62,62,62,62,47,47,47,47,33,51,46,58,48,48,48,38,38,55,47,47,47,35,35,35,35,13,48,48,8,38,38,38,12,0,0],"gold":49,"neow_bonus":"THREE_RARE_CARDS","is_daily":false,"chose_seed":false,"campfire_upgraded":3,"win_rate":0.0,"timestamp":1613465402,"path_taken":["M","?","$","?","?","E","R","$","T","E","?","R","M","?","R","BOSS","M","M","$","M","$","R","E","R","T","$","E","E","?","?","E","R","BOSS","M","$","M","?","?","R","E","?","T","M","M","E","E","?","?","R","BOSS","R","$","E","BOSS"],"items_purchased_type":["Card","Relic","Card","Card"],"build_version":"2020-12-22","purchased_purges":3,"victory":false,"max_hp_per_floor":[62,62,62,62,62,62,62,62,62,62,62,62,62,62,62,62,62,62,62,62,62,62,62,62,62,62,62,62,62,62,62,62,62,62,62,62,62,62,62,59,59,59,59,59,59,59,59,59,59,48,48,48,48,48,48,48,48,48],"card_choices":[{"not_picked":["Devotion","Alpha"],"picked":"LessonLearned","floor":0.0},{"not_picked":["Nirvana","Crescendo"],"picked":"FearNoEvil","floor":1.0},{"not_picked":["Protect","PathToVictory","Consecrate"],"picked":"SKIP","floor":2.0},{"not_picked":["BowlingBash","ForeignInfluence","Prostrate"],"picked":"SKIP","floor":6.0},{"not_picked":["EmptyFist","FlyingSleeves"],"picked":"TalkToTheHand","floor":10.0},{"not_picked":["FlurryOfBlows","FlyingSleeves","ClearTheMind"],"picked":"SKIP","floor":13.0},{"not_picked":["FlyingSleeves","ClearTheMind"],"picked":"FlurryOfBlows","floor":13.0},{"not_picked":["PathToVictory","FlurryOfBlows"],"picked":"EmptyFist","floor":14.0},{"not_picked":["EmptyFist","SandsOfTime","CarveReality"],"picked":"SKIP","floor":18.0},{"not_picked":["ThirdEye","Protect+1","JustLucky"],"picked":"SKIP","floor":19.0},{"not_picked":["ThirdEye","Weave+1","JustLucky"],"picked":"SKIP","floor":21.0},{"not_picked":["Judgement","FollowUp","CrushJoints"],"picked":"SKIP","floor":24.0},{"not_picked":["BowlingBash","Nirvana","FlurryOfBlows"],"picked":"SKIP","floor":28.0},{"not_picked":["JustLucky","SignatureMove+1"],"picked":"Wallop+1","floor":31.0},{"not_picked":["WaveOfTheHand+1","Evaluate","Vengeance"],"picked":"SKIP","floor":32.0},{"not_picked":["CutThroughFate","Prostrate+1","Fasting2"],"picked":"SKIP","floor":36.0},{"not_picked":["FlyingSleeves","Halt"],"picked":"TalkToTheHand","floor":38.0},{"not_picked":["Flash of Steel","Apotheosis"],"picked":"Finesse","floor":39.0},{"not_picked":["Thinking Ahead","Dark Shackles"],"picked":"Impatience","floor":39.0},{"not_picked":["JustLucky","Crescendo","SashWhip"],"picked":"SKIP","floor":42.0},{"not_picked":["Weave","Protect","Study"],"picked":"SKIP","floor":45.0},{"not_picked":["EmptyBody","Worship"],"picked":"Wallop","floor":46.0},{"not_picked":["ConjureBlade","JustLucky","ThirdEye"],"picked":"SKIP","floor":47.0},{"not_picked":["FlurryOfBlows","Prostrate"],"picked":"WheelKick","floor":49.0},{"not_picked":["EmptyFist","Study"],"picked":"Halt","floor":56.0}],"player_experience":458324,"relics_obtained":[{"floor":5.0,"key":"Akabeko"},{"floor":6.0,"key":"Bottled Flame"},{"floor":9.0,"key":"Mercury Hourglass"},{"floor":10.0,"key":"FossilizedHelix"},{"floor":24.0,"key":"White Beast Statue"},{"floor":26.0,"key":"Happy Flower"},{"floor":28.0,"key":"PreservedInsect"},{"floor":32.0,"key":"TeardropLocket"},{"floor":42.0,"key":"Ice Cream"},{"floor":47.0,"key":"Yang"},{"floor":56.0,"key":"Blood Vial"}],"event_choices":[{"cards_removed":["Defend_P"],"damage_healed":0.0,"max_hp_gain":0.0,"max_hp_loss":0.0,"gold_gain":0.0,"event_name":"Living Wall","player_choice":"Forget","floor":4.0,"gold_loss":0.0,"damage_taken":0.0},{"cards_removed":["Strike_P"],"damage_healed":0.0,"max_hp_gain":0.0,"max_hp_loss":0.0,"gold_gain":0.0,"event_name":"Purifier","player_choice":"Purged","floor":11.0,"gold_loss":0.0,"damage_taken":0.0},{"cards_removed":["Strike_P"],"damage_healed":0.0,"max_hp_gain":0.0,"max_hp_loss":0.0,"gold_gain":0.0,"event_name":"Purifier","player_choice":"Purged","floor":30.0,"gold_loss":0.0,"damage_taken":0.0},{"damage_healed":0.0,"max_hp_gain":0.0,"max_hp_loss":0.0,"gold_gain":0.0,"event_name":"SensoryStone","player_choice":"Memory 3","floor":39.0,"gold_loss":0.0,"damage_taken":10.0},{"damage_healed":0.0,"max_hp_gain":0.0,"max_hp_loss":3.0,"gold_gain":0.0,"event_name":"Winding Halls","player_choice":"Max HP","floor":40.0,"gold_loss":0.0,"damage_taken":0.0},{"damage_healed":48.0,"max_hp_gain":0.0,"max_hp_loss":11.0,"gold_gain":0.0,"event_name":"The Moai Head","player_choice":"Heal","floor":50.0,"gold_loss":0.0,"damage_taken":0.0}],"is_beta":false,"boss_relics":[{"not_picked":["Ectoplasm","Snecko Eye"],"picked":"Runic Pyramid"},{"not_picked":["Cursed Key","Busted Crown"],"picked":"Philosopher\u0027s Stone"}],"items_purged_floors":[8,27,37],"is_endless":false,"potions_floor_spawned":[1,2,16,18,21,28,31,32,34,36,38,42,45,46,47,49,56],"killed_by":"The Heart","ascension_level":15}}