{"host":"r5cycnjhcbwgkpkf","time":1613496247,"event":{"mods":["2.2 Compatiblity","AchievementEnabler","BaseMod","Bestiary","Better Altar","Better Match","Better Note","Better Skull","Better Third Choice","BetterRewards","Colored Map","Colored Powertips","Infinite Spire","Minty Spire (QoL Compilation)","Reliquary","Replay The Spire","Spicy Shops","StSLib"],"gold_per_floor":[117,127,127,141,66,66,66,84,139,39,89,89,115,128,128,128,128],"floor_reached":16,"language":"ENG","playtime":550,"items_purged":["Strike_B","Strike_B"],"score":270,"play_id":"4d4376ed-ea9e-46fe-9b47-737937b38ed1","local_time":"20210216092407","is_ascension_mode":true,"campfire_choices":[{"floor":6,"key":"REST"},{"data":"Beam Cell","floor":6,"key":"SMITH"},{"floor":12,"key":"REST"},{"data":"Sweeping Beam","floor":12,"key":"SMITH"},{"floor":15,"key":"REST"},{"data":"White Noise","floor":15,"key":"SMITH"}],"circlet_count":0,"master_deck":["AscendersBane","Strike_B","Strike_B","Defend_B","Defend_B","Defend_B","Defend_B","Zap","Dualcast","Beam Cell+1","Sweeping Beam+1","Turbo","Hologram","White Noise+1"],"relics":["Cracked Core","infinitespire:Lucky Rock","infinitespire:Magic Flask","reliquary:TatteredRug","ReplayTheSpireMod:TigerMarble","reliquary:Knoch"],"acts_visited":["Exordium"],"potions_floor_usage":[16],"damage_taken":[{"damage":2,"enemies":"2 Louse","floor":1,"turns":3},{"damage":1,"enemies":"Cultist","floor":2,"turns":3},{"damage":7,"enemies":"Jaw Worm","floor":4,"turns":2},{"damage":14,"enemies":"Gremlin Gang","floor":8,"turns":3},{"damage":35,"enemies":"Gremlin Nob","floor":13,"turns":5},{"damage":3,"enemies":"Blue Slaver","floor":14,"turns":3},{"damage":27,"enemies":"The Guardian","floor":16,"turns":9}],"seed_played":"-659755531116582301","potions_obtained":[{"floor":1,"key":"SteroidPotion"},{"floor":4,"key":"EssenceOfSteel"}],"is_trial":false,"path_per_floor":["M","M","?","M","$","R","?","M","T","$","?","R","E","M","R","B"],"character_chosen":"DEFECT","items_purchased":["infinitespire:Lucky Rock","Beam Cell","infinitespire:Magic Flask"],"campfire_rested":3,"item_purchase_floors":[0,0,0],"current_hp_per_floor":[40,39,41,34,34,55,37,23,23,23,23,44,9,6,27,0,0],"gold":128,"neow_bonus":"","is_daily":false,"chose_seed":false,"campfire_upgraded":3,"win_rate":0.0,"timestamp":1613496247,"path_taken":["M","M","?","?","$","R","?","M","T","$","?","R","E","?","R","BOSS"],"items_purchased_type":["Relic","Card","Relic"],"build_version":"2020-12-22","purchased_purges":2,"victory":false,"max_hp_per_floor":[71,71,71,71,71,71,71,71,71,71,71,71,71,71,71,71,71],"card_choices":[{"not_picked":["Undo","ReplayTheSpireMod:Calculation Training"],"picked":"Sweeping Beam","floor":1},{"not_picked":["Leap","Coolheaded"],"picked":"Turbo","floor":2},{"not_picked":["FIFO Queue","Cold Snap","Aggregate"],"picked":"SKIP","floor":4},{"not_picked":["Steam","ReplayTheSpireMod:GoodbyeWorld","Steam Power"],"picked":"SKIP","floor":8},{"not_picked":["Electrodynamics","Doom and Gloom"],"picked":"Hologram","floor":13},{"not_picked":["Stack","Chill"],"picked":"White Noise","floor":14}],"player_experience":427413,"relics_obtained":[{"floor":9,"key":"ReplayTheSpireMod:TigerMarble"},{"floor":13,"key":"reliquary:Knoch"}],"event_choices":[{"damage_healed":2,"gold_gain":0,"player_choice":"LEAVE ","damage_taken":0,"relics_obtained":[],"max_hp_gain":0,"max_hp_loss":0,"event_name":"betterSkull:BetterSkull","floor":3,"gold_loss":0,"cards_upgraded":[]},{"damage_healed":0,"gold_gain":0,"player_choice":"Relic ","damage_taken":18,"max_hp_gain":0,"max_hp_loss":0,"event_name":"betterThird:BetterScrap","floor":7,"gold_loss":0,"cards_obtained":["MasterReality"]},{"damage_healed":0,"gold_gain":50,"player_choice":"Pray","damage_taken":0,"max_hp_gain":0,"max_hp_loss":0,"event_name":"Golden Shrine","floor":11,"gold_loss":0}],"is_beta":false,"boss_relics":[],"items_purged_floors":[5,10],"is_endless":false,"potions_floor_spawned":[1,4],"killed_by":"The Guardian","ascension_level":16}}