{"host":"lklj3eidp7g5an38","time":1613507867,"event":{"mods":["AchievementEnabler","BaseMod","Colored Map","Colored Powertips","Curses Come First","DeckTracker","Highlight Path","Minty Spire (QoL Compilation)","Relic Stats","StSLib"],"gold_per_floor":[110,385,399,38,38,71,71,104,131,131,175,191,270,297,297,388,388,401,451,451,376,25,25,25,25],"floor_reached":24,"language":"ENG","playtime":1169,"items_purged":["Regret"],"score":431,"play_id":"651d19ef-e76a-4c3f-9f9e-0f435e760d7d","local_time":"20210216203747","is_ascension_mode":true,"campfire_choices":[{"data":"Dualcast","floor":7,"key":"SMITH"},{"floor":15,"key":"REST"},{"data":"Biased Cognition","floor":23,"key":"SMITH"}],"circlet_count":0,"master_deck":["AscendersBane","Strike_B","Strike_B","Defend_B","Defend_B","Defend_B","Defend_B","Zap","Dualcast+1","Cold Snap","Genetic Algorithm","Turbo","FTL","Sunder","Capacitor","Tempest","Sweeping Beam","Biased Cognition+1","Echo Form","Conserve Battery","Force Field"],"relics":["Cracked Core","NeowsBlessing","Toy Ornithopter","Golden Idol","DataDisk","Tiny Chest","Lantern","Centennial Puzzle","Boot","Juzu Bracelet","Coffee Dripper","Happy Flower","TungstenRod"],"acts_visited":["Exordium","TheCity"],"potions_floor_usage":[11,11,13,13,18,24],"damage_taken":[{"damage":0,"enemies":"Small Slimes","floor":1,"turns":1},{"damage":0,"enemies":"Cultist","floor":3,"turns":1},{"damage":0,"enemies":"3 Sentries","floor":6,"turns":1},{"damage":22,"enemies":"Lagavulin","floor":8,"turns":6},{"damage":11,"enemies":"Gremlin Nob","floor":11,"turns":4},{"damage":0,"enemies":"2 Louse","floor":12,"turns":2},{"damage":9,"enemies":"Gremlin Nob","floor":13,"turns":4},{"damage":11,"enemies":"Hexaghost","floor":16,"turns":7},{"damage":28,"enemies":"3 Byrds","floor":18,"turns":3},{"damage":38,"enemies":"Slavers","floor":24,"turns":4}],"seed_played":"-2377087333136007272","potions_obtained":[{"floor":6,"key":"Strength Potion"},{"floor":8,"key":"SkillPotion"},{"floor":11,"key":"Weak Potion"},{"floor":12,"key":"EssenceOfSteel"},{"floor":13,"key":"Dexterity Potion"},{"floor":16,"key":"Ancient Potion"}],"is_trial":false,"path_per_floor":["M","?","M","$","?","E","R","E","T","?","E","M","?","T","R","B",null,"M","?","?","?","$","R","E"],"character_chosen":"DEFECT","items_purchased":["Toy Ornithopter","Turbo","FTL","Force Field","TungstenRod"],"campfire_rested":1,"item_purchase_floors":[4,4,4,22,22],"current_hp_per_floor":[64,64,64,64,40,40,40,18,18,18,17,17,18,18,39,28,60,37,30,30,30,30,30,0,0],"gold":25,"neow_bonus":"THREE_ENEMY_KILL","is_daily":false,"chose_seed":false,"campfire_upgraded":2,"win_rate":0.0,"timestamp":1613507867,"path_taken":["M","?","?","$","?","E","R","E","T","?","E","?","?","?","R","BOSS","M","?","?","?","$","R","E"],"items_purchased_type":["Relic","Card","Card","Card","Relic"],"build_version":"2020-12-22","purchased_purges":1,"victory":false,"max_hp_per_floor":[71,71,71,71,71,71,71,71,71,71,71,71,71,71,71,71,71,71,71,71,71,71,71,71,71],"relic_stats":{"Centennial Puzzle":[12],"Happy Flower":[1],"counters":[10,33],"Golden Idol":71,"Tiny Chest":1,"Juzu Bracelet":2,"Boot":[13],"obtain_stats":[{"Lantern":9,"NeowsBlessing":0,"Happy Flower":20,"Golden Idol":5,"Juzu Bracelet":14,"Boot":13,"DataDisk":6,"Centennial Puzzle":11,"Tiny Chest":8,"Coffee Dripper":17,"Cracked Core":0,"Toy Ornithopter":4,"TungstenRod":22},{"Lantern":4,"NeowsBlessing":0,"Happy Flower":9,"Golden Idol":2,"Juzu Bracelet":7,"Boot":7,"DataDisk":3,"Centennial Puzzle":5,"Tiny Chest":4,"Coffee Dripper":8,"Cracked Core":0,"Toy Ornithopter":2,"TungstenRod":9},{"Lantern":9,"NeowsBlessing":0,"Happy Flower":29,"Golden Idol":2,"Juzu Bracelet":19,"Boot":19,"DataDisk":3,"Centennial Puzzle":13,"Tiny Chest":9,"Coffee Dripper":26,"Cracked Core":0,"Toy Ornithopter":2,"TungstenRod":29}],"Toy Ornithopter":30,"TungstenRod":6},"card_choices":[{"not_picked":["Go for the Eyes","Rip and Tear"],"picked":"Cold Snap","floor":1},{"not_picked":["Hello World","Undo"],"picked":"Genetic Algorithm","floor":3},{"not_picked":["Leap","Conserve Battery"],"picked":"Sunder","floor":6},{"not_picked":["Rip and Tear","Gash","Streamline"],"picked":"SKIP","floor":8},{"not_picked":["Rip and Tear","White Noise"],"picked":"Tempest","floor":11},{"not_picked":["Gash","Leap"],"picked":"Sweeping Beam","floor":12},{"not_picked":["Rebound","Gash"],"picked":"Biased Cognition","floor":13},{"not_picked":["Seek","Thunder Strike"],"picked":"Echo Form","floor":16},{"not_picked":["Sweeping Beam+1","Turbo"],"picked":"Conserve Battery","floor":18}],"player_experience":956630,"relics_obtained":[{"floor":6,"key":"DataDisk"},{"floor":8,"key":"Tiny Chest"},{"floor":9,"key":"Lantern"},{"floor":11,"key":"Centennial Puzzle"},{"floor":13,"key":"Boot"},{"floor":14,"key":"Juzu Bracelet"},{"floor":20,"key":"Happy Flower"}],"event_choices":[{"damage_healed":0,"gold_gain":275,"player_choice":"Desecrate","damage_taken":0,"max_hp_gain":0,"max_hp_loss":0,"event_name":"Golden Shrine","floor":2,"gold_loss":0,"cards_obtained":["Regret"]},{"damage_healed":0,"gold_gain":0,"player_choice":"Take Damage","damage_taken":24,"relics_obtained":["Golden Idol"],"max_hp_gain":0,"max_hp_loss":0,"event_name":"Golden Idol","floor":5,"gold_loss":0},{"damage_healed":0,"gold_gain":0,"cards_transformed":["Strike_B"],"player_choice":"Transformed","damage_taken":0,"max_hp_gain":0,"max_hp_loss":0,"event_name":"Transmorgrifier","floor":10,"gold_loss":0,"cards_obtained":["Capacitor"]},{"damage_healed":0,"gold_gain":0,"player_choice":"Searched \u00271\u0027 times","damage_taken":0,"max_hp_gain":0,"max_hp_loss":0,"event_name":"Dead Adventurer","floor":13,"gold_loss":0},{"damage_healed":0,"gold_gain":50,"player_choice":"Touch","damage_taken":7,"max_hp_gain":0,"max_hp_loss":0,"event_name":"FaceTrader","floor":19,"gold_loss":0},{"damage_healed":0,"gold_gain":0,"player_choice":"Relic","damage_taken":0,"max_hp_gain":0,"max_hp_loss":0,"event_name":"Wheel of Change","floor":20,"gold_loss":0},{"cards_removed":["Strike_B"],"damage_healed":0,"gold_gain":0,"player_choice":"Gave Gold","damage_taken":0,"max_hp_gain":0,"max_hp_loss":0,"event_name":"Beggar","floor":21,"gold_loss":75}],"is_beta":false,"boss_relics":[{"not_picked":["Empty Cage","Velvet Choker"],"picked":"Coffee Dripper"}],"items_purged_floors":[4],"is_endless":false,"potions_floor_spawned":[6,8,11,12,13,16],"killed_by":"Slavers","ascension_level":17}}