{"host":"bg0cyinkrjnqf173","time":1613451028,"event":{"mods":["BaseMod","Colored Map","Minty Spire (QoL Compilation)","StSLib","Together in Spire"],"gold_per_floor":[113,38,38,54,73,107,117,117,141,141,141,159,172,18,18,119,119,133,58,74,74,173,207,207,226,253,253,267,186,204,232,232,336,336,351,301,351,155,155,186,0,0,51,51,63,63,81,107,107,107,107,107,57,86,86,86],"floor_reached":55,"language":"ENG","playtime":2374,"items_purged":["Normality","Strike_R","Strike_R","Rage+1"],"score":688,"play_id":"344ef17d-cecb-48b9-81b8-3387ad34f703","local_time":"20210215235028","is_ascension_mode":false,"campfire_choices":[{"data":"Whirlwind","floor":8.0,"key":"SMITH"},{"data":"Havoc","floor":10.0,"key":"SMITH"},{"data":"Rage","floor":15.0,"key":"SMITH"},{"data":"Juggernaut","floor":24.0,"key":"SMITH"},{"data":"Juggernaut","floor":27.0,"key":"SMITH"},{"data":"Rage","floor":32.0,"key":"SMITH"},{"data":"Strike_R","floor":42.0,"key":"PURGE"},{"data":"Regret","floor":44.0,"key":"PURGE"},{"data":"Cleave","floor":46.0,"key":"PURGE"},{"data":"Strike_R","floor":49.0,"key":"PURGE"},{"data":"Bash","floor":52.0,"key":"PURGE"}],"circlet_count":0,"master_deck":["Defend_R","Defend_R","Defend_R","Defend_R","Shrug It Off","Flame Barrier","Havoc+1","Whirlwind+1","Shrug It Off","Juggernaut+1","Juggernaut+1","Power Through","Battle Trance+1","Iron Wave","Juggernaut","Ghostly Armor","Evolve+1"],"relics":["Burning Blood","Pocketwatch","Smiling Mask","Dream Catcher","Happy Flower","Vajra","Runic Dome","Regal Pillow","Art of War","Centennial Puzzle","Busted Crown","Peace Pipe","Frozen Eye","Red Skull","Red Mask","The Courier","Toy Ornithopter"],"acts_visited":[],"potions_floor_usage":[55,55],"damage_taken":[{"damage":0.0,"enemies":"Small Slimes","floor":1.0,"turns":2.0},{"damage":0.0,"enemies":"Cultist","floor":4.0,"turns":2.0},{"damage":10.0,"enemies":"2 Louse","floor":5.0,"turns":2.0},{"damage":8.0,"enemies":"Lagavulin","floor":6.0,"turns":3.0},{"damage":1.0,"enemies":"2 Fungi Beasts","floor":7.0,"turns":2.0},{"damage":3.0,"enemies":"Looter","floor":12.0,"turns":2.0},{"damage":0.0,"enemies":"3 Louse","floor":13.0,"turns":1.0},{"damage":32.0,"enemies":"Hexaghost","floor":16.0,"turns":4.0},{"damage":0.0,"enemies":"3 Byrds","floor":18.0,"turns":2.0},{"damage":0.0,"enemies":"Chosen","floor":20.0,"turns":2.0},{"damage":18.0,"enemies":"Book of Stabbing","floor":23.0,"turns":4.0},{"damage":2.0,"enemies":"Snake Plant","floor":25.0,"turns":2.0},{"damage":0.0,"enemies":"Snecko","floor":28.0,"turns":3.0},{"damage":0.0,"enemies":"3 Cultists","floor":30.0,"turns":1.0},{"damage":3.0,"enemies":"Gremlin Leader","floor":31.0,"turns":4.0},{"damage":5.0,"enemies":"Collector","floor":33.0,"turns":5.0},{"damage":39.0,"enemies":"3 Darklings","floor":35.0,"turns":3.0},{"damage":4.0,"enemies":"Mind Bloom Boss Battle","floor":37.0,"turns":6.0},{"damage":0.0,"enemies":"Reptomancer","floor":40.0,"turns":3.0},{"damage":9.0,"enemies":"3 Shapes","floor":45.0,"turns":2.0},{"damage":0.0,"enemies":"3 Darklings","floor":47.0,"turns":3.0},{"damage":0.0,"enemies":"Giant Head","floor":48.0,"turns":5.0},{"damage":29.0,"enemies":"Awakened One","floor":50.0,"turns":5.0},{"damage":58.0,"enemies":"Shield and Spear","floor":54.0,"turns":5.0},{"damage":87,"enemies":"The Heart","floor":55,"turns":3}],"seed_played":"-3200658013658027360","potions_obtained":[{"floor":4.0,"key":"SpeedPotion"},{"floor":6.0,"key":"Explosive Potion"},{"floor":12.0,"key":"FearPotion"},{"floor":33.0,"key":"BloodPotion"},{"floor":47.0,"key":"BloodPotion"}],"is_trial":false,"path_per_floor":["M","$","?","M","M","E","M","R","T","R","?","M","M","$","R","B",null,"M","?","M","?","?","E","R","M","T","R","M","$","M","E","R","B",null,"M","$","?","$","?","E","?","R","T","R","M","R","M","E","R","B",null,"R","$","E","B"],"character_chosen":"IRONCLAD","items_purchased":["Vajra","Ghostly Armor","Frozen Eye"],"campfire_rested":0,"item_purchase_floors":[14,29,38],"current_hp_per_floor":[80,80,80,80,76,74,79,79,79,79,79,80,80,80,80,54,80,80,80,80,80,80,68,68,72,72,72,78,78,80,80,80,80,80,47,47,49,49,49,55,55,55,55,55,52,52,58,64,64,41,80,80,80,28,0,0],"gold":86,"neow_bonus":"ONE_RARE_RELIC","is_daily":false,"chose_seed":false,"campfire_upgraded":6,"win_rate":0.0,"timestamp":1613451028,"path_taken":["M","$","?","M","?","E","M","R","T","R","?","M","M","$","R","BOSS","M","?","M","?","?","E","R","M","T","R","M","$","M","E","R","BOSS","M","$","?","$","?","E","?","R","T","R","M","R","M","E","R","BOSS","R","$","E","BOSS"],"items_purchased_type":["Relic","Card","Relic"],"build_version":"2020-12-22","purchased_purges":4,"victory":false,"max_hp_per_floor":[80,80,80,80,80,80,80,80,80,80,80,80,80,80,80,80,80,80,80,80,80,80,80,80,80,80,80,80,80,80,80,80,80,80,80,80,80,80,80,80,80,80,80,80,80,80,80,80,80,80,80,80,80,80,80,80],"card_choices":[{"not_picked":["Pummel","Flame Barrier"],"picked":"Shrug It Off","floor":1.0},{"not_picked":["Pommel Strike","Power Through"],"picked":"Flame Barrier","floor":4.0},{"not_picked":["Warcry","Dual Wield"],"picked":"Havoc","floor":5.0},{"not_picked":["Rampage","Offering"],"picked":"Whirlwind","floor":6.0},{"not_picked":["Wild Strike","Sword Boomerang"],"picked":"Rage","floor":7.0},{"not_picked":["Heavy Blade","Shrug It Off"],"picked":"Cleave","floor":12.0},{"not_picked":["Pommel Strike","Seeing Red"],"picked":"Shrug It Off","floor":13.0},{"not_picked":["Fiend Fire","Berserk"],"picked":"Juggernaut","floor":16.0},{"not_picked":["Sword Boomerang","Battle Trance","Rampage"],"picked":"SKIP","floor":18.0},{"not_picked":["Havoc","Clash+1","Burning Pact"],"picked":"SKIP","floor":20.0},{"not_picked":["Sword Boomerang","Anger+1"],"picked":"Juggernaut","floor":23.0},{"not_picked":["Power Through+1","Seeing Red"],"picked":"Rage","floor":25.0},{"not_picked":["Dual Wield","Pommel Strike"],"picked":"Power Through","floor":28.0},{"not_picked":["Sever Soul","Heavy Blade"],"picked":"Battle Trance","floor":30.0},{"not_picked":["Shockwave","Uppercut"],"picked":"Iron Wave","floor":31.0},{"not_picked":["Exhume","Bludgeon"],"picked":"Juggernaut","floor":33.0},{"not_picked":["Spot Weakness+1"],"picked":"SKIP","floor":35.0},{"not_picked":["Thunderclap"],"picked":"SKIP","floor":40.0},{"not_picked":[],"picked":"Evolve+1","floor":45.0},{"not_picked":["Anger+1"],"picked":"SKIP","floor":47.0},{"not_picked":["Burning Pact"],"picked":"SKIP","floor":48.0},{"not_picked":["Sword Boomerang"],"picked":"SKIP","floor":54.0}],"player_experience":584367,"relics_obtained":[{"floor":6.0,"key":"Smiling Mask"},{"floor":9.0,"key":"Dream Catcher"},{"floor":23.0,"key":"Regal Pillow"},{"floor":26.0,"key":"Art of War"},{"floor":31.0,"key":"Centennial Puzzle"},{"floor":37.0,"key":"Peace Pipe"},{"floor":40.0,"key":"Red Skull"},{"floor":43.0,"key":"War Paint"},{"floor":48.0,"key":"The Courier"},{"floor":54.0,"key":"Toy Ornithopter"}],"event_choices":[{"damage_healed":0.0,"max_hp_gain":0.0,"max_hp_loss":0.0,"gold_gain":0.0,"event_name":"NoteForYourself","player_choice":"Ignored","floor":3.0,"gold_loss":0.0,"damage_taken":0.0},{"damage_healed":0.0,"max_hp_gain":0.0,"max_hp_loss":0.0,"gold_gain":0.0,"event_name":"Big Fish","player_choice":"Box","floor":11.0,"gold_loss":0.0,"damage_taken":0.0,"relics_obtained":["Happy Flower"],"cards_obtained":["Regret"]},{"cards_removed":["Strike_R"],"damage_healed":0.0,"max_hp_gain":0.0,"max_hp_loss":0.0,"gold_gain":0.0,"event_name":"Beggar","player_choice":"Gave Gold","floor":19.0,"gold_loss":75.0,"damage_taken":0.0},{"damage_healed":0.0,"max_hp_gain":0.0,"max_hp_loss":0.0,"gold_gain":0.0,"event_name":"Ghosts","player_choice":"Ignored","floor":21.0,"gold_loss":0.0,"damage_taken":0.0},{"damage_healed":0.0,"max_hp_gain":0.0,"max_hp_loss":0.0,"gold_gain":99.0,"event_name":"Nest","player_choice":"Stole From Cult","floor":22.0,"gold_loss":0.0,"damage_taken":0.0},{"damage_healed":0.0,"max_hp_gain":0.0,"max_hp_loss":0.0,"gold_gain":0.0,"event_name":"MindBloom","player_choice":"Fight","floor":37.0,"gold_loss":0.0,"damage_taken":0.0},{"damage_healed":0.0,"max_hp_gain":0.0,"max_hp_loss":0.0,"gold_gain":0.0,"event_name":"SensoryStone","player_choice":"Memory 1","floor":39.0,"gold_loss":0.0,"damage_taken":0.0},{"damage_healed":0.0,"max_hp_gain":0.0,"max_hp_loss":0.0,"gold_gain":0.0,"event_name":"Tomb of Lord Red Mask","player_choice":"Paid","floor":41.0,"gold_loss":186.0,"damage_taken":0.0,"relics_obtained":["Red Mask"]}],"is_beta":false,"boss_relics":[{"not_picked":["Ectoplasm","SlaversCollar"],"picked":"Runic Dome"},{"not_picked":["Cursed Key","Snecko Eye"],"picked":"Busted Crown"}],"items_purged_floors":[2,36,38,53],"is_endless":false,"potions_floor_spawned":[4,6,12,20,23,31,33,37,47],"killed_by":"The Heart","ascension_level":0}}