{"host":"1v3mnj67s3trvm6y","time":1613484283,"event":{"mods":["100% Spire Juice","BaseMod","Challenge The Spire","Minty Spire (QoL Compilation)","StSLib"],"gold_per_floor":[111,121,136,28,43,8,34,51,51,51,51,68,95,107,107,207,87,99,109,122,136,154,154,203,203,203,83,21,40,75,101,113,226,238,27,56,68,100,112,155,167,199,261,273,313,337,82,94,94,94,94,94,1,33,33,33],"floor_reached":55,"language":"ENG","playtime":4455,"items_purged":[],"score":835,"play_id":"eff00a47-3c0f-41df-84cd-0b25978e6278","local_time":"20210216230443","is_ascension_mode":false,"campfire_choices":[{"data":"Moonworks:Encore","floor":10,"key":"SMITH"},{"floor":15,"key":"REST"},{"floor":23,"key":"REST"},{"data":"Moonworks:SubspaceTunnel","floor":25,"key":"SMITH"},{"data":"Moonworks:Ambush","floor":27,"key":"SMITH"},{"floor":32,"key":"REST"},{"floor":41,"key":"RECALL"},{"floor":44,"key":"REST"},{"data":"Moonworks:BackdoorTrade","floor":49,"key":"SMITH"},{"data":"Moonworks:RagingMadness","floor":52,"key":"SMITH"}],"circlet_count":0,"master_deck":["Moonworks:Strike","Moonworks:Strike","Moonworks:Strike","Moonworks:Strike","Moonworks:Defend","Moonworks:Defend","Moonworks:Defend","Moonworks:Ambush+1","Moonworks:LongDistanceShot","Moonworks:EvilSpyWorkPreparation","Moonworks:EvilSpyWorkPreparation","Moonworks:CookingTime","Moonworks:BackdoorTrade+1","Moonworks:Encore+1","Moonworks:LulusLuckyEgg","Moonworks:ScrambledEve","Moonworks:Bloodlust","Moonworks:Poppoformation","Moonworks:LulusLuckyEgg","Moonworks:SinkOrSwim","Moonworks:NicePresent","Moonworks:SubspaceTunnel+1","Moonworks:IndiscriminateFireSupport+1","Moonworks:SakisCookie+1","Moonworks:AngelHand","Moonworks:EvilSpyWorkPreparation+1","Doubt","Moonworks:RagingMadness","Moonworks:NicePresent","Moonworks:TacticalRetreat","Injury","Moonworks:CrystalBarrier","Moonworks:SweetBattle","Moonworks:DevilHand+1","Moonworks:FinalSurgery+1","Moonworks:ExtendedPhotonRifle+1","Moonworks:JonathanRush+1","Doubt","Moonworks:CookingTime+1","Moonworks:UnpaidWork+1","Moonworks:RagingMadness+1","Moonworks:JonathanRush+1","Moonworks:RagingMadness","Moonworks:RedAndBlue","Moonworks:SakisCookie+1"],"relics":["Moonworks:SBBomb","Moonworks:Homemark","Mummified Hand","Mango","FaceOfCleric","The Courier","Cursed Key","Bottled Lightning","Blue Candle","Du-Vu Doll","MawBank","Vajra","StrikeDummy","Eternal Feather","Anchor"],"acts_visited":["Exordium","TheCity","TheBeyond","TheEnding"],"potions_floor_usage":[7,12,18,22,24,24,33,45,55,55,55],"damage_taken":[{"damage":0,"enemies":"Cultist","floor":1,"turns":3},{"damage":2,"enemies":"2 Louse","floor":2,"turns":2},{"damage":0,"enemies":"Small Slimes","floor":3,"turns":3},{"damage":8,"enemies":"Red Slaver","floor":4,"turns":3},{"damage":8,"enemies":"Large Slime","floor":5,"turns":5},{"damage":27,"enemies":"3 Sentries","floor":7,"turns":8},{"damage":13,"enemies":"Blue Slaver","floor":8,"turns":4},{"damage":8,"enemies":"Gremlin Gang","floor":12,"turns":4},{"damage":21,"enemies":"Lagavulin","floor":13,"turns":7},{"damage":14,"enemies":"Looter","floor":14,"turns":5},{"damage":75,"enemies":"Hexaghost","floor":16,"turns":15},{"damage":13,"enemies":"2 Thieves","floor":18,"turns":4},{"damage":16,"enemies":"Shell Parasite","floor":19,"turns":6},{"damage":34,"enemies":"Snake Plant","floor":20,"turns":6},{"damage":34,"enemies":"Snecko","floor":21,"turns":6},{"damage":14,"enemies":"Cultist and Chosen","floor":22,"turns":4},{"damage":13,"enemies":"Slavers","floor":24,"turns":5},{"damage":8,"enemies":"Chosen and Byrds","floor":29,"turns":4},{"damage":29,"enemies":"Book of Stabbing","floor":30,"turns":5},{"damage":93,"enemies":"Champ","floor":33,"turns":9},{"damage":1,"enemies":"Orb Walker","floor":35,"turns":3},{"damage":9,"enemies":"3 Shapes","floor":36,"turns":3},{"damage":1,"enemies":"3 Darklings","floor":38,"turns":3},{"damage":51,"enemies":"Reptomancer","floor":40,"turns":7},{"damage":23,"enemies":"Maw","floor":42,"turns":8},{"damage":47,"enemies":"Giant Head","floor":45,"turns":7},{"damage":4,"enemies":"Sphere and 2 Shapes","floor":46,"turns":5},{"damage":4,"enemies":"3 Darklings","floor":48,"turns":4},{"damage":80,"enemies":"Awakened One","floor":50,"turns":8},{"damage":73,"enemies":"Shield and Spear","floor":54,"turns":5},{"damage":61,"enemies":"The Heart","floor":55,"turns":3}],"seed_played":"-3236436095273781406","potions_obtained":[{"floor":1,"key":"AttackPotion"},{"floor":2,"key":"Strength Potion"},{"floor":5,"key":"LiquidBronze"},{"floor":12,"key":"ColorlessPotion"},{"floor":16,"key":"Explosive Potion"},{"floor":20,"key":"Explosive Potion"},{"floor":22,"key":"ColorlessPotion"},{"floor":24,"key":"Weak Potion"},{"floor":38,"key":"LiquidMemories"},{"floor":45,"key":"EssenceOfSteel"},{"floor":46,"key":"Dexterity Potion"}],"is_trial":false,"path_per_floor":["M","M","M","M","M","?","E","M","T","R","?","M","E","M","R","B",null,"M","M","M","M","M","R","E","R","T","R","$","M","E","T","R","B",null,"M","M","?","M","?","E","R","M","T","R","E","M","$","M","R","B",null,"R","$","E","B"],"character_chosen":"THE_STARBREAKER","items_purchased":["Moonworks:RagingMadness","Moonworks:RagingMadness","Eternal Feather","Moonworks:RagingMadness","Moonworks:RedAndBlue"],"campfire_rested":4,"item_purchase_floors":[28,47,47,53,53],"current_hp_per_floor":[66,64,64,56,51,66,48,38,52,52,52,48,51,47,71,14,84,81,86,68,41,39,65,67,67,67,67,67,64,58,58,85,19,93,93,91,91,94,94,70,70,65,65,94,71,76,76,86,101,31,102,102,102,52,0,0],"gold":33,"neow_bonus":"TEN_PERCENT_HP_BONUS","is_daily":false,"chose_seed":false,"campfire_upgraded":5,"win_rate":0.0,"timestamp":1613484283,"path_taken":["M","?","M","M","M","?","E","M","T","R","?","M","E","M","R","BOSS","M","M","M","M","M","R","E","R","T","R","$","M","E","?","R","BOSS","M","M","?","M","?","E","R","M","T","R","E","?","$","M","R","BOSS","R","$","E","BOSS"],"items_purchased_type":["Card","Card","Relic","Card","Card"],"build_version":"2020-12-22","purchased_purges":0,"victory":false,"max_hp_per_floor":[66,66,66,66,66,66,66,66,80,80,80,81,82,83,83,84,84,85,86,87,88,89,89,90,90,90,90,90,91,92,92,92,93,93,94,95,95,96,96,97,97,98,98,98,99,100,100,101,101,102,102,102,102,103,103,103],"card_choices":[{"not_picked":["Moonworks:CookingTime","Moonworks:TreasureThief"],"picked":"Moonworks:EvilSpyWorkPreparation","floor":1},{"not_picked":["Moonworks:Flamethrower","Moonworks:Assault"],"picked":"Moonworks:EvilSpyWorkPreparation","floor":2},{"not_picked":["Moonworks:BigMagnum","Moonworks:CloudOfSeagulls"],"picked":"Moonworks:CookingTime","floor":3},{"not_picked":["Moonworks:IndiscriminateFireSupport","Moonworks:BindingChains"],"picked":"Moonworks:BackdoorTrade","floor":4},{"not_picked":["Moonworks:EvilSpyWorkPreparation","Moonworks:NicePresent"],"picked":"Moonworks:Encore","floor":5},{"not_picked":["Moonworks:JonathanRush","Moonworks:EvilSpyWorkPreparation"],"picked":"Moonworks:LulusLuckyEgg","floor":7},{"not_picked":["Moonworks:IndiscriminateFireSupport","Moonworks:LulusLuckyEgg"],"picked":"Moonworks:ScrambledEve","floor":8},{"not_picked":["Moonworks:BindingChains","Moonworks:DeployBits"],"picked":"Moonworks:Bloodlust","floor":12},{"not_picked":["Moonworks:CloudOfSeagulls","Moonworks:ImOnFire"],"picked":"Moonworks:Poppoformation","floor":13},{"not_picked":["Moonworks:ImOnFire","Moonworks:ImmovableObject"],"picked":"Moonworks:LulusLuckyEgg","floor":14},{"not_picked":["Moonworks:Accelerator","Moonworks:GoAway"],"picked":"Moonworks:SinkOrSwim","floor":16},{"not_picked":["Moonworks:ImOnFire+1","Moonworks:LulusLuckyEgg"],"picked":"Moonworks:NicePresent","floor":18},{"not_picked":["Moonworks:Assault","Moonworks:LulusLuckyEgg"],"picked":"Moonworks:SubspaceTunnel","floor":19},{"not_picked":["Moonworks:x16BigRocket","Moonworks:StiffCrystal+1"],"picked":"Moonworks:IndiscriminateFireSupport+1","floor":20},{"not_picked":["Moonworks:BeyondHell","Moonworks:IndiscriminateFireSupport"],"picked":"Moonworks:SakisCookie+1","floor":21},{"not_picked":["Moonworks:NicePresent+1","Moonworks:Bloodlust"],"picked":"Moonworks:AngelHand","floor":22},{"not_picked":["Moonworks:JonathanRush","Moonworks:ImOnFire+1"],"picked":"Moonworks:EvilSpyWorkPreparation+1","floor":24},{"not_picked":["Moonworks:ScrambledEve","Moonworks:ImOnFire+1"],"picked":"Moonworks:NicePresent","floor":29},{"not_picked":["Moonworks:SakisCookie","Moonworks:Flamethrower"],"picked":"Moonworks:TacticalRetreat","floor":30},{"not_picked":["Moonworks:WeAreWaruda","Moonworks:MetallicMonocoque"],"picked":"Moonworks:CrystalBarrier","floor":33},{"not_picked":["Moonworks:Poppoformation","Moonworks:ImOnFire+1"],"picked":"Moonworks:SweetBattle","floor":35},{"not_picked":["Moonworks:ImOnFire","Moonworks:Assault+1"],"picked":"Moonworks:DevilHand+1","floor":36},{"not_picked":["Moonworks:UnluckyCharm+1","Moonworks:IndiscriminateFireSupport"],"picked":"Moonworks:FinalSurgery+1","floor":38},{"not_picked":["Moonworks:ScrambledEve","Moonworks:LulusLuckyEgg+1"],"picked":"Moonworks:ExtendedPhotonRifle+1","floor":40},{"not_picked":["Moonworks:BigBangBell","Moonworks:BigMagnum+1"],"picked":"Moonworks:JonathanRush+1","floor":42},{"not_picked":["Moonworks:EvilSpyWorkPreparation","Moonworks:NicePresent"],"picked":"Moonworks:CookingTime+1","floor":45},{"not_picked":["Moonworks:NicePresent+1","Moonworks:AngelHand+1"],"picked":"Moonworks:UnpaidWork+1","floor":46},{"not_picked":["Moonworks:CastOff+1","Moonworks:Poppoformation+1"],"picked":"Moonworks:JonathanRush+1","floor":48},{"not_picked":["Moonworks:DevilHand+1","Moonworks:Assault"],"picked":"Moonworks:SakisCookie+1","floor":54}],"player_experience":1520937,"relics_obtained":[{"floor":7,"key":"Mummified Hand"},{"floor":9,"key":"Mango"},{"floor":13,"key":"The Courier"},{"floor":24,"key":"Bottled Lightning"},{"floor":26,"key":"Blue Candle"},{"floor":30,"key":"Du-Vu Doll"},{"floor":31,"key":"MawBank"},{"floor":40,"key":"Vajra"},{"floor":45,"key":"StrikeDummy"},{"floor":54,"key":"Anchor"}],"event_choices":[{"damage_healed":16,"gold_gain":0,"player_choice":"Healed","damage_taken":0,"max_hp_gain":0,"max_hp_loss":0,"event_name":"The Cleric","floor":6,"gold_loss":35},{"damage_healed":0,"gold_gain":0,"player_choice":"Trade","damage_taken":0,"relics_obtained":["FaceOfCleric"],"max_hp_gain":0,"max_hp_loss":0,"event_name":"FaceTrader","floor":11,"gold_loss":0},{"cards_removed":["Moonworks:Defend"],"damage_healed":0,"gold_gain":0,"player_choice":"Removed Skill","damage_taken":0,"max_hp_gain":0,"max_hp_loss":0,"event_name":"Falling","floor":37,"gold_loss":0},{"damage_healed":0,"gold_gain":0,"player_choice":"Bought 0 Potions","damage_taken":0,"max_hp_gain":0,"max_hp_loss":0,"event_name":"The Woman in Blue","floor":39,"gold_loss":0}],"is_beta":false,"boss_relics":[{"not_picked":["Snecko Eye","Calling Bell"],"picked":"Cursed Key"},{"not_picked":["Fusion Hammer","Runic Dome"],"picked":"Moonworks:SBBomb"}],"items_purged_floors":[],"is_endless":false,"potions_floor_spawned":[1,2,5,12,16,20,21,22,24,38,45,46],"killed_by":"The Heart","ascension_level":0}}