{"host":"m0bekkrd201b63ug","time":1613515364,"event":{"mods":["AchievementEnabler","BaseMod","Colored Powertips","Highlight Path","Minty Spire (QoL Compilation)","Rare Cards Sparkle","StSLib","SuperFastMode","everything is the same but u backflip on backflip","slay the spire mod where everything is the same but ironclad has a cowboy hat"],"gold_per_floor":[210,225,29,39,56,88,88,106,106,133,133,133,146,157,157,229,229,245,255,255,18,18,52,52,66,66,83,118,118,136,136,136,136,136],"floor_reached":33,"language":"ENG","playtime":1288,"items_purged":[],"score":648,"play_id":"f877646a-01d8-4785-b7d9-e28a815dfdcb","local_time":"20210216204244","is_ascension_mode":true,"campfire_choices":[{"data":"Carnage","floor":7.0,"key":"SMITH"},{"floor":11.0,"key":"REST"},{"floor":15.0,"key":"REST"},{"data":"Blood for Blood","floor":24,"key":"SMITH"},{"floor":29,"key":"DIG"},{"floor":32,"key":"REST"}],"circlet_count":0,"master_deck":["AscendersBane","Bash","Thunderclap","Wild Strike","Warcry","Burning Pact","Carnage+1","Offering","Ghostly Armor","Reaper","Iron Wave","Rampage","Blood for Blood+1","Sword Boomerang","Power Through","Rupture","Twin Strike","Feel No Pain","Feed","Offering"],"relics":["Burning Blood","Orichalcum","Anchor","Singing Bowl","Centennial Puzzle","Pandora\u0027s Box","MutagenicStrength","Membership Card","HornCleat","Shovel","Bag of Preparation","Frozen Egg 2"],"acts_visited":["Exordium","TheCity"],"potions_floor_usage":[28,28],"damage_taken":[{"damage":10.0,"enemies":"2 Louse","floor":1.0,"turns":3.0},{"damage":7.0,"enemies":"Jaw Worm","floor":2.0,"turns":3.0},{"damage":0.0,"enemies":"Cultist","floor":4.0,"turns":2.0},{"damage":23.0,"enemies":"Blue Slaver","floor":5.0,"turns":5.0},{"damage":16.0,"enemies":"3 Sentries","floor":6.0,"turns":8.0},{"damage":6.0,"enemies":"Large Slime","floor":8.0,"turns":2.0},{"damage":36.0,"enemies":"Lagavulin","floor":10.0,"turns":5.0},{"damage":3.0,"enemies":"Red Slaver","floor":13.0,"turns":3.0},{"damage":6.0,"enemies":"Gremlin Gang","floor":14.0,"turns":7.0},{"damage":34.0,"enemies":"Slime Boss","floor":16.0,"turns":9.0},{"damage":26.0,"enemies":"3 Byrds","floor":18.0,"turns":7.0},{"damage":9.0,"enemies":"Chosen","floor":19.0,"turns":4.0},{"damage":37,"enemies":"Slavers","floor":23,"turns":5},{"damage":6,"enemies":"Snake Plant","floor":25,"turns":4},{"damage":6,"enemies":"Snecko","floor":27,"turns":3},{"damage":53,"enemies":"Gremlin Leader","floor":28,"turns":4},{"damage":19,"enemies":"Centurion and Healer","floor":30,"turns":5},{"damage":82,"enemies":"Automaton","floor":33,"turns":6}],"seed_played":"4675658220693819576","potions_obtained":[{"floor":1.0,"key":"Fruit Juice"},{"floor":5.0,"key":"BlessingOfTheForge"},{"floor":10.0,"key":"LiquidMemories"},{"floor":14.0,"key":"DuplicationPotion"}],"is_trial":false,"path_per_floor":["M","M","$","M","M","E","R","M","T","E","R","?","M","M","R","B",null,"M","M","?","$","?","E","R","M","T","M","E","R","M","?","R","B"],"character_chosen":"IRONCLAD","items_purchased":["Orichalcum","Warcry","Membership Card","Offering"],"campfire_rested":3,"item_purchase_floors":[3,3,21,21],"current_hp_per_floor":[64,63,63,69,52,47,47,47,47,19,43,48,53,53,79,51,80,74,76,76,76,76,54,54,60,60,66,21,21,33,16,50,0,0],"gold":136,"neow_bonus":"HUNDRED_GOLD","is_daily":false,"chose_seed":false,"campfire_upgraded":2,"win_rate":0.0,"timestamp":1613515364,"path_taken":["M","M","$","M","M","E","R","M","T","E","R","?","M","M","R","BOSS","M","M","?","$","?","E","R","M","T","M","E","R","M","?","R","BOSS"],"items_purchased_type":["Relic","Card","Relic","Card"],"build_version":"2020-12-22","purchased_purges":0,"victory":false,"max_hp_per_floor":[75,75,75,75,75,80,80,80,80,82,82,87,89,89,89,89,89,94,99,99,99,99,104,104,106,106,108,110,110,115,115,115,115,115],"card_choices":[{"not_picked":["Sever Soul","Rupture"],"picked":"Thunderclap","floor":1.0},{"not_picked":["Havoc","Body Slam"],"picked":"Wild Strike","floor":2.0},{"not_picked":["Heavy Blade","Dual Wield"],"picked":"Burning Pact","floor":4.0},{"not_picked":["Blood for Blood","Dark Embrace"],"picked":"Carnage","floor":5.0},{"not_picked":["Clothesline","Clash"],"picked":"Offering","floor":6.0},{"not_picked":["Dual Wield","Wild Strike","Pommel Strike"],"picked":"SKIP","floor":8.0},{"not_picked":["Dual Wield","Wild Strike","Pommel Strike"],"picked":"SKIP","floor":8.0},{"not_picked":["Seeing Red","Headbutt","True Grit"],"picked":"Singing Bowl","floor":10.0},{"not_picked":["Cleave","Whirlwind","Clothesline"],"picked":"Singing Bowl","floor":13.0},{"not_picked":["Metallicize","Sever Soul"],"picked":"Ghostly Armor","floor":14.0},{"not_picked":["Impervious","Immolate"],"picked":"Reaper","floor":16.0},{"not_picked":["Pommel Strike","Perfected Strike+1","Reckless Charge"],"picked":"Singing Bowl","floor":18.0},{"not_picked":["Sword Boomerang","Clash","Intimidate"],"picked":"Singing Bowl","floor":19.0},{"not_picked":["Iron Wave","Rage","Twin Strike"],"picked":"Singing Bowl","floor":23},{"not_picked":["Power Through","Ghostly Armor","Headbutt"],"picked":"Singing Bowl","floor":25},{"not_picked":["Intimidate+1","Flame Barrier","Evolve"],"picked":"Singing Bowl","floor":27},{"not_picked":["Limit Break","Twin Strike","Sever Soul"],"picked":"Singing Bowl","floor":28},{"not_picked":["Heavy Blade","Whirlwind","Sword Boomerang"],"picked":"Singing Bowl","floor":30}],"player_experience":286994,"relics_obtained":[{"floor":6.0,"key":"Anchor"},{"floor":9.0,"key":"Singing Bowl"},{"floor":10.0,"key":"Centennial Puzzle"},{"floor":23,"key":"HornCleat"},{"floor":26,"key":"Shovel"},{"floor":28,"key":"Bag of Preparation"},{"floor":29,"key":"Frozen Egg 2"}],"event_choices":[{"damage_healed":0.0,"max_hp_gain":5.0,"max_hp_loss":0.0,"gold_gain":0.0,"event_name":"Big Fish","player_choice":"Donut","floor":12.0,"gold_loss":0.0,"damage_taken":0.0},{"damage_healed":0.0,"max_hp_gain":0.0,"max_hp_loss":0.0,"gold_gain":0.0,"event_name":"Drug Dealer","player_choice":"Inject Mutagens","floor":20.0,"gold_loss":0.0,"damage_taken":0.0,"relics_obtained":["MutagenicStrength"]},{"damage_healed":0,"gold_gain":0,"player_choice":"Ignored","damage_taken":0,"max_hp_gain":0,"max_hp_loss":0,"event_name":"Cursed Tome","floor":22,"gold_loss":0},{"damage_healed":0,"gold_gain":0,"player_choice":"Damaged","damage_taken":17,"max_hp_gain":0,"max_hp_loss":0,"event_name":"Wheel of Change","floor":31,"gold_loss":0}],"is_beta":false,"boss_relics":[{"not_picked":["SlaversCollar","SacredBark"],"picked":"Pandora\u0027s Box"}],"items_purged_floors":[],"is_endless":false,"potions_floor_spawned":[1,5,10,14,16,19,23,25],"killed_by":"Automaton","ascension_level":20}}