{"host":"swphzoo6hmc78epl","time":1613444652,"event":{"mods":["BaseMod","Highlight Path","Minty Spire (QoL Compilation)","Quick Restart"],"gold_per_floor":[116,391,233,246,196,226,36,36,36,47,47,57,77,92,92,192,192,205,27,27,102,120,120,120,120],"floor_reached":24,"language":"ENG","playtime":826,"items_purged":["Regret","Strike_B"],"score":254,"play_id":"ad6a4a52-a4c8-404f-966e-c0f196c870e4","local_time":"20210215220412","is_ascension_mode":true,"campfire_choices":[{"data":"Sweeping Beam","floor":8,"key":"SMITH"},{"data":"Multi-Cast","floor":15,"key":"SMITH"},{"data":"Creative AI","floor":23,"key":"SMITH"}],"circlet_count":0,"master_deck":["Strike_B","Defend_B","Defend_B","Defend_B","Defend_B","Zap","Dualcast","Sweeping Beam+1","Panacea","Glacier","Multi-Cast+1","Cold Snap","Doom and Gloom","Static Discharge","Ball Lightning","Creative AI+1","Rebound","Storm","Steam+1"],"relics":["Cracked Core","NeowsBlessing","Bottled Flame","Omamori","SlaversCollar"],"acts_visited":["Exordium","TheCity"],"potions_floor_usage":[16,24,24,24],"damage_taken":[{"damage":0,"enemies":"Jaw Worm","floor":1,"turns":1},{"damage":0,"enemies":"Cultist","floor":4,"turns":1},{"damage":0,"enemies":"Lagavulin","floor":6,"turns":1},{"damage":6,"enemies":"2 Louse","floor":10,"turns":2},{"damage":16,"enemies":"Large Slime","floor":12,"turns":4},{"damage":12,"enemies":"Blue Slaver","floor":13,"turns":3},{"damage":9,"enemies":"Red Slaver","floor":14,"turns":3},{"damage":20,"enemies":"Hexaghost","floor":16,"turns":13},{"damage":29,"enemies":"Spheric Guardian","floor":18,"turns":6},{"damage":18,"enemies":"Chosen","floor":22,"turns":5},{"damage":23,"enemies":"Slavers","floor":24,"turns":2}],"seed_played":"4953965640970273872","potions_obtained":[{"floor":1,"key":"EssenceOfSteel"},{"floor":4,"key":"FocusPotion"},{"floor":12,"key":"FearPotion"},{"floor":13,"key":"Energy Potion"},{"floor":18,"key":"SneckoOil"},{"floor":22,"key":"Weak Potion"}],"is_trial":false,"path_per_floor":["M","?","$","M","?","E","$","R","T","M","$","M","M","M","R","B",null,"M","$","?","?","M","R","E"],"character_chosen":"DEFECT","items_purchased":["Panacea","Omamori","Cold Snap","Storm"],"campfire_rested":0,"item_purchase_floors":[3,7,7,19],"current_hp_per_floor":[75,75,75,75,75,75,75,75,75,69,69,53,41,32,32,12,75,46,46,46,39,21,21,0,0],"gold":120,"neow_bonus":"THREE_ENEMY_KILL","is_daily":false,"chose_seed":false,"campfire_upgraded":3,"win_rate":0.0,"timestamp":1613444652,"path_taken":["M","?","$","?","?","E","$","R","T","M","$","M","M","M","R","BOSS","M","$","?","?","M","R","E"],"items_purchased_type":["Card","Relic","Card","Card"],"build_version":"2020-12-22","purchased_purges":2,"victory":false,"max_hp_per_floor":[75,75,75,75,75,75,75,75,75,75,75,75,75,75,75,75,75,75,75,75,75,75,75,75,75],"card_choices":[{"not_picked":["BootSequence","Stack"],"picked":"Sweeping Beam","floor":1},{"not_picked":["Leap","Reprogram"],"picked":"Glacier","floor":4},{"not_picked":["Chaos","Steam"],"picked":"Multi-Cast","floor":6},{"not_picked":["Go for the Eyes","Undo"],"picked":"Doom and Gloom","floor":10},{"not_picked":["Compile Driver","Doom and Gloom","Barrage"],"picked":"SKIP","floor":12},{"not_picked":["Compile Driver","Steam Power"],"picked":"Static Discharge","floor":13},{"not_picked":["Hologram","Rebound"],"picked":"Ball Lightning","floor":14},{"not_picked":["Seek","Amplify"],"picked":"Creative AI","floor":16},{"not_picked":["Ball Lightning","Auto Shields"],"picked":"Rebound","floor":18},{"not_picked":["Turbo","Undo+1"],"picked":"Steam+1","floor":22}],"player_experience":879934,"relics_obtained":[{"floor":6,"key":"Bottled Flame"}],"event_choices":[{"damage_healed":0,"gold_gain":275,"player_choice":"Desecrate","damage_taken":0,"max_hp_gain":0,"max_hp_loss":0,"event_name":"Golden Shrine","floor":2,"gold_loss":0,"cards_obtained":["Regret"]},{"cards_removed":["Strike_B"],"damage_healed":0,"gold_gain":0,"player_choice":"Card Removal","damage_taken":0,"max_hp_gain":0,"max_hp_loss":0,"event_name":"The Cleric","floor":5,"gold_loss":50},{"cards_removed":["Strike_B"],"damage_healed":0,"gold_gain":0,"player_choice":"Elegance","damage_taken":0,"max_hp_gain":0,"max_hp_loss":0,"event_name":"Back to Basics","floor":20,"gold_loss":0},{"damage_healed":0,"gold_gain":75,"player_choice":"Touch","damage_taken":7,"max_hp_gain":0,"max_hp_loss":0,"event_name":"FaceTrader","floor":21,"gold_loss":0}],"is_beta":false,"boss_relics":[{"not_picked":["Busted Crown","SacredBark"],"picked":"SlaversCollar"}],"items_purged_floors":[3,19],"is_endless":false,"potions_floor_spawned":[1,4,12,13,14,18,22],"killed_by":"Slavers","ascension_level":3}}