{"host":"oi6p1guiqfwwvxym","time":1613444096,"event":{"mods":["BaseMod","Bestiary","Colored Map","Minty Spire (QoL Compilation)","Relic Stats"],"gold_per_floor":[215,140,155,5,16,16,51,65,92,92,124,124,142,142,142,217,217,234,252,270,270,270],"floor_reached":21,"language":"ENG","playtime":878,"items_purged":[],"score":382,"play_id":"59bc3146-39e8-40b3-a5ff-32ef6c33c2b9","local_time":"20210215185456","is_ascension_mode":true,"campfire_choices":[{"data":"Inflame","floor":6,"key":"SMITH"},{"floor":10,"key":"REST"},{"floor":12,"key":"REST"},{"data":"Combust","floor":15,"key":"SMITH"}],"circlet_count":0,"master_deck":["AscendersBane","Strike_R","Strike_R","Strike_R","Strike_R","Defend_R","Defend_R","Defend_R","Defend_R","Bash","Rampage","Inflame+1","Twin Strike","Seeing Red","Combust+1","Inflame","Clothesline+1","Fiend Fire","True Grit","Ghostly Armor","Havoc+1"],"relics":["Burning Blood","Orichalcum","Vajra","Red Skull","Fusion Hammer"],"acts_visited":["Exordium","TheCity"],"potions_floor_usage":[7,11,11,18,19],"damage_taken":[{"damage":10,"enemies":"Small Slimes","floor":1,"turns":3},{"damage":6,"enemies":"Cultist","floor":3,"turns":3},{"damage":0,"enemies":"2 Louse","floor":5,"turns":2},{"damage":52,"enemies":"3 Sentries","floor":7,"turns":11},{"damage":9,"enemies":"Exordium Thugs","floor":8,"turns":4},{"damage":17,"enemies":"Lagavulin","floor":11,"turns":4},{"damage":5,"enemies":"Large Slime","floor":13,"turns":4},{"damage":26,"enemies":"Slime Boss","floor":16,"turns":8},{"damage":25,"enemies":"3 Byrds","floor":18,"turns":5},{"damage":29,"enemies":"Shell Parasite","floor":19,"turns":3},{"damage":27,"enemies":"Snake Plant","floor":20,"turns":3},{"damage":15,"enemies":"Sentry and Sphere","floor":21,"turns":4}],"seed_played":"8422852901860050604","potions_obtained":[{"floor":1,"key":"Weak Potion"},{"floor":7,"key":"CultistPotion"},{"floor":13,"key":"FearPotion"},{"floor":16,"key":"Regen Potion"}],"is_trial":false,"path_per_floor":["M","?","M","$","M","R","E","M","T","R","E","R","M","?","R","B",null,"M","M","M","M"],"character_chosen":"IRONCLAD","items_purchased":["Inflame","Twin Strike","Strength Potion"],"campfire_rested":2,"item_purchase_floors":[4,4,4],"current_hp_per_floor":[64,64,64,64,70,70,24,21,21,43,32,54,55,55,55,35,65,46,35,14,0,0],"gold":270,"neow_bonus":"HUNDRED_GOLD","is_daily":false,"chose_seed":false,"campfire_upgraded":2,"win_rate":0.0,"timestamp":1613444096,"path_taken":["M","?","M","$","M","R","E","M","T","R","E","R","M","?","R","BOSS","M","M","M","M"],"items_purchased_type":["Card","Card","Potion"],"build_version":"2020-12-22","purchased_purges":0,"victory":false,"max_hp_per_floor":[75,75,75,75,75,75,75,75,75,75,75,75,75,75,75,75,75,75,75,75,75,75],"relic_stats":{"counters":[12,54],"Orichalcum":[132],"obtain_stats":[{"Vajra":9,"Fusion Hammer":17,"Orichalcum":7,"Burning Blood":0,"Red Skull":11},{"Vajra":5,"Fusion Hammer":8,"Orichalcum":4,"Burning Blood":0,"Red Skull":6},{"Vajra":23,"Fusion Hammer":39,"Orichalcum":19,"Burning Blood":0,"Red Skull":27}],"Burning Blood":66},"card_choices":[{"not_picked":["Clash","Shrug It Off"],"picked":"Rampage","floor":1},{"not_picked":["Perfected Strike","Heavy Blade","Armaments"],"picked":"SKIP","floor":3},{"not_picked":["Dropkick","Twin Strike"],"picked":"Seeing Red","floor":5},{"not_picked":["Dual Wield","Body Slam"],"picked":"Combust","floor":7},{"not_picked":["Second Wind","Body Slam","Sever Soul"],"picked":"SKIP","floor":8},{"not_picked":["Barricade","Wild Strike"],"picked":"Inflame","floor":11},{"not_picked":["Havoc","Fire Breathing"],"picked":"Clothesline","floor":13},{"not_picked":["Double Tap","Bludgeon"],"picked":"Fiend Fire","floor":16},{"not_picked":["Clothesline","Searing Blow"],"picked":"True Grit","floor":18},{"not_picked":["Pommel Strike","Headbutt"],"picked":"Ghostly Armor","floor":19},{"not_picked":["Clash+1","Carnage","Havoc+1"],"picked":"SKIP","floor":20},{"not_picked":["Clash+1","Carnage"],"picked":"Havoc+1","floor":20}],"player_experience":445741,"relics_obtained":[{"floor":7,"key":"Orichalcum"},{"floor":9,"key":"Vajra"},{"floor":11,"key":"Red Skull"}],"event_choices":[{"cards_removed":["Strike_R"],"damage_healed":0,"gold_gain":0,"player_choice":"Card Removal","damage_taken":0,"max_hp_gain":0,"max_hp_loss":0,"event_name":"The Cleric","floor":2,"gold_loss":75},{"damage_healed":0,"gold_gain":0,"player_choice":"Upgraded","damage_taken":0,"max_hp_gain":0,"max_hp_loss":0,"event_name":"Upgrade Shrine","floor":14,"gold_loss":0,"cards_upgraded":["Clothesline"]}],"is_beta":false,"boss_relics":[{"not_picked":["SacredBark","Ectoplasm"],"picked":"Fusion Hammer"}],"items_purged_floors":[],"is_endless":false,"potions_floor_spawned":[1,7,13,16],"killed_by":"Sentry and Sphere","ascension_level":20}}