{"host":"rc0y5s0pznrxft0n","time":1613441689,"event":{"mods":["BaseMod","Downfall","Minty Spire (QoL Compilation)","StSLib"],"gold_per_floor":[99,115,134,154,164,184,184,184,284,312,312,312,312,312,324,419,419,419,429,10,95,95,121,146,158,58,58,90,110,110,128,143,143,143,143],"floor_reached":33,"language":"ENG","playtime":2255,"items_purged":[],"score":301,"play_id":"6ffcc896-fbde-4a38-ad24-fad8f2782598","local_time":"20210215211449","is_ascension_mode":true,"campfire_choices":[{"data":"champ:Execute","floor":1,"key":"SMITH"},{"data":"champ:StanceDance","floor":8,"key":"SMITH"},{"data":"champ:RageSigil","floor":11,"key":"SMITH"},{"data":"champ:Taunt","floor":13,"key":"SMITH"},{"data":"champ:FanOfKnives","floor":18,"key":"SMITH"},{"floor":26,"key":"REST"},{"floor":30,"key":"REST"}],"circlet_count":0,"master_deck":["champ:Strike","champ:Defend","champ:Defend","champ:Defend","champ:Defend","champ:Execute+1","champ:Taunt+1","Good Instincts","champ:FlashCut","champ:StanceDance+1","champ:GladiatorStyle","champ:FlashCut","champ:RageSigil+1","champ:VampiricStrike","champ:FanOfKnives+1","champ:EnchantCrown","champ:CrownThrow+1","champ:FocusedDefense+1","champ:FalseCounter+1","champ:Shatter+1","champ:DefensiveShout+1","champ:IronFortress","Good Instincts","champ:StanceDance","champ:EnragedBash","downfall:Bewildered","champ:GutPunch+1","champ:ShieldThrow","champ:DeathBlow"],"relics":["champ:ChampionCrown","HornCleat","Bottled Flame","Sundial","Astrolabe","Mummified Hand","Frozen Egg 2","champ:FightingForDummies","Strawberry","downfall:HeartBlessingGreen","sneckomod:BabySnecko","Question Card"],"acts_visited":["Exordium","TheCity"],"potions_floor_usage":[5,10,23,28,29,31,33,33],"damage_taken":[{"damage":11,"enemies":"Cultist","floor":2,"turns":3},{"damage":10,"enemies":"Small Slimes","floor":3,"turns":3},{"damage":0,"enemies":"2 Louse","floor":4,"turns":2},{"damage":10,"enemies":"Large Slime","floor":5,"turns":4},{"damage":1,"enemies":"Blue Slaver","floor":6,"turns":3},{"damage":15,"enemies":"Gremlin Nob","floor":10,"turns":4},{"damage":12,"enemies":"2 Fungi Beasts","floor":15,"turns":4},{"damage":50,"enemies":"WA_ARCHETYPE_RETAIN","floor":16,"turns":7},{"damage":10,"enemies":"Spheric Guardian","floor":19,"turns":3},{"damage":15,"enemies":"downfall:FleeingMerchant","floor":20,"turns":4},{"damage":58,"enemies":"Book of Stabbing","floor":23,"turns":7},{"damage":10,"enemies":"3 Byrds","floor":25,"turns":4},{"damage":43,"enemies":"Gremlin Leader","floor":28,"turns":6},{"damage":32,"enemies":"Snecko","floor":29,"turns":5},{"damage":10,"enemies":"Centurion and Healer","floor":31,"turns":7},{"damage":10,"enemies":"Sentry and Sphere","floor":32,"turns":2},{"damage":66,"enemies":"IC_MUSHROOM_ARCHETYPE","floor":33,"turns":8}],"seed_played":"-296778835158905343","potions_obtained":[{"floor":2,"key":"Block Potion"},{"floor":6,"key":"GamblersBrew"},{"floor":10,"key":"BlessingOfTheForge"},{"floor":15,"key":"SneckoOil"},{"floor":25,"key":"SkillPotion"},{"floor":28,"key":"GamblersBrew"},{"floor":29,"key":"Block Potion"},{"floor":32,"key":"FearPotion"}],"is_trial":false,"path_per_floor":["R","M","M","M","M","M","T","R","?","E","R","?","R","?","M","B",null,"R","M","$","?","?","E","T","M","R","?","E","M","R","M","M","B"],"character_chosen":"THE_CHAMP","items_purchased":["champ:IronFortress","Mummified Hand","Good Instincts"],"campfire_rested":2,"item_purchase_floors":[20,20,20],"current_hp_per_floor":[90,89,89,89,89,88,88,88,88,83,83,88,88,81,79,54,95,95,95,95,77,77,29,36,36,66,66,43,26,56,56,56,0,0,0],"gold":143,"neow_bonus":"RANDOM_COLORLESS","is_daily":false,"chose_seed":false,"campfire_upgraded":5,"win_rate":0.0,"timestamp":1613441689,"path_taken":["R","M","M","M","?","M","T","R","?","E","R","?","R","?","M","BOSS","R","M","$","?","?","E","T","M","R","?","E","M","R","M","M","BOSS"],"items_purchased_type":["Card","Relic","Card"],"build_version":"2020-12-22","purchased_purges":0,"victory":false,"max_hp_per_floor":[90,90,90,90,90,90,90,90,90,90,90,95,95,95,95,95,95,95,95,95,95,95,95,102,102,102,102,102,102,102,102,102,102,102,102],"card_choices":[{"not_picked":["Finesse","Panacea"],"picked":"Good Instincts","floor":0},{"not_picked":["champ:FanOfKnives","champ:Parry"],"picked":"champ:FlashCut","floor":2},{"not_picked":["champ:GutPunch","champ:Shatter"],"picked":"champ:StanceDance","floor":3},{"not_picked":["champ:Backstep","champ:BerserkersShout"],"picked":"champ:GladiatorStyle","floor":4},{"not_picked":["champ:BerserkersShout","champ:BladeFlurry"],"picked":"champ:FlashCut","floor":5},{"not_picked":["champ:PerfectedStrike","champ:BerserkersShout"],"picked":"champ:RageSigil","floor":6},{"not_picked":["champ:PerfectedStrike","champ:Duel"],"picked":"champ:VampiricStrike","floor":10},{"not_picked":["champ:CrookedStrike","champ:BerserkerStyle"],"picked":"champ:FanOfKnives","floor":15},{"not_picked":["champ:DancingMaster","champ:VampiricStrike"],"picked":"champ:EnchantCrown","floor":16},{"not_picked":["champ:FlashCut","champ:GutPunch"],"picked":"champ:Shatter+1","floor":19},{"not_picked":["champ:HeartStrike","champ:PerfectedStrike"],"picked":"champ:DefensiveShout+1","floor":20},{"not_picked":["champ:Circumvent","champ:SwordSigil"],"picked":"champ:StanceDance","floor":23},{"not_picked":["champ:SwordSigil","champ:Endure"],"picked":"champ:EnragedBash","floor":25},{"not_picked":["champ:Shatter","champ:FocusedBerserking"],"picked":"champ:GutPunch+1","floor":28},{"not_picked":["champ:RecklessLeap","champ:Shatter","champ:StanceDance"],"picked":"champ:ShieldThrow","floor":29},{"not_picked":["champ:GutPunch","champ:FanOfKnives","champ:EnragedBash","champ:EndlessRage+1"],"picked":"SKIP","floor":31},{"not_picked":["champ:HeartStrike","champ:BladeFlurry","champ:EnragedBash+1"],"picked":"champ:DeathBlow","floor":32}],"player_experience":792239,"relics_obtained":[{"floor":7,"key":"HornCleat"},{"floor":10,"key":"Bottled Flame"},{"floor":23,"key":"champ:FightingForDummies"},{"floor":24,"key":"Strawberry"},{"floor":28,"key":"Question Card"}],"event_choices":[{"damage_healed":0,"gold_gain":0,"player_choice":"Donut","damage_taken":0,"max_hp_gain":5,"max_hp_loss":0,"event_name":"Big Fish","floor":12,"gold_loss":0},{"damage_healed":0,"gold_gain":0,"player_choice":"Success","damage_taken":7,"relics_obtained":["Sundial"],"max_hp_gain":0,"max_hp_loss":0,"event_name":"Scrap Ooze","floor":14,"gold_loss":0}],"is_beta":false,"boss_relics":[{"not_picked":["Snecko Eye","Coffee Dripper"],"picked":"Astrolabe"}],"items_purged_floors":[],"is_endless":false,"potions_floor_spawned":[2,6,10,15,25,28,29,32],"killed_by":"IC_MUSHROOM_ARCHETYPE","ascension_level":1}}