{"host":"i09pxcjttd31eh4q","time":1613482294,"event":{"mods":["AchievementEnabler","BaseMod","Colored Map","Keyboard Shortcuts","Minty Spire (QoL Compilation)","StSLib","SuperFastMode"],"gold_per_floor":[113,38,54,73,73,73,102,102,129,145,155,155,204,354,354,354,354],"floor_reached":16,"language":"KOR","playtime":380,"items_purged":["Strike_G"],"score":200,"play_id":"bb4b5664-6abe-4dd8-bd78-7a80e26e274d","local_time":"20210216223134","is_ascension_mode":true,"campfire_choices":[{"data":"Neutralize","floor":6.0,"key":"SMITH"},{"floor":8.0,"key":"REST"},{"data":"Heel Hook","floor":15,"key":"SMITH"}],"circlet_count":0,"master_deck":["AscendersBane","Strike_G+1","Strike_G","Strike_G","Defend_G","Defend_G","Defend_G","Defend_G","Defend_G","Survivor","Neutralize+1","Heel Hook+1","Deflect","Quick Slash+1","Backflip"],"relics":["Ring of the Snake","Omamori","Bag of Preparation","Vajra","Whetstone"],"acts_visited":[],"potions_floor_usage":[],"damage_taken":[{"damage":8.0,"enemies":"Jaw Worm","floor":1.0,"turns":6.0},{"damage":1.0,"enemies":"2 Louse","floor":3.0,"turns":3.0},{"damage":4.0,"enemies":"Small Slimes","floor":4.0,"turns":7.0},{"damage":45.0,"enemies":"3 Sentries","floor":7.0,"turns":16.0},{"damage":8.0,"enemies":"Exordium Wildlife","floor":10.0,"turns":5.0},{"damage":0.0,"enemies":"Red Slaver","floor":11.0,"turns":3.0},{"damage":14,"enemies":"Hexaghost","floor":16,"turns":9}],"seed_played":"6875279590733518379","potions_obtained":[{"floor":3.0,"key":"SpeedPotion"},{"floor":11.0,"key":"Explosive Potion"}],"is_trial":false,"path_per_floor":["M","$","M","M","?","R","E","R","T","M","M","?","T","?","R","B"],"character_chosen":"THE_SILENT","items_purchased":[],"campfire_rested":1,"item_purchase_floors":[],"current_hp_per_floor":[51,51,50,46,46,46,1,20,20,12,12,12,12,12,12,0,0],"gold":354,"neow_bonus":"RANDOM_COMMON_RELIC","is_daily":false,"chose_seed":false,"campfire_upgraded":2,"win_rate":0.0,"timestamp":1613482294,"path_taken":["M","$","M","M","?","R","E","R","T","M","M","?","?","?","R","BOSS"],"items_purchased_type":[],"build_version":"2020-12-22","purchased_purges":1,"victory":false,"max_hp_per_floor":[66,66,66,66,66,66,66,66,66,66,66,66,66,66,66,66,66],"card_choices":[{"not_picked":["Quick Slash","Slice"],"picked":"Heel Hook","floor":1.0},{"not_picked":["PiercingWail","Flechettes"],"picked":"Deflect","floor":3.0},{"not_picked":["Concentrate","Footwork"],"picked":"Quick Slash","floor":4.0},{"not_picked":["Caltrops","Prepared"],"picked":"Backflip","floor":7.0},{"not_picked":["Slice","Quick Slash","Outmaneuver"],"picked":"SKIP","floor":10.0},{"not_picked":["Dash","Deflect","Setup"],"picked":"SKIP","floor":11.0}],"player_experience":913549,"relics_obtained":[{"floor":7.0,"key":"Bag of Preparation"},{"floor":9.0,"key":"Vajra"},{"floor":13.0,"key":"Whetstone"}],"event_choices":[{"damage_healed":0.0,"max_hp_gain":0.0,"max_hp_loss":0.0,"gold_gain":0.0,"event_name":"The Cleric","player_choice":"Leave","floor":5.0,"gold_loss":0.0,"damage_taken":0.0},{"cards_removed":["Strike_G"],"damage_healed":0.0,"max_hp_gain":0.0,"max_hp_loss":0.0,"gold_gain":0.0,"event_name":"Living Wall","player_choice":"Forget","floor":12.0,"gold_loss":0.0,"damage_taken":0.0},{"damage_healed":0.0,"max_hp_gain":0.0,"max_hp_loss":0.0,"gold_gain":150.0,"event_name":"Liars Game","player_choice":"AGREE","floor":14.0,"gold_loss":0.0,"damage_taken":0.0,"cards_obtained":["Doubt"]}],"is_beta":false,"boss_relics":[],"items_purged_floors":[2],"is_endless":false,"potions_floor_spawned":[3,11],"killed_by":"Hexaghost","ascension_level":20}}