{"host":"g7uq9uzahx9e0kti","time":1613481474,"event":{"mods":["AchievementEnabler","BaseMod","CapriCore","Hermit","Koishi","Minty Spire (QoL Compilation)","Permanent Neow","Quick Restart","StSLib","SuperFastMode","The Bug Knight","The Cursed","The Hierophant","The Immortal","The Runesmith","Together in Spire","WarShipGirlsR/??á´Ò³R mod"],"gold_per_floor":[367,367,386,399,62,62,94,94,94,128,128,28,103,140,140,243,243,269,292,242,90,110,151,163,220,256,268,321,333,270,302,314,438,450,483,495,507,519,553,609,641,653,720,761,798,830,860,888,900,912,924,936,61,99,99],"floor_reached":56,"language":"KOR","playtime":3505,"items_purged":["MokouMod:Defend","MokouMod:Strike"],"score":1331,"play_id":"7d6f1b0e-1512-4b50-80c7-9ff4c7a5180f","local_time":"20210216221754","is_ascension_mode":false,"campfire_choices":[{"data":"MokouMod:SubterraneanCore","floor":6,"key":"SMITH"},{"data":"MokouMod:FujiyamaVolcano","floor":8,"key":"SMITH"},{"floor":15,"key":"REST"},{"data":"MokouMod:FujiyamaVolcano","floor":24,"key":"SMITH"},{"data":"MokouMod:TemporalFireSeal","floor":27,"key":"SMITH"},{"data":"MokouMod:ResoluteFlare","floor":32,"key":"SMITH"},{"floor":49,"key":"RECALL"},{"data":"MokouMod:HeatSpark","floor":52,"key":"SMITH"}],"circlet_count":0,"master_deck":["MokouMod:Defend","MokouMod:Defend","MokouMod:HeatSpark+1","MokouMod:TemporalFireSeal+1","MokouMod:ResoluteFlare+1","MokouMod:SubterraneanCore+1","MokouMod:FujiyamaVolcano+1","MokouMod:RisingSunBarrier+1","MokouMod:PhoenixFeathers+1","MokouMod:Sear+1","MokouMod:FujiyamaVolcano+1","MokouMod:Firecracker+1","MokouMod:Afterburner+1","Bite","Bite","Bite","Bite","MokouMod:CrimsonArmoury+1","MokouMod:Firecracker+1","MokouMod:SpontaneousHumanCombustion+1","MokouMod:IgnitionBlast+1","MokouMod:Sear+1","MokouMod:RisingSunBarrier+1","MokouMod:EternalBurstReactor+1","MokouMod:ControlledCombustion+1","Madness+1","Madness+1","MokouMod:BurningDraft+1","Master of Strategy+1","Flash of Steel","MokouMod:Sear+1"],"relics":["MokouMod:PhoenixFeather","Matryoshka","Frozen Egg 2","Shuriken","CeramicFish","Unceasing Top","Toxic Egg 2","Runesmith:UraniumAnvil","HollowMod:PaleOreRelic","MawBank","Happy Flower","Orichalcum","MealTicket","Coffee Dripper","Pen Nib","Juzu Bracelet","Bag of Preparation","TungstenRod","Vajra","Lantern"],"acts_visited":["Exordium","TheCity","TheBeyond","TheEnding"],"potions_floor_usage":[7,10,22,28,50,53,55,55,55],"damage_taken":[{"damage":16,"enemies":"Jaw Worm","floor":1,"turns":4},{"damage":0,"enemies":"Cultist","floor":3,"turns":4},{"damage":6,"enemies":"2 Louse","floor":4,"turns":2},{"damage":10,"enemies":"Gremlin Nob","floor":7,"turns":4},{"damage":9,"enemies":"3 Sentries","floor":10,"turns":2},{"damage":35,"enemies":"Lagavulin","floor":14,"turns":6},{"damage":19,"enemies":"Slime Boss","floor":16,"turns":5},{"damage":0,"enemies":"3 Byrds","floor":18,"turns":3},{"damage":0,"enemies":"Spheric Guardian","floor":19,"turns":3},{"damage":21,"enemies":"Snake Plant","floor":22,"turns":3},{"damage":16,"enemies":"Book of Stabbing","floor":23,"turns":3},{"damage":15,"enemies":"Slavers","floor":28,"turns":2},{"damage":0,"enemies":"Snecko","floor":31,"turns":3},{"damage":0,"enemies":"Automaton","floor":33,"turns":5},{"damage":9,"enemies":"3 Shapes","floor":35,"turns":2},{"damage":9,"enemies":"Orb Walker","floor":39,"turns":2},{"damage":63,"enemies":"Reptomancer","floor":40,"turns":3},{"damage":0,"enemies":"Jaw Worm Horde","floor":41,"turns":1},{"damage":0,"enemies":"3 Darklings","floor":44,"turns":2},{"damage":0,"enemies":"Spire Growth","floor":46,"turns":2},{"damage":14,"enemies":"Sphere and 2 Shapes","floor":48,"turns":3},{"damage":18,"enemies":"Donu and Deca","floor":50,"turns":5},{"damage":0,"enemies":"Shield and Spear","floor":54,"turns":2},{"damage":29,"enemies":"The Heart","floor":55,"turns":7}],"seed_played":"1542333115712599101","potions_obtained":[{"floor":1,"key":"Block Potion"},{"floor":7,"key":"Fruit Juice"},{"floor":10,"key":"SteroidPotion"},{"floor":18,"key":"Explosive Potion"},{"floor":19,"key":"AttackPotion"},{"floor":23,"key":"Dexterity Potion"},{"floor":40,"key":"EssenceOfSteel"},{"floor":41,"key":"LiquidBronze"}],"is_trial":false,"path_per_floor":["M","?","M","M","$","R","E","R","T","E","?","$","?","E","R","B",null,"M","M","?","$","M","E","R","?","T","R","E","$","?","M","R","B",null,"M","?","?","$","M","E","M","?","T","M","T","M","?","M","R","B",null,"R","$","E","B",null],"character_chosen":"MKU","items_purchased":["Matryoshka","HollowMod:PaleOreRelic","TungstenRod","Vajra","Fruit Juice","Strength Potion","MokouMod:BurningDraft+1","Master of Strategy+1","Flash of Steel"],"campfire_rested":1,"item_purchase_floors":[5,21,53,53,53,53,53,53,53],"current_hp_per_floor":[38,38,38,32,32,32,22,22,22,18,44,44,33,20,44,25,80,80,80,80,80,59,43,43,43,43,43,34,49,49,55,55,56,56,51,51,51,56,47,14,14,49,49,49,49,49,43,37,37,27,49,49,54,54,25],"gold":99,"neow_bonus":"TWO_FIFTY_GOLD","is_daily":false,"chose_seed":false,"campfire_upgraded":6,"win_rate":0.0,"timestamp":1613481474,"path_taken":["M","?","?","M","$","R","E","R","T","E","?","$","?","E","R","BOSS","M","M","?","?","?","E","R","?","T","R","E","$","?","M","R","BOSS","M","?","?","$","?","E","M","?","T","M","?","M","?","M","R","BOSS","R","$","E","BOSS"],"items_purchased_type":["Relic","Relic","Relic","Relic","Potion","Potion","Card","Card","Card"],"build_version":"2020-12-22","purchased_purges":2,"victory":true,"max_hp_per_floor":[75,75,75,75,75,75,75,75,75,80,80,80,80,80,80,80,80,80,80,80,80,80,80,80,56,56,56,56,56,56,56,56,56,56,56,56,56,56,56,56,56,49,49,49,49,49,49,49,49,49,49,49,54,54,54],"card_choices":[{"not_picked":["MokouMod:ControlledCombustion","MokouMod:BlazingComet"],"picked":"MokouMod:TemporalFireSeal","floor":1},{"not_picked":["MokouMod:IndiscriminateIgnition","MokouMod:Refresh"],"picked":"MokouMod:ResoluteFlare","floor":3},{"not_picked":["MokouMod:IcarusDive","MokouMod:Combust"],"picked":"MokouMod:SubterraneanCore","floor":4},{"not_picked":["MokouMod:UncontrollableSolarReaction","MokouMod:Rekindle"],"picked":"MokouMod:FujiyamaVolcano","floor":7},{"not_picked":["MokouMod:ResonatingAura+1","MokouMod:ThermalPressure"],"picked":"MokouMod:RisingSunBarrier+1","floor":10},{"not_picked":["MokouMod:IgnitionBlast+1","MokouMod:ControlledCombustion+1"],"picked":"MokouMod:PhoenixFeathers+1","floor":14},{"not_picked":["MokouMod:IllusoryBattlefield+1","MokouMod:TemporalFireSeal"],"picked":"MokouMod:Sear+1","floor":18},{"not_picked":["MokouMod:Singe","MokouMod:Combust"],"picked":"MokouMod:FujiyamaVolcano","floor":19},{"not_picked":["MokouMod:Singe+1","MokouMod:ResonanceReactor+1"],"picked":"MokouMod:Firecracker+1","floor":22},{"not_picked":["MokouMod:Fireball","MokouMod:IcarusDive"],"picked":"MokouMod:Afterburner+1","floor":23},{"not_picked":["MokouMod:RisingSunBarrier+1","MokouMod:GuidingSmoke"],"picked":"MokouMod:CrimsonArmoury+1","floor":28},{"not_picked":["MokouMod:HeatTransfer+1","MokouMod:Combust+1"],"picked":"MokouMod:Firecracker+1","floor":31},{"not_picked":["MokouMod:HouraiForge+1","MokouMod:ExplosiveFlame+1"],"picked":"MokouMod:SpontaneousHumanCombustion+1","floor":33},{"not_picked":["MokouMod:ImperishableFlame+1","MokouMod:Fireball+1"],"picked":"MokouMod:IgnitionBlast+1","floor":35},{"not_picked":["MokouMod:HeatCyclone+1","MokouMod:TemporalFireSeal"],"picked":"MokouMod:Sear+1","floor":39},{"not_picked":["MokouMod:CrimsonFlare+1","MokouMod:Cataclysm"],"picked":"MokouMod:RisingSunBarrier+1","floor":40},{"not_picked":["MokouMod:UncontrollableSolarReaction","MokouMod:RadiantBlade"],"picked":"MokouMod:EternalBurstReactor+1","floor":41},{"not_picked":["MokouMod:EternalBurstReactor","MokouMod:ScorchingColumn"],"picked":"MokouMod:ControlledCombustion+1","floor":44},{"not_picked":["MokouMod:Ember","MokouMod:ResoluteFlare","MokouMod:EternalBurstReactor+1"],"picked":"SKIP","floor":46},{"not_picked":["MokouMod:Ember+1","MokouMod:TemporalFireSeal+1","MokouMod:AdaptivePyromancy"],"picked":"SKIP","floor":48},{"not_picked":["MokouMod:Cataclysm","MokouMod:HeatFactory+1"],"picked":"MokouMod:Sear+1","floor":54}],"player_experience":110312,"relics_obtained":[{"floor":7,"key":"Frozen Egg 2"},{"floor":9,"key":"Shuriken"},{"floor":9,"key":"CeramicFish"},{"floor":10,"key":"Unceasing Top"},{"floor":14,"key":"Toxic Egg 2"},{"floor":23,"key":"MawBank"},{"floor":26,"key":"Happy Flower"},{"floor":26,"key":"Orichalcum"},{"floor":28,"key":"MealTicket"},{"floor":40,"key":"Juzu Bracelet"},{"floor":45,"key":"Bag of Preparation"},{"floor":54,"key":"Lantern"}],"event_choices":[{"cards_removed":["MokouMod:Strike"],"damage_healed":0,"gold_gain":0,"player_choice":"Offered Basic","damage_taken":0,"max_hp_gain":0,"max_hp_loss":0,"event_name":"Bonfire Elementals","floor":2,"gold_loss":0},{"damage_healed":26,"gold_gain":0,"player_choice":"Banana","damage_taken":0,"max_hp_gain":0,"max_hp_loss":0,"event_name":"Big Fish","floor":11,"gold_loss":0},{"damage_healed":0,"gold_gain":75,"player_choice":"Gather Gold","damage_taken":11,"max_hp_gain":0,"max_hp_loss":0,"event_name":"World of Goop","floor":13,"gold_loss":0},{"damage_healed":0,"gold_gain":0,"player_choice":"Bet on Murderer","damage_taken":0,"max_hp_gain":0,"max_hp_loss":0,"event_name":"The Joust","floor":20,"gold_loss":50},{"damage_healed":0,"gold_gain":0,"player_choice":"Became a vampire","damage_taken":0,"max_hp_gain":0,"max_hp_loss":24,"event_name":"Vampires","floor":25,"gold_loss":0,"cards_obtained":["Bite","Bite","Bite","Bite","Bite"]},{"cards_removed":["MokouMod:Defend"],"damage_healed":0,"gold_gain":0,"player_choice":"Gave Gold","damage_taken":0,"max_hp_gain":0,"max_hp_loss":0,"event_name":"Beggar","floor":30,"gold_loss":75},{"damage_healed":0,"gold_gain":0,"player_choice":"Ignored","damage_taken":0,"max_hp_gain":0,"max_hp_loss":0,"event_name":"Tomb of Lord Red Mask","floor":36,"gold_loss":0},{"cards_removed":["Bite"],"damage_healed":0,"gold_gain":0,"player_choice":"Gave Card","damage_taken":0,"relics_obtained":["Pen Nib"],"max_hp_gain":0,"max_hp_loss":0,"event_name":"WeMeetAgain","floor":37,"gold_loss":0},{"damage_healed":49,"gold_gain":0,"player_choice":"Heal","damage_taken":0,"max_hp_gain":0,"max_hp_loss":7,"event_name":"The Moai Head","floor":42,"gold_loss":0},{"damage_healed":0,"gold_gain":0,"player_choice":"Embrace Madness","damage_taken":6,"max_hp_gain":0,"max_hp_loss":0,"event_name":"Winding Halls","floor":47,"gold_loss":0,"cards_obtained":["Madness","Madness"]}],"is_beta":false,"boss_relics":[{"not_picked":["SlaversCollar","SacredBark"],"picked":"Runesmith:UraniumAnvil"},{"not_picked":["Cursed Key","Runic Pyramid"],"picked":"Coffee Dripper"}],"items_purged_floors":[5,12],"is_endless":false,"potions_floor_spawned":[1,7,10,18,19,23,40,41],"ascension_level":0}}