{"host":"pj05r22d3fegil3v","time":1613453396,"event":{"mods":["BaseMod","Better Altar","Better Match","Better Note","Better Sensory Stone","Better Skull","Better Third Choice","BetterRewards","Card Filter","Colored Powertips","Curses Come First","Custom Start","DeckTracker","Displayed Cursed Tome","Evolution","Minty Spire (QoL Compilation)","Quick Restart","Rare Cards Sparkle","Relic Filter Mod","Smile Girya","StSLib","Weighted Paths","everything is the same but u backflip on backflip","slay the spire mod where everything is the same but ironclad has a cowboy hat"],"gold_per_floor":[115,40,60,60,235,263,275,307,346,358,400,412,435,464,476,583,595,618,642,654,616,616,616,627,280,280,66,66,90,124,135,135,236,236,254,268,62,75,75,103,103,129,211,246,246,246,259,0,0,0],"floor_reached":51,"language":"ENG","playtime":3314,"items_purged":["Doubt","Eruption","Injury","SashWhip"],"score":1189,"play_id":"5aad9c15-14f9-4c48-9f5a-42dc502e3bad","local_time":"20210216002956","is_ascension_mode":true,"campfire_choices":[{"data":"Mayhem","floor":7,"key":"SMITH"},{"data":"Worship","floor":12,"key":"SMITH"},{"data":"Prostrate","floor":15,"key":"SMITH"},{"data":"Pray","floor":23,"key":"SMITH"},{"data":"Mayhem","floor":28,"key":"SMITH"},{"data":"SashWhip","floor":32,"key":"PURGE"},{"data":"SashWhip","floor":41,"key":"PURGE"},{"data":"SashWhip","floor":45,"key":"PURGE"},{"data":"BattleHymn","floor":49,"key":"SMITH"}],"circlet_count":0,"master_deck":["ThirdEye","ThirdEye","ThirdEye","ThirdEye","Vigilance","Mayhem+1","Nirvana","BattleHymn+1","Pray+1","Worship+1","Prostrate+1","Nirvana","Mayhem+1","Brilliance","MasterReality+1"],"relics":["PureWater","EVO:Axolotl","MawBank","Smiling Mask","WarpedTongs","Eternal Feather","Sozu","Peace Pipe","Strawberry","Bag of Preparation","Busted Crown","Art of War","Happy Flower","Vajra","HornCleat","Bottled Flame","Red Mask"],"acts_visited":["Exordium","TheCity","TheBeyond"],"potions_floor_usage":[6,6,16,33],"damage_taken":[{"damage":0,"enemies":"Cultist","floor":1,"turns":5},{"damage":5,"enemies":"Small Slimes","floor":3,"turns":4},{"damage":7,"enemies":"Gremlin Nob","floor":6,"turns":4},{"damage":0,"enemies":"Jaw Worm","floor":8,"turns":2},{"damage":7,"enemies":"Lagavulin","floor":11,"turns":6},{"damage":7,"enemies":"3 Louse","floor":13,"turns":3},{"damage":12,"enemies":"Exordium Thugs","floor":14,"turns":6},{"damage":9,"enemies":"The Guardian","floor":16,"turns":8},{"damage":1,"enemies":"Spheric Guardian","floor":18,"turns":4},{"damage":4,"enemies":"Shell Parasite","floor":19,"turns":5},{"damage":14,"enemies":"Cultist and Chosen","floor":24,"turns":6},{"damage":13,"enemies":"Gremlin Leader","floor":30,"turns":5},{"damage":15,"enemies":"Snake Plant","floor":31,"turns":3},{"damage":0,"enemies":"Collector","floor":33,"turns":10},{"damage":0,"enemies":"3 Shapes","floor":35,"turns":4},{"damage":40,"enemies":"3 Darklings","floor":36,"turns":5},{"damage":0,"enemies":"Jaw Worm Horde","floor":38,"turns":5},{"damage":43,"enemies":"Reptomancer","floor":40,"turns":6},{"damage":0,"enemies":"Giant Head","floor":42,"turns":6},{"damage":8,"enemies":"Reptomancer","floor":44,"turns":4},{"damage":0,"enemies":"Spire Growth","floor":47,"turns":4},{"damage":10,"enemies":"Donu and Deca","floor":50,"turns":7}],"seed_played":"8133395388284034770","potions_obtained":[{"floor":1,"key":"SpeedPotion"},{"floor":3,"key":"Energy Potion"},{"floor":8,"key":"SpeedPotion"},{"floor":16,"key":"SteroidPotion"}],"is_trial":false,"path_per_floor":["M","$","M","?","?","E","R","M","T","?","E","R","M","M","R","B",null,"M","M","?","$","?","R","M","$","T","$","R","T","E","M","R","B",null,"M","M","$","M","?","E","R","E","T","E","R","?","M","?","R","B",null],"character_chosen":"WATCHER","items_purchased":["Mayhem","Nirvana","BattleHymn","Peace Pipe","Mayhem","Art of War"],"campfire_rested":0,"item_purchase_floors":[0,0,2,25,27,37],"current_hp_per_floor":[74,74,69,74,74,67,67,67,67,67,60,69,62,50,59,50,79,78,74,74,74,74,79,65,65,65,65,74,81,68,53,62,62,86,86,46,46,46,46,3,12,12,12,4,13,13,13,13,22,12],"gold":0,"neow_bonus":"","is_daily":false,"chose_seed":false,"campfire_upgraded":6,"win_rate":0.0,"timestamp":1613453396,"path_taken":["M","$","?","?","?","E","R","M","T","?","E","R","?","M","R","BOSS","M","?","?","?","?","R","M","$","T","$","R","?","E","M","R","BOSS","M","M","$","M","?","E","R","E","T","E","R","?","M","?","R","BOSS"],"items_purchased_type":["Card","Card","Card","Relic","Card","Relic"],"build_version":"2020-12-22","purchased_purges":4,"victory":true,"max_hp_per_floor":[74,74,74,79,79,79,79,79,79,79,79,79,79,79,79,79,79,79,79,79,79,79,79,79,79,79,79,79,86,86,86,86,86,86,86,86,86,86,82,82,82,82,82,82,82,82,82,82,82,82],"card_choices":[{"not_picked":["EmptyMind","FlurryOfBlows","ReachHeaven"],"picked":"SKIP","floor":1},{"not_picked":["Crescendo","Sanctity"],"picked":"Pray","floor":3},{"not_picked":["Consecrate","Indignation"],"picked":"Worship","floor":6},{"not_picked":["ClearTheMind","SignatureMove"],"picked":"Prostrate","floor":8},{"not_picked":["BowlingBash","Indignation","Tantrum"],"picked":"SKIP","floor":11},{"not_picked":["ClearTheMind","CrushJoints"],"picked":"Nirvana","floor":13},{"not_picked":["Scrawl","Protect","Collect"],"picked":"SKIP","floor":14},{"not_picked":["ThirdEye","WheelKick","EmptyBody"],"picked":"SKIP","floor":18},{"not_picked":["FollowUp","ForeignInfluence","Evaluate"],"picked":"SKIP","floor":19},{"not_picked":["JustLucky+1","PathToVictory","BattleHymn+1"],"picked":"SKIP","floor":24},{"not_picked":["Vault","ClearTheMind","LikeWater"],"picked":"SKIP","floor":30},{"not_picked":["WaveOfTheHand","Halt","Prostrate"],"picked":"SKIP","floor":31},{"not_picked":["SpiritShield","Omniscience"],"picked":"Brilliance","floor":33},{"not_picked":["ThirdEye+1"],"picked":"SKIP","floor":35},{"not_picked":["PathToVictory"],"picked":"SKIP","floor":36},{"not_picked":["Prostrate"],"picked":"SKIP","floor":38},{"not_picked":["Nirvana"],"picked":"SKIP","floor":40},{"not_picked":["EmptyBody"],"picked":"SKIP","floor":42},{"not_picked":["Sanctity"],"picked":"SKIP","floor":44},{"not_picked":[],"picked":"MasterReality+1","floor":46},{"not_picked":["PathToVictory"],"picked":"SKIP","floor":47}],"player_experience":113816,"relics_obtained":[{"floor":6,"key":"MawBank"},{"floor":9,"key":"Smiling Mask"},{"floor":11,"key":"Eternal Feather"},{"floor":29,"key":"Strawberry"},{"floor":30,"key":"Bag of Preparation"},{"floor":40,"key":"Happy Flower"},{"floor":42,"key":"Vajra"},{"floor":43,"key":"HornCleat"},{"floor":44,"key":"Bottled Flame"}],"event_choices":[{"damage_healed":0,"gold_gain":0,"player_choice":"Donut","damage_taken":0,"max_hp_gain":5,"max_hp_loss":0,"event_name":"Big Fish","floor":4,"gold_loss":0},{"damage_healed":0,"gold_gain":175,"player_choice":"AGREE","damage_taken":60,"max_hp_gain":0,"max_hp_loss":0,"event_name":"betterThird:BetterSerpent","floor":5,"gold_loss":0},{"damage_healed":0,"gold_gain":0,"player_choice":"Rummage","damage_taken":0,"relics_obtained":["WarpedTongs"],"max_hp_gain":0,"max_hp_loss":0,"event_name":"Accursed Blacksmith","floor":10,"gold_loss":0,"cards_obtained":["Pain"]},{"damage_healed":0,"gold_gain":0,"cards_transformed":["Pain"],"player_choice":"Transformed","damage_taken":0,"max_hp_gain":0,"max_hp_loss":0,"event_name":"Transmorgrifier","floor":20,"gold_loss":0,"cards_obtained":["Injury"]},{"damage_healed":0,"gold_gain":0,"player_choice":"Got Potions","damage_taken":0,"max_hp_gain":0,"max_hp_loss":0,"event_name":"Lab","floor":22,"gold_loss":0},{"damage_healed":0,"gold_gain":0,"player_choice":"Max HP","damage_taken":0,"max_hp_gain":0,"max_hp_loss":4,"event_name":"Winding Halls","floor":39,"gold_loss":0},{"damage_healed":0,"gold_gain":0,"player_choice":"2","damage_taken":0,"max_hp_gain":0,"max_hp_loss":0,"event_name":"betterMatch:BetterMatch","floor":46,"gold_loss":0,"cards_obtained":["betterMatch:RareCard"]},{"damage_healed":0,"gold_gain":0,"player_choice":"Paid","damage_taken":0,"relics_obtained":["Red Mask"],"max_hp_gain":0,"max_hp_loss":0,"event_name":"Tomb of Lord Red Mask","floor":48,"gold_loss":259}],"is_beta":false,"boss_relics":[{"not_picked":["Philosopher\u0027s Stone","Fusion Hammer"],"picked":"Sozu"},{"not_picked":["Black Star","Pandora\u0027s Box"],"picked":"Busted Crown"}],"items_purged_floors":[21,25,27,37],"is_endless":false,"potions_floor_spawned":[1,3,8,16,18,24,38,40,47],"ascension_level":1}}