{"host":"8a72fthmlk1o8pdb","time":1613515019,"event":{"mods":["AchievementEnabler","Aspiration","Astrologer","Bard","BaseMod","Beaked The Cultist","Better Sensory Stone","Better Skull","Better Third Choice","ChefMod","Colored Map","Colored Powertips","Dark Map","Downfall","Friendly Minions","GifTheSpireLib","Googly Eyes","Gremlin Mod","Hermit","Hubris","JesterMod","Jorbs\u0027s Wanderer Trilogy","Marisa????????","Minty Spire (QoL Compilation)","Permanent Neow","Random Character Button","Rare Cards Sparkle","Relic Stats","Reliquary","Robot Space Explorer","Shade Mod","Shop Mod","Somnambulant","StSLib","The Animator","The Blue Laboratory","The Construct","The Cursed","The Disciple","The Hayseed","The Hierophant","The Jungle","The Marked","The Mystic","The Necromancer","The Poker Player","The Problem Sleuth","The Runesmith","thorton"],"gold_per_floor":[115,128,140,140,140,140,171,197,197,197,49,59,74,90,90,186,186,199,199,213,231,78,96,111,128,128,157,157,170,170,181,181,276,276,294,306,24,34,84,117,128,160,160,163,166,169,188,219,223,227,231,235,6,37,37],"floor_reached":56,"language":"ENG","playtime":2742,"items_purged":["Strike_R","Strike_R","Strike_R"],"score":1337,"play_id":"e23f0a4a-7ab9-4c35-a3c6-4e66d7dd1fee","local_time":"20210216143659","is_ascension_mode":true,"campfire_choices":[{"data":"Pommel Strike","floor":6,"key":"SMITH"},{"data":"True Grit","floor":10,"key":"SMITH"},{"data":"1","floor":15,"key":"LIFT"},{"data":"2","floor":28,"key":"LIFT"},{"data":"3","floor":30,"key":"LIFT"},{"data":"beaked:WarriorSpirit","floor":32,"key":"SMITH"},{"floor":44,"key":"REST"},{"floor":46,"key":"RECALL"},{"data":"Offering","floor":49,"key":"SMITH"},{"data":"beaked:Brace","floor":52,"key":"SMITH"}],"circlet_count":0,"master_deck":["Defend_R","Defend_R","Defend_R","Bash+1","Fire Breathing","Whirlwind+1","Pommel Strike+1","True Grit+1","Feed","True Grit+1","Feed","Poisoned Stab","Sucker Punch","Venomology","beaked:Ceremony","beaked:Tweet","beaked:WarriorSpirit+1","Offering+1","Immolate","beaked:Brace+1","hubris:SharpeningStone","Shrug It Off+1","Bloodletting+1","Double Tap","Pride"],"relics":["Burning Blood","hubris:Icosahedron","hubris:BundleOfHerbs","Girya","aspiration:BeakedSkillbook","Chemical X","reliquary:JackalopeAntler","Self Forming Clay","aspiration:PoetsPen_weak","Membership Card","reliquary:Aerogel","Incense Burner","Orichalcum","Mercury Hourglass","thethorton:BankDeed","War Paint","hubris:EmptyBottle","Toy Ornithopter"],"acts_visited":["Exordium","TheCity","TheBeyond","TheEnding"],"potions_floor_usage":[7,14,16,21,23,23,24,29,33,35,39,39,40,42,42,47,48,48,50,50,50,55,55,55,55,55,55,55,55],"damage_taken":[{"damage":7,"enemies":"Jaw Worm","floor":1,"turns":6},{"damage":12,"enemies":"Small Slimes","floor":2,"turns":5},{"damage":10,"enemies":"Cultist","floor":3,"turns":4},{"damage":9,"enemies":"3 Sentries","floor":7,"turns":4},{"damage":0,"enemies":"3 Louse","floor":12,"turns":2},{"damage":0,"enemies":"Blue Slaver","floor":13,"turns":4},{"damage":0,"enemies":"Exordium Thugs","floor":14,"turns":2},{"damage":18,"enemies":"The Guardian","floor":16,"turns":9},{"damage":21,"enemies":"Shell Parasite","floor":18,"turns":5},{"damage":0,"enemies":"Chosen","floor":20,"turns":4},{"damage":40,"enemies":"Shelled Parasite and Fungi","floor":21,"turns":7},{"damage":15,"enemies":"Centurion and Healer","floor":23,"turns":5},{"damage":0,"enemies":"3 Cultists","floor":24,"turns":1},{"damage":0,"enemies":"Sentry and Sphere","floor":25,"turns":2},{"damage":15,"enemies":"Slavers","floor":27,"turns":2},{"damage":0,"enemies":"Centurion and Healer","floor":29,"turns":2},{"damage":0,"enemies":"Snake Plant","floor":31,"turns":1},{"damage":28,"enemies":"hubris:MusketHawk","floor":33,"turns":6},{"damage":11,"enemies":"3 Shapes","floor":35,"turns":1},{"damage":6,"enemies":"3 Darklings","floor":36,"turns":1},{"damage":6,"enemies":"Transient","floor":38,"turns":5},{"damage":15,"enemies":"2 Orb Walkers","floor":39,"turns":3},{"damage":6,"enemies":"Giant Head","floor":40,"turns":5},{"damage":11,"enemies":"Maw","floor":41,"turns":5},{"damage":53,"enemies":"Nemesis","floor":42,"turns":7},{"damage":1,"enemies":"4 Shapes","floor":47,"turns":1},{"damage":0,"enemies":"Reptomancer","floor":48,"turns":3},{"damage":84,"enemies":"Awakened One","floor":50,"turns":11},{"damage":8,"enemies":"Shield and Spear","floor":54,"turns":2},{"damage":62,"enemies":"The Heart","floor":55,"turns":8}],"seed_played":"-3978007057059626708","potions_obtained":[{"floor":1,"key":"Fire Potion"},{"floor":12,"key":"blueLaboratory:SavagePotion"},{"floor":13,"key":"ColorlessPotion"},{"floor":21,"key":"blueLaboratory:FruitPunch"},{"floor":23,"key":"SteroidPotion"},{"floor":27,"key":"Block Potion"},{"floor":33,"key":"blueLaboratory:PhilterOfMotion"},{"floor":38,"key":"champ:CounterPotion"},{"floor":40,"key":"blueLaboratory:TrueEctoplasm"},{"floor":41,"key":"Energy Potion"},{"floor":45,"key":"blueLaboratory:FruitPunch"},{"floor":45,"key":"blueLaboratory:IronCompound"},{"floor":48,"key":"bronze:BurnAndBuffPotion"}],"is_trial":false,"path_per_floor":["M","M","M","?","?","R","E","T","T","R","$","M","M","M","R","B",null,"M","?","M","M","$","M","M","M","T","E","R","M","R","M","R","B",null,"M","M","$","M","?","E","M","E","T","R","?","R","M","E","R","B",null,"R","$","E","B",null],"character_chosen":"IRONCLAD","items_purchased":["Feed","Chemical X","Membership Card","reliquary:Aerogel","LiquidBronze","hubris:EmptyBottle","hexamod:SoulburnPotion","Regen Potion"],"campfire_rested":1,"item_purchase_floors":[11,22,37,37,53,53,53,53],"current_hp_per_floor":[79,73,69,69,69,69,66,66,66,66,66,75,84,86,86,80,86,76,76,85,56,56,69,75,86,86,77,77,83,83,89,89,67,100,95,95,95,99,90,96,91,44,44,74,74,74,81,91,91,33,102,102,102,100,104],"gold":37,"neow_bonus":"UPGRADE_CARD","is_daily":false,"chose_seed":false,"campfire_upgraded":5,"win_rate":0.0,"timestamp":1613515019,"path_taken":["M","M","M","?","?","R","E","?","T","R","$","M","?","M","R","BOSS","M","?","M","M","$","M","M","?","T","E","R","M","R","M","R","BOSS","M","M","$","M","?","E","M","E","T","R","?","R","?","E","R","BOSS","R","$","E","BOSS"],"items_purchased_type":["Card","Relic","Relic","Relic","Potion","Relic","Potion","Potion"],"build_version":"2020-12-22","purchased_purges":3,"victory":true,"max_hp_per_floor":[80,80,80,80,80,80,80,80,80,80,80,83,86,86,86,86,86,89,89,92,92,92,97,97,100,100,100,100,100,100,100,100,100,100,100,100,100,100,100,100,100,100,100,100,100,100,102,102,102,102,102,102,102,102,105],"relic_stats":{"counters":[30,122],"Self Forming Clay":[135],"Chemical X":[33],"Orichalcum":[48],"War Paint":["True Grit","Shrug It Off"],"obtain_stats":[{"Girya":9,"Self Forming Clay":27,"reliquary:Aerogel":37,"aspiration:PoetsPen_weak":34,"Incense Burner":39,"Orichalcum":40,"War Paint":48,"hubris:EmptyBottle":53,"Burning Blood":0,"Mercury Hourglass":42,"reliquary:JackalopeAntler":26,"hubris:Icosahedron":5,"hubris:BundleOfHerbs":7,"Chemical X":22,"Membership Card":37,"thethorton:BankDeed":43,"aspiration:BeakedSkillbook":17,"Toy Ornithopter":54},{"Girya":4,"Self Forming Clay":15,"reliquary:Aerogel":20,"aspiration:PoetsPen_weak":18,"Incense Burner":22,"Orichalcum":23,"War Paint":27,"hubris:EmptyBottle":28,"Burning Blood":0,"Mercury Hourglass":25,"reliquary:JackalopeAntler":14,"hubris:Icosahedron":3,"hubris:BundleOfHerbs":4,"Chemical X":11,"Membership Card":20,"thethorton:BankDeed":25,"aspiration:BeakedSkillbook":8,"Toy Ornithopter":29},{"Girya":19,"Self Forming Clay":62,"reliquary:Aerogel":73,"aspiration:PoetsPen_weak":71,"Incense Burner":81,"Orichalcum":86,"War Paint":102,"hubris:EmptyBottle":113,"Burning Blood":0,"Mercury Hourglass":98,"reliquary:JackalopeAntler":60,"hubris:Icosahedron":15,"hubris:BundleOfHerbs":19,"Chemical X":52,"Membership Card":73,"thethorton:BankDeed":98,"aspiration:BeakedSkillbook":36,"Toy Ornithopter":114}],"Burning Blood":176,"Toy Ornithopter":17,"Mercury Hourglass":[104]},"card_choices":[{"not_picked":["Shockwave","Twin Strike"],"picked":"Fire Breathing","floor":1},{"not_picked":["Headbutt","True Grit"],"picked":"Whirlwind","floor":2},{"not_picked":["Heavy Blade","Body Slam"],"picked":"Pommel Strike","floor":3},{"not_picked":["Headbutt","Rampage"],"picked":"True Grit","floor":7},{"not_picked":["Warcry","Pummel","Rupture"],"picked":"SKIP","floor":12},{"not_picked":["Sword Boomerang","Flex"],"picked":"True Grit","floor":13},{"not_picked":["Clash","Reckless Charge","Searing Blow"],"picked":"SKIP","floor":14},{"not_picked":["Fiend Fire","Juggernaut"],"picked":"Feed","floor":16},{"not_picked":["Metallicize","hubris:CleavingFinish+1","beaked:Cower","beaked:Poke+1"],"picked":"SKIP","floor":18},{"not_picked":["Clothesline","Thunderclap","Body Slam"],"picked":"beaked:Ceremony","floor":20},{"not_picked":["beaked:Flinch","beaked:BraceForImpact+1","beaked:WarriorEssence","beaked:Cower+1"],"picked":"SKIP","floor":21},{"not_picked":["Berserk","Twin Strike","Body Slam"],"picked":"beaked:Tweet","floor":23},{"not_picked":["Sword Boomerang+1","Clothesline","beaked:Devastation"],"picked":"beaked:WarriorSpirit","floor":24},{"not_picked":["Dropkick","True Grit+1","beaked:Evade"],"picked":"Offering","floor":25},{"not_picked":["Thunderclap","Flex","True Grit","beaked:WarriorEssence"],"picked":"SKIP","floor":27},{"not_picked":["Cleave","beaked:Foresight","Heavy Blade+1","beaked:FeelMyPain"],"picked":"SKIP","floor":29},{"not_picked":["beaked:Cower","Cleave","beaked:Flinch","Searing Blow"],"picked":"SKIP","floor":31},{"not_picked":["beaked:Brainwash","Juggernaut","beaked:DarkPact"],"picked":"Immolate","floor":33},{"not_picked":["Anger+1","beaked:Cower+1","beaked:BraceForImpact+1"],"picked":"beaked:Brace","floor":35},{"not_picked":["beaked:Flinch+1","Evolve+1","beaked:Redirect+1","Clash"],"picked":"SKIP","floor":36},{"not_picked":["Anger+1","beaked:Daydream+1","True Grit+1","Sever Soul"],"picked":"SKIP","floor":38},{"not_picked":["beaked:Foresight+1","Anger","beaked:BraceForImpact","Clothesline+1"],"picked":"SKIP","floor":40},{"not_picked":["beaked:BraceForImpact+1","beaked:Redirect+1","beaked:StickSmack+1"],"picked":"hubris:SharpeningStone","floor":41},{"not_picked":["Fiend Fire","hubris:SharpeningStone+1","Shrug It Off","True Grit+1"],"picked":"SKIP","floor":42},{"not_picked":["Fiend Fire","hubris:SharpeningStone+1","True Grit+1"],"picked":"Shrug It Off","floor":42},{"not_picked":["beaked:WarriorEssence","beaked:SacrificialDive+1","beaked:Insight+1","Iron Wave+1"],"picked":"SKIP","floor":47},{"not_picked":["beaked:Tradeoff","beaked:Ceremony","beaked:Recite+1"],"picked":"Bloodletting+1","floor":48},{"not_picked":["Pommel Strike+1","Dropkick+1","beaked:Overpower"],"picked":"Double Tap","floor":54}],"player_experience":216450,"relics_obtained":[{"floor":7,"key":"hubris:BundleOfHerbs"},{"floor":9,"key":"Girya"},{"floor":26,"key":"reliquary:JackalopeAntler"},{"floor":27,"key":"Self Forming Clay"},{"floor":39,"key":"Incense Burner"},{"floor":40,"key":"Orichalcum"},{"floor":42,"key":"Mercury Hourglass"},{"floor":43,"key":"thethorton:BankDeed"},{"floor":48,"key":"War Paint"},{"floor":54,"key":"Toy Ornithopter"}],"event_choices":[{"damage_healed":0,"gold_gain":0,"player_choice":"Grow","damage_taken":0,"max_hp_gain":0,"max_hp_loss":0,"event_name":"Living Wall","floor":4,"gold_loss":0,"cards_upgraded":["Whirlwind"]},{"damage_healed":0,"gold_gain":0,"player_choice":"Fight","damage_taken":0,"max_hp_gain":0,"max_hp_loss":0,"event_name":"Mysterious Sphere","floor":39,"gold_loss":0},{"damage_healed":0,"gold_gain":0,"player_choice":"Got Potions","damage_taken":0,"max_hp_gain":0,"max_hp_loss":0,"event_name":"Lab","floor":45,"gold_loss":0}],"is_beta":false,"boss_relics":[{"not_picked":["hubris:HollowSoul","reliquary:WritOfMandamus"],"picked":"aspiration:BeakedSkillbook"},{"not_picked":["Busted Crown","beaked:MawFillet"],"picked":"aspiration:PoetsPen_weak"}],"items_purged_floors":[11,37,53],"is_endless":false,"potions_floor_spawned":[1,12,13,21,23,27,33,38,40,41,48],"ascension_level":1}}