{"host":"kbjkhl8b8ylq2ux5","time":1613450673,"event":{"mods":["BaseMod","Colored Map","Colored Powertips","Downfall","Highlight Path","Ironclad Rager","Minty Spire (QoL Compilation)","Quick Restart","Random Character Button","StSLib","SuperFastMode"],"gold_per_floor":[112,127,127,143,93,93,127,127,127],"floor_reached":7,"language":"ENG","playtime":809,"items_purged":[],"score":51,"play_id":"ce7969af-e0eb-4598-a23f-06ea22f0ce39","local_time":"20210215234433","is_ascension_mode":false,"campfire_choices":[{"floor":6,"key":"RECALL"}],"circlet_count":0,"master_deck":["Guardian:Strike_Guardian","Guardian:Strike_Guardian","Guardian:Strike_Guardian+1","Guardian:Defend_Guardian","Guardian:Defend_Guardian","Guardian:Defend_Guardian","Guardian:Defend_Guardian","Guardian:CurlUp","Guardian:TwinSlam","Guardian:GuardianWhirl"],"relics":["Guardian:ModeShifter","NeowsBlessing","Shuriken"],"acts_visited":["Exordium"],"potions_floor_usage":[],"damage_taken":[{"damage":0,"enemies":"Cultist","floor":1,"turns":1},{"damage":0,"enemies":"2 Louse","floor":2,"turns":1},{"damage":0,"enemies":"Jaw Worm","floor":4,"turns":1},{"damage":27,"enemies":"Gremlin Nob","floor":7,"turns":6}],"seed_played":"7471631106018241761","potions_obtained":[{"floor":2,"key":"FearPotion"}],"is_trial":false,"path_per_floor":["M","M","?","M","?","R","E"],"character_chosen":"GUARDIAN","items_purchased":[],"campfire_rested":0,"item_purchase_floors":[],"current_hp_per_floor":[80,80,80,80,80,80,53,53,53],"gold":127,"neow_bonus":"THREE_ENEMY_KILL","is_daily":false,"chose_seed":false,"campfire_upgraded":0,"win_rate":0.0,"timestamp":1613450673,"path_taken":["M","M","?","?","?","R","E"],"items_purchased_type":[],"build_version":"2020-12-22","purchased_purges":0,"victory":false,"max_hp_per_floor":[80,80,80,80,80,80,80,80,80],"card_choices":[{"not_picked":["Guardian:Planning","Guardian:Gem_Red"],"picked":"Guardian:Gem_Green","floor":1},{"not_picked":["Guardian:VentSteam","Guardian:PolyBeam"],"picked":"Guardian:GuardianWhirl","floor":2},{"not_picked":["Guardian:TimeCapacitor","Guardian:GuardianWhirl"],"picked":"Guardian:Gem_Fragmented","floor":4}],"player_experience":131966,"relics_obtained":[{"floor":7,"key":"Shuriken"}],"event_choices":[{"cards_removed":["Guardian:Strike_Guardian"],"damage_healed":0,"gold_gain":0,"player_choice":"Card Removal","damage_taken":0,"max_hp_gain":0,"max_hp_loss":0,"event_name":"The Cleric","floor":5,"gold_loss":50}],"is_beta":false,"boss_relics":[],"items_purged_floors":[],"is_endless":false,"potions_floor_spawned":[2],"killed_by":"Gremlin Nob","ascension_level":0}}