{"host":"g7sxcfouz24f0psv","time":1613471241,"event":{"mods":["BaseMod","Hermit","Minty Spire (QoL Compilation)","StSLib","The Cursed"],"gold_per_floor":[111,124,124,139,139,168,178,31,31,49,76,26,2,17,17,113,113,142,166,203,232,244,256,268,280,292,323,360,391,403,439,451,573,585,616,34,52,52,70,70,95,95,121,121,121,12,12,12],"floor_reached":47,"language":"ENG","playtime":3521,"items_purged":[],"score":494,"play_id":"a9c609d7-5d02-46e1-8903-d34ff4fd2033","local_time":"20210216112721","is_ascension_mode":false,"campfire_choices":[{"floor":15,"key":"REST"},{"floor":23,"key":"REST"},{"data":"hermit:CalledShot","floor":25,"key":"SMITH"},{"data":"hermit:Scavenge","floor":30,"key":"SMITH"},{"floor":32,"key":"REST"},{"data":"hermit:Determination","floor":40,"key":"SMITH"},{"floor":42,"key":"REST"}],"circlet_count":0,"master_deck":["hermit:Strike_Hermit","hermit:Strike_Hermit","hermit:Defend_Hermit","hermit:Defend_Hermit","hermit:Defend_Hermit","hermit:Defend_Hermit","hermit:Snapshot","hermit:Covet","hermit:HighCaliber","hermit:Ricochet","hermit:Spite","hermit:Headshot","hermit:Scavenge+1","hermit:TakeAim","hermit:Enervate","hermit:HighCaliber","hermit:Brawl","hermit:Gambit","CurseOfTheBell","hermit:Glare+1","hermit:Quickdraw","hermit:CalledShot+1","hermit:WideOpen+1","hermit:Ricochet","hermit:Determination+1","hermit:LowProfile+1","hermit:FatalDesire","hermit:Misfire+1","hermit:BigShot","hermit:Feint","Metamorphosis","Writhe","hermit:Misfire+1","hermit:Glare+1","Doubt","Finesse","hermit:Manifest"],"relics":["hermit:Momento","Oddly Smooth Stone","Lizard Tail","Vajra","Bottled Lightning","Du-Vu Doll","Calling Bell","MawBank","Sundial","Torii","MutagenicStrength","Calipers","Busted Crown","HandDrill","Pocketwatch","Happy Flower"],"acts_visited":["Exordium","TheCity","TheBeyond"],"potions_floor_usage":[6,6,16,21,31,33,33],"damage_taken":[{"damage":2,"enemies":"Small Slimes","floor":1,"turns":4},{"damage":1,"enemies":"Jaw Worm","floor":2,"turns":3},{"damage":0,"enemies":"2 Louse","floor":4,"turns":2},{"damage":18,"enemies":"Lagavulin","floor":6,"turns":6},{"damage":0,"enemies":"Looter","floor":7,"turns":3},{"damage":0,"enemies":"2 Fungi Beasts","floor":10,"turns":3},{"damage":5,"enemies":"3 Sentries","floor":11,"turns":6},{"damage":0,"enemies":"Large Slime","floor":14,"turns":4},{"damage":23,"enemies":"Hexaghost","floor":16,"turns":9},{"damage":27,"enemies":"2 Thieves","floor":18,"turns":5},{"damage":12,"enemies":"Spheric Guardian","floor":19,"turns":4},{"damage":22,"enemies":"Centurion and Healer","floor":20,"turns":4},{"damage":1,"enemies":"Snake Plant","floor":21,"turns":2},{"damage":1,"enemies":"3 Cultists","floor":27,"turns":5},{"damage":25,"enemies":"Shelled Parasite and Fungi","floor":28,"turns":4},{"damage":0,"enemies":"Snake Plant","floor":29,"turns":1},{"damage":0,"enemies":"Cultist and Chosen","floor":31,"turns":4},{"damage":54,"enemies":"Automaton","floor":33,"turns":9},{"damage":0,"enemies":"3 Darklings","floor":35,"turns":3},{"damage":1,"enemies":"Orb Walker","floor":37,"turns":4},{"damage":11,"enemies":"Jaw Worm Horde","floor":39,"turns":4},{"damage":92,"enemies":"Nemesis","floor":41,"turns":9},{"damage":86,"enemies":"Reptomancer","floor":47,"turns":3}],"seed_played":"2995565795701603957","potions_obtained":[{"floor":1,"key":"Fire Potion"},{"floor":4,"key":"DuplicationPotion"},{"floor":10,"key":"AttackPotion"},{"floor":14,"key":"EssenceOfSteel"},{"floor":19,"key":"SkillPotion"},{"floor":21,"key":"LiquidBronze"},{"floor":29,"key":"SkillPotion"}],"is_trial":false,"path_per_floor":["M","M","?","M","?","E","M","$","T","M","E","?","$","M","R","B",null,"M","M","M","M","?","R","?","R","T","M","M","M","R","M","R","B",null,"M","$","M","?","M","R","E","R","T","?","?","$","E"],"character_chosen":"HERMIT","items_purchased":["Vajra","hermit:HighCaliber","hermit:BigShot","hermit:Feint","Metamorphosis","HandDrill","BlessingOfTheForge","SteroidPotion","DuplicationPotion","Finesse","hermit:Manifest"],"campfire_rested":4,"item_purchase_floors":[8,13,36,36,36,36,36,36,36,46,46],"current_hp_per_floor":[80,79,76,76,69,51,51,51,51,51,46,46,46,46,70,47,82,55,43,21,20,20,44,71,71,71,70,45,45,45,45,69,15,82,82,82,81,82,71,71,21,45,45,45,82,82,0,0],"gold":12,"neow_bonus":"TEN_PERCENT_HP_BONUS","is_daily":false,"chose_seed":false,"campfire_upgraded":3,"win_rate":0.0,"timestamp":1613471241,"path_taken":["M","M","?","M","?","E","M","$","T","M","E","?","?","M","R","BOSS","M","M","M","M","?","R","?","R","T","M","M","M","R","M","R","BOSS","M","$","M","?","M","R","E","R","T","?","?","$","E"],"items_purchased_type":["Relic","Card","Card","Card","Card","Relic","Potion","Potion","Potion","Card","Card"],"build_version":"2020-12-22","purchased_purges":0,"victory":false,"max_hp_per_floor":[82,82,82,82,82,82,82,82,82,82,82,82,82,82,82,82,82,82,82,82,82,82,82,82,82,82,82,82,82,82,82,82,82,82,82,82,82,82,82,82,82,82,82,82,82,82,82,82],"card_choices":[{"not_picked":["hermit:LoneWolf","hermit:CursedWeapon"],"picked":"hermit:HighCaliber","floor":1},{"not_picked":["hermit:Grudge","hermit:BodyArmor"],"picked":"hermit:Ricochet","floor":2},{"not_picked":["hermit:Roulette","hermit:Manifest"],"picked":"hermit:Spite","floor":4},{"not_picked":["hermit:SprayPray","hermit:Coalescence"],"picked":"hermit:Headshot","floor":6},{"not_picked":["hermit:FullyLoaded","hermit:Roulette"],"picked":"hermit:Scavenge","floor":7},{"not_picked":["hermit:FlashPowder","hermit:BodyArmor"],"picked":"hermit:TakeAim","floor":10},{"not_picked":["hermit:GoldenBullet","hermit:Coalescence"],"picked":"hermit:Enervate","floor":11},{"not_picked":["hermit:BlackWind","hermit:Quickdraw"],"picked":"hermit:Brawl","floor":14},{"not_picked":["hermit:FatalDesire","hermit:Adapt"],"picked":"hermit:Gambit","floor":16},{"not_picked":["hermit:Desperado+1","hermit:HoleUp"],"picked":"hermit:Glare+1","floor":18},{"not_picked":["hermit:Snipe+1","hermit:Misfire+1","hermit:HighNoon"],"picked":"SKIP","floor":19},{"not_picked":["hermit:Midnight","hermit:TakeAim"],"picked":"hermit:Quickdraw","floor":20},{"not_picked":["hermit:Grudge","hermit:Midnight"],"picked":"hermit:CalledShot","floor":21},{"not_picked":["hermit:SprayPray","hermit:DeadMansHand"],"picked":"hermit:WideOpen+1","floor":27},{"not_picked":["hermit:Grudge","hermit:Glare"],"picked":"hermit:Ricochet","floor":28},{"not_picked":["hermit:Manifest","hermit:HighCaliber"],"picked":"hermit:Determination","floor":29},{"not_picked":["hermit:Deadeye","hermit:WideOpen+1"],"picked":"hermit:LowProfile+1","floor":31},{"not_picked":["hermit:Reprieve","hermit:RoundhouseKick"],"picked":"hermit:FatalDesire","floor":33},{"not_picked":[],"picked":"hermit:Misfire+1","floor":35},{"not_picked":["hermit:CursedWeapon+1"],"picked":"SKIP","floor":37},{"not_picked":[],"picked":"hermit:Misfire+1","floor":39},{"not_picked":[],"picked":"hermit:Glare+1","floor":41}],"player_experience":42399,"relics_obtained":[{"floor":6,"key":"Lizard Tail"},{"floor":9,"key":"Bottled Lightning"},{"floor":11,"key":"Du-Vu Doll"},{"floor":17,"key":"MawBank"},{"floor":17,"key":"Sundial"},{"floor":17,"key":"Torii"},{"floor":26,"key":"Calipers"},{"floor":41,"key":"Pocketwatch"},{"floor":43,"key":"Happy Flower"}],"event_choices":[{"damage_healed":0,"gold_gain":0,"player_choice":"Success","damage_taken":3,"relics_obtained":["Oddly Smooth Stone"],"max_hp_gain":0,"max_hp_loss":0,"event_name":"Scrap Ooze","floor":3,"gold_loss":0},{"cards_removed":["hermit:Strike_Hermit"],"damage_healed":0,"gold_gain":0,"player_choice":"Card Removal","damage_taken":7,"max_hp_gain":0,"max_hp_loss":0,"event_name":"Golden Wing","floor":5,"gold_loss":0},{"cards_removed":["hermit:Strike_Hermit"],"damage_healed":0,"gold_gain":0,"player_choice":"Card Removal","damage_taken":0,"max_hp_gain":0,"max_hp_loss":0,"event_name":"The Cleric","floor":12,"gold_loss":50},{"damage_healed":0,"gold_gain":0,"player_choice":"Inject Mutagens","damage_taken":0,"relics_obtained":["MutagenicStrength"],"max_hp_gain":0,"max_hp_loss":0,"event_name":"Drug Dealer","floor":22,"gold_loss":0},{"damage_healed":27,"gold_gain":0,"player_choice":"Heal","damage_taken":0,"max_hp_gain":0,"max_hp_loss":0,"event_name":"The Library","floor":24,"gold_loss":0},{"damage_healed":21,"gold_gain":0,"player_choice":"Writhe","damage_taken":0,"max_hp_gain":0,"max_hp_loss":0,"event_name":"Winding Halls","floor":38,"gold_loss":0,"cards_obtained":["Writhe"]},{"damage_healed":0,"gold_gain":0,"player_choice":"Ignored","damage_taken":0,"max_hp_gain":0,"max_hp_loss":0,"event_name":"Mysterious Sphere","floor":44,"gold_loss":0},{"damage_healed":37,"gold_gain":0,"player_choice":"Heal","damage_taken":0,"max_hp_gain":0,"max_hp_loss":0,"event_name":"MindBloom","floor":45,"gold_loss":0,"cards_obtained":["Doubt"]}],"is_beta":false,"boss_relics":[{"not_picked":["hermit:BartenderGlass","Empty Cage"],"picked":"Calling Bell"},{"not_picked":["SacredBark","Black Star"],"picked":"Busted Crown"}],"items_purged_floors":[],"is_endless":false,"potions_floor_spawned":[1,4,10,14,19,21,29,39],"killed_by":"Reptomancer","ascension_level":0}}