{"host":"ohuqxemsk44kggmp","time":1613476387,"event":{"mods":["AchievementEnabler","Act Like it!","BaseMod","Colored Powertips","Minty Spire (QoL Compilation)","Reliquary","Ruina","StSLib"],"gold_per_floor":[112,130,130,130,130,144,177,250,250,266,266,292,292,315,315,412,412,422,439,439,452,92,125,135,167,236,236,254,279,291,291,291,393,393,411,411,421,421,18,43,61,89,112,124,74,74,90,109,109,109,109,109,5,38,38,38],"floor_reached":55,"language":"ENG","playtime":3468,"items_purged":["Strike_G","Shame"],"score":797,"play_id":"cdc74921-c6d0-431d-80cf-8693e672f35f","local_time":"20210216125307","is_ascension_mode":false,"campfire_choices":[{"data":"Glass Knife","floor":11.0,"key":"SMITH"},{"data":"Dash","floor":13.0,"key":"SMITH"},{"data":"Neutralize","floor":15.0,"key":"SMITH"},{"data":"Phantasmal Killer","floor":27.0,"key":"SMITH"},{"floor":32.0,"key":"REST"},{"floor":46.0,"key":"RECALL"},{"data":"Malaise","floor":49.0,"key":"SMITH"},{"data":"Adrenaline","floor":52.0,"key":"SMITH"}],"circlet_count":0,"master_deck":["Strike_G","Strike_G","Strike_G+1","Defend_G","Defend_G","Defend_G","Defend_G","Defend_G","Neutralize+1","Dagger Spray+1","Dash+1","PiercingWail","Glass Knife+1","Prepared","Dagger Throw+1","A Thousand Cuts","Terror","Unload+1","Riddle With Holes+1","ruina:LoveAndHate+1","Bouncing Flask","PiercingWail+1","Phantasmal Killer+1","Burst","ruina:Mimicry+1","Malaise+1","Parasite","Adrenaline+1","Caltrops+1"],"relics":["Ring of the Snake","Akabeko","Molten Egg 2","Pen Nib","Smiling Mask","Cursed Key","reliquary:FingerTrap","Bird Faced Urn","Blood Vial","reliquary:PurpleTingedLeaf","Oddly Smooth Stone","reliquary:RustamsPendant","reliquary:WeakTea","Blood Vial","Toy Ornithopter","Regal Pillow","reliquary:FerryPass"],"acts_visited":["Exordium","Exordium","TheBeyond","TheEnding"],"potions_floor_usage":[55],"damage_taken":[{"damage":0.0,"enemies":"Small Slimes","floor":1.0,"turns":4.0},{"damage":2.0,"enemies":"2 Louse","floor":2.0,"turns":2.0},{"damage":0.0,"enemies":"Cultist","floor":6.0,"turns":3.0},{"damage":11.0,"enemies":"Gremlin Nob","floor":7.0,"turns":4.0},{"damage":0.0,"enemies":"Blue Slaver","floor":10.0,"turns":1.0},{"damage":4.0,"enemies":"Lagavulin","floor":12.0,"turns":5.0},{"damage":21.0,"enemies":"Slime Boss","floor":16.0,"turns":9.0},{"damage":0.0,"enemies":"ruina:3_Bats","floor":18.0,"turns":2.0},{"damage":0.0,"enemies":"ruina:2_Scarecrows","floor":19.0,"turns":4.0},{"damage":7.0,"enemies":"ruina:KnightOfDespair","floor":21.0,"turns":3.0},{"damage":0.0,"enemies":"ruina:Mountain","floor":23.0,"turns":4.0},{"damage":8.0,"enemies":"ruina:Nos_and_Bat","floor":24.0,"turns":2.0},{"damage":15.0,"enemies":"ruina:RoadHome","floor":25.0,"turns":2.0},{"damage":3.0,"enemies":"ruina:KingOfGreed","floor":28.0,"turns":5.0},{"damage":7.0,"enemies":"ruina:ServantOfWrath","floor":29.0,"turns":3.0},{"damage":13.0,"enemies":"ruina:QueenOfHate","floor":30.0,"turns":2.0},{"damage":20.0,"enemies":"ruina:Red_and_Wolf","floor":33.0,"turns":6.0},{"damage":0.0,"enemies":"3 Shapes","floor":35.0,"turns":2.0},{"damage":0.0,"enemies":"3 Darklings","floor":37.0,"turns":1.0},{"damage":25.0,"enemies":"Reptomancer","floor":40.0,"turns":4.0},{"damage":0.0,"enemies":"Jaw Worm Horde","floor":41.0,"turns":2.0},{"damage":44.0,"enemies":"Nemesis","floor":42.0,"turns":7.0},{"damage":3.0,"enemies":"Writhing Mass","floor":44.0,"turns":4.0},{"damage":0.0,"enemies":"Spire Growth","floor":47.0,"turns":2.0},{"damage":0.0,"enemies":"Sphere and 2 Shapes","floor":48.0,"turns":1.0},{"damage":113.0,"enemies":"Awakened One","floor":50.0,"turns":12.0},{"damage":67.0,"enemies":"Shield and Spear","floor":54.0,"turns":6.0},{"damage":122,"enemies":"The Heart","floor":55,"turns":6}],"seed_played":"-6969891859567921645","potions_obtained":[{"floor":2.0,"key":"Strength Potion"},{"floor":4.0,"key":"Block Potion"},{"floor":4.0,"key":"SpeedPotion"},{"floor":7.0,"key":"PowerPotion"},{"floor":12.0,"key":"SkillPotion"},{"floor":24.0,"key":"Fire Potion"},{"floor":25.0,"key":"Explosive Potion"},{"floor":28.0,"key":"DistilledChaos"},{"floor":30.0,"key":"Regen Potion"},{"floor":35.0,"key":"Ancient Potion"},{"floor":37.0,"key":"DuplicationPotion"},{"floor":47.0,"key":"DistilledChaos"}],"is_trial":false,"path_per_floor":["M","M","?","?","$","M","E","?","T","M","R","E","R","T","R","B",null,"M","M","?","M","$","E","M","E","T","R","M","E","M","?","R","B",null,"M","?","M","?","$","E","M","E","T","M","$","R","M","M","R","B",null,"R","$","E","B"],"character_chosen":"THE_SILENT","items_purchased":["reliquary:FingerTrap","ruina:LoveAndHate+1","reliquary:WeakTea","reliquary:SculptingSteel","FairyPotion"],"campfire_rested":1,"item_purchase_floors":[22,22,39,39,53],"current_hp_per_floor":[77,75,60,60,60,60,49,49,49,49,49,45,45,45,45,24,77,77,77,70,63,63,63,55,42,42,42,44,41,31,31,52,60,71,71,71,71,71,71,47,71,52,52,54,54,54,60,64,64,11,71,71,71,19,0,0],"gold":38,"neow_bonus":"TEN_PERCENT_HP_BONUS","is_daily":false,"chose_seed":false,"campfire_upgraded":6,"win_rate":0.0,"timestamp":1613476387,"path_taken":["M","M","?","?","$","?","E","?","T","M","R","E","R","?","R","BOSS","M","M","?","M","$","E","M","E","T","R","M","E","M","?","R","BOSS","M","?","M","?","$","E","M","E","T","?","?","R","M","M","R","BOSS","R","$","E","BOSS"],"items_purchased_type":["Relic","Card","Relic","Relic","Potion"],"build_version":"2020-12-22","purchased_purges":2,"victory":false,"max_hp_per_floor":[77,77,77,77,77,77,77,77,77,77,77,77,77,77,77,77,77,77,77,77,77,77,77,77,77,77,77,77,77,77,71,71,71,71,71,71,71,71,71,71,71,71,71,71,71,71,71,71,71,71,71,71,71,71,71,71],"card_choices":[{"not_picked":["Eviscerate","Acrobatics"],"picked":"Dagger Spray","floor":1.0},{"not_picked":["Outmaneuver","Flying Knee"],"picked":"Dash","floor":2.0},{"not_picked":["Sucker Punch","Slice"],"picked":"PiercingWail","floor":6.0},{"not_picked":["Finisher","PiercingWail"],"picked":"Glass Knife","floor":7.0},{"not_picked":["Infinite Blades","Masterful Stab+1"],"picked":"Prepared","floor":10.0},{"not_picked":["Blade Dance","Backflip"],"picked":"Dagger Throw+1","floor":12.0},{"not_picked":["Doppelganger","Venomology"],"picked":"A Thousand Cuts","floor":16.0},{"not_picked":["Underhanded Strike+1","Dodge and Roll","Blade Dance"],"picked":"SKIP","floor":18.0},{"not_picked":["Dodge and Roll","Backflip"],"picked":"Terror","floor":19.0},{"not_picked":["Quick Slash+1","Backstab+1"],"picked":"Riddle With Holes+1","floor":21.0},{"not_picked":["Distraction","Quick Slash+1"],"picked":"Bouncing Flask","floor":23.0},{"not_picked":["Bane+1","Prepared"],"picked":"PiercingWail+1","floor":24.0},{"not_picked":["Tools of the Trade","PiercingWail"],"picked":"Phantasmal Killer","floor":25.0},{"not_picked":["Deflect+1","All Out Attack+1","Quick Slash+1"],"picked":"SKIP","floor":28.0},{"not_picked":["Sucker Punch+1","Concentrate","Choke+1"],"picked":"SKIP","floor":29.0},{"not_picked":["Poisoned Stab+1","Deadly Poison+1"],"picked":"Burst","floor":30.0},{"not_picked":["ruina:Smile+1","ruina:Harvest+1"],"picked":"ruina:Mimicry+1","floor":31.0},{"not_picked":["Wraith Form v2","Burst"],"picked":"Malaise","floor":33.0},{"not_picked":["Blade Dance+1","Prepared","Dagger Throw+1"],"picked":"SKIP","floor":35.0},{"not_picked":["Blade Dance+1","Prepared","Dagger Throw+1"],"picked":"SKIP","floor":35.0},{"not_picked":["Blade Dance","Flechettes+1","Poisoned Stab+1"],"picked":"SKIP","floor":37.0},{"not_picked":["Slice+1","Bane+1","Backflip+1"],"picked":"SKIP","floor":40.0},{"not_picked":["Cloak And Dagger+1","Dagger Spray+1","Acrobatics"],"picked":"SKIP","floor":41.0},{"not_picked":["Catalyst","Poisoned Stab+1","Eviscerate+1"],"picked":"SKIP","floor":42.0},{"not_picked":["Dagger Spray+1","Underhanded Strike+1"],"picked":"Adrenaline","floor":44.0},{"not_picked":["Sucker Punch+1","Poisoned Stab+1"],"picked":"Caltrops+1","floor":47.0},{"not_picked":["Expertise","Setup","Concentrate"],"picked":"SKIP","floor":48.0},{"not_picked":["Deflect","Flying Knee+1","Blur"],"picked":"SKIP","floor":54.0}],"player_experience":581776,"relics_obtained":[{"floor":7.0,"key":"Akabeko"},{"floor":9.0,"key":"Molten Egg 2"},{"floor":12.0,"key":"Pen Nib"},{"floor":14.0,"key":"Smiling Mask"},{"floor":23.0,"key":"Bird Faced Urn"},{"floor":25.0,"key":"Blood Vial"},{"floor":26.0,"key":"reliquary:PurpleTingedLeaf"},{"floor":29.0,"key":"Oddly Smooth Stone"},{"floor":40.0,"key":"Toy Ornithopter"},{"floor":42.0,"key":"Regal Pillow"},{"floor":54.0,"key":"reliquary:FerryPass"}],"event_choices":[{"damage_healed":0.0,"max_hp_gain":0.0,"max_hp_loss":0.0,"gold_gain":0.0,"event_name":"Shining Light","player_choice":"Entered Light","floor":3.0,"gold_loss":0.0,"damage_taken":15.0,"cards_upgraded":["Dagger Spray","Strike_G"]},{"damage_healed":0.0,"max_hp_gain":0.0,"max_hp_loss":0.0,"gold_gain":0.0,"event_name":"Lab","player_choice":"Got Potions","floor":4.0,"gold_loss":0.0,"damage_taken":0.0},{"damage_healed":0.0,"max_hp_gain":0.0,"max_hp_loss":0.0,"gold_gain":73.0,"event_name":"Golden Wing","player_choice":"Gained Gold","floor":8.0,"gold_loss":0.0,"damage_taken":0.0},{"cards_removed":["Survivor"],"damage_healed":0.0,"max_hp_gain":0.0,"max_hp_loss":0.0,"gold_gain":0.0,"event_name":"Falling","player_choice":"Removed Skill","floor":36.0,"gold_loss":0.0,"damage_taken":0.0},{"cards_removed":["Clumsy"],"damage_healed":0.0,"max_hp_gain":0.0,"max_hp_loss":0.0,"gold_gain":0.0,"event_name":"Purifier","player_choice":"Purged","floor":38.0,"gold_loss":0.0,"damage_taken":0.0}],"is_beta":false,"boss_relics":[{"not_picked":["Snecko Eye","reliquary:KinkedSpring"],"picked":"Cursed Key"},{"not_picked":["Calling Bell","HoveringKite"],"picked":"reliquary:RustamsPendant"}],"items_purged_floors":[22,45],"is_endless":false,"potions_floor_spawned":[2,6,7,12,24,25,28,30,35,37,47,48],"killed_by":"The Heart","ascension_level":0}}