{"host":"x8s7139x96bc3le0","time":1613503024,"event":{"mods":["AchievementEnabler","BaseMod","Bestiary","Minty Spire (QoL Compilation)","Relic Stats","ojb\u0027s Better Paths Mod","ojb\u0027s Info Mod"],"gold_per_floor":[110,110,122,136,30,64,64,90,90,90,90],"floor_reached":10,"language":"ENG","playtime":392,"items_purged":[],"score":148,"play_id":"76a38a2f-6277-4c0f-8f5b-c7eefdcd4aa7","local_time":"20210216201704","is_ascension_mode":true,"campfire_choices":[{"data":"Bash","floor":7,"key":"SMITH"}],"circlet_count":0,"master_deck":["AscendersBane","Strike_R","Strike_R","Strike_R","Strike_R","Strike_R","Defend_R","Defend_R","Defend_R","Defend_R","Bash+1","Cleave","Anger","Power Through","Pommel Strike","Carnage"],"relics":["Burning Blood","Boot","Letter Opener","Mummified Hand","White Beast Statue","Bottled Flame"],"acts_visited":["Exordium"],"potions_floor_usage":[4,6,6,10],"damage_taken":[{"damage":7,"enemies":"Cultist","floor":1,"turns":4},{"damage":9,"enemies":"Jaw Worm","floor":3,"turns":3},{"damage":7,"enemies":"Small Slimes","floor":4,"turns":4},{"damage":30,"enemies":"3 Sentries","floor":6,"turns":8},{"damage":27,"enemies":"Lagavulin","floor":8,"turns":6},{"damage":9,"enemies":"3 Sentries","floor":10,"turns":2}],"seed_played":"7252616596653915204","potions_obtained":[{"floor":3,"key":"SkillPotion"},{"floor":4,"key":"Regen Potion"},{"floor":8,"key":"Dexterity Potion"}],"is_trial":false,"path_per_floor":["M","?","M","M","$","E","R","E","T","E"],"character_chosen":"IRONCLAD","items_purchased":["Fire Potion","Pommel Strike"],"campfire_rested":0,"item_purchase_floors":[5,5],"current_hp_per_floor":[67,41,38,37,37,28,28,7,7,0,0],"gold":90,"neow_bonus":"RANDOM_COMMON_RELIC","is_daily":false,"chose_seed":false,"campfire_upgraded":1,"win_rate":0.0,"timestamp":1613503024,"path_taken":["M","?","M","M","$","E","R","E","T","E"],"items_purchased_type":["Potion","Card"],"build_version":"2020-12-22","purchased_purges":0,"victory":false,"max_hp_per_floor":[75,75,75,75,75,75,75,75,75,75,75],"relic_stats":{"counters":[6,27],"Mummified Hand":[0],"Letter Opener":[0],"Boot":[5],"obtain_stats":[{"Bottled Flame":9,"Mummified Hand":6,"Letter Opener":2,"Boot":0,"Burning Blood":0,"White Beast Statue":8},{"Bottled Flame":5,"Mummified Hand":4,"Letter Opener":1,"Boot":0,"Burning Blood":0,"White Beast Statue":5},{"Bottled Flame":25,"Mummified Hand":19,"Letter Opener":4,"Boot":0,"Burning Blood":0,"White Beast Statue":25}],"Burning Blood":30},"card_choices":[{"not_picked":["Wild Strike","Evolve"],"picked":"Cleave","floor":1},{"not_picked":["Thunderclap","Warcry"],"picked":"Anger","floor":3},{"not_picked":["Clash","Sever Soul"],"picked":"Power Through","floor":4},{"not_picked":["True Grit","Headbutt","Twin Strike"],"picked":"SKIP","floor":6},{"not_picked":["Headbutt","Juggernaut"],"picked":"Carnage","floor":8}],"player_experience":853674,"relics_obtained":[{"floor":6,"key":"Mummified Hand"},{"floor":8,"key":"White Beast Statue"},{"floor":9,"key":"Bottled Flame"}],"event_choices":[{"damage_healed":0,"gold_gain":0,"player_choice":"Success","damage_taken":26,"relics_obtained":["Letter Opener"],"max_hp_gain":0,"max_hp_loss":0,"event_name":"Scrap Ooze","floor":2,"gold_loss":0}],"is_beta":false,"boss_relics":[],"items_purged_floors":[],"is_endless":false,"potions_floor_spawned":[3,4,8],"killed_by":"3 Sentries","ascension_level":19}}