{"host":"c83fcgyuu74iknko","time":1613467813,"event":{"mods":["BaseMod","BetterRewards","Colored Map","Colored Powertips","Minty Spire (QoL Compilation)","Quick Restart","StSLib","The Animator","The Senshi"],"gold_per_floor":[127,147,147,147,167,167,167],"floor_reached":6,"language":"ENG","playtime":532,"items_purged":[],"score":36,"play_id":"781efb32-df0e-47c0-97ea-a9ae486f9d62","local_time":"20210216013013","is_ascension_mode":false,"campfire_choices":[],"circlet_count":0,"master_deck":["animator:Strike_MadokaMagica","animator:Defend_MadokaMagica","animator:Strike","animator:Strike","animator:Strike","animator:Defend","animator:Defend","animator:Defend","animator:IrohaTamaki","animator:YuiTsuruno","animator:TanyaDegurechaff","animator:SuzuneAmano"],"relics":["animator:LivingPicture","animator:TheMissingPiece","CultistMask"],"acts_visited":["Exordium"],"potions_floor_usage":[],"damage_taken":[{"damage":0,"enemies":"Cultist","floor":1,"turns":4},{"damage":2,"enemies":"2 Louse","floor":2,"turns":3},{"damage":0,"enemies":"Jaw Worm","floor":5,"turns":4},{"damage":49,"enemies":"3 Sentries","floor":6,"turns":14}],"seed_played":"4301635513173029990","potions_obtained":[{"floor":5,"key":"Energy Potion"}],"is_trial":false,"path_per_floor":["M","M","$","?","M","E"],"character_chosen":"THE_ANIMATOR","items_purchased":[],"campfire_rested":0,"item_purchase_floors":[],"current_hp_per_floor":[48,46,46,46,46,0,0],"gold":167,"neow_bonus":"RANDOM_COLORLESS_2","is_daily":false,"chose_seed":false,"campfire_upgraded":0,"win_rate":0.0,"timestamp":1613467813,"path_taken":["M","?","$","?","M","E"],"items_purchased_type":[],"build_version":"2020-12-22","purchased_purges":0,"victory":false,"max_hp_per_floor":[66,66,66,66,66,66,66],"card_choices":[{"not_picked":["animator:TakanashiRikka","animator:Patchouli"],"picked":"animator:TanyaDegurechaff","floor":0},{"not_picked":["animator:PandorasActor","animator:Scar"],"picked":"animator:SuzuneAmano","floor":1},{"not_picked":["animator:IrohaTamaki","animator:Verdia","animator:Scar"],"picked":"SKIP","floor":2},{"not_picked":["animator:Berserker","animator:Vanir","animator:Aqua"],"picked":"SKIP","floor":5}],"player_experience":238296,"relics_obtained":[],"event_choices":[{"damage_healed":0,"gold_gain":0,"player_choice":"Trade","damage_taken":0,"relics_obtained":["CultistMask"],"max_hp_gain":0,"max_hp_loss":0,"event_name":"FaceTrader","floor":4,"gold_loss":0}],"is_beta":false,"boss_relics":[],"items_purged_floors":[],"is_endless":false,"potions_floor_spawned":[5],"killed_by":"3 Sentries","ascension_level":0}}