{"host":"31s8hzukbhz1k6i6","time":1613445647,"event":{"mods":["AchievementEnabler","BaseMod","Bestiary","Colored Map","Filter the Spire","Minty Spire (QoL Compilation)","Relic Stats"],"gold_per_floor":[115,135,135,135,3,43,63,104,131,131,150,150,165,198,198,198,198],"floor_reached":16,"language":"ENG","playtime":781,"items_purged":["Defend_G"],"score":290,"play_id":"daaaa137-acf8-4b9a-b6d1-52dff701d675","local_time":"20210215192047","is_ascension_mode":true,"campfire_choices":[{"data":"Flechettes","floor":10,"key":"SMITH"},{"data":"Masterful Stab","floor":12,"key":"SMITH"},{"data":"Crippling Poison","floor":15,"key":"SMITH"}],"circlet_count":0,"master_deck":["AscendersBane","Strike_G","Strike_G","Strike_G","Strike_G","Strike_G","Defend_G","Defend_G","Defend_G","Defend_G","Survivor","Neutralize","Flechettes+1","Eviscerate+1","Backflip","Crippling Poison+1","Acrobatics","Prepared","Masterful Stab+1","Acrobatics","Crippling Poison"],"relics":["Ring of the Snake","NeowsBlessing","Golden Idol","Happy Flower","MealTicket","Strawberry","Toy Ornithopter"],"acts_visited":["Exordium"],"potions_floor_usage":[8,14],"damage_taken":[{"damage":0,"enemies":"Small Slimes","floor":1,"turns":1},{"damage":0,"enemies":"Jaw Worm","floor":2,"turns":1},{"damage":0,"enemies":"Lagavulin","floor":6,"turns":1},{"damage":0,"enemies":"2 Louse","floor":7,"turns":4},{"damage":17,"enemies":"3 Sentries","floor":8,"turns":8},{"damage":1,"enemies":"Large Slime","floor":11,"turns":3},{"damage":3,"enemies":"3 Louse","floor":13,"turns":3},{"damage":32,"enemies":"Lagavulin","floor":14,"turns":7},{"damage":30,"enemies":"Hexaghost","floor":16,"turns":9}],"seed_played":"-556306867906199013","potions_obtained":[{"floor":2,"key":"Regen Potion"},{"floor":6,"key":"Strength Potion"},{"floor":8,"key":"SpeedPotion"}],"is_trial":false,"path_per_floor":["M","M","?","?","$","E","M","E","T","R","M","R","M","E","R","B"],"character_chosen":"THE_SILENT","items_purchased":["Backflip"],"campfire_rested":0,"item_purchase_floors":[5],"current_hp_per_floor":[59,59,59,59,59,59,59,42,49,49,48,48,45,28,28,0,0],"gold":198,"neow_bonus":"THREE_ENEMY_KILL","is_daily":false,"chose_seed":false,"campfire_upgraded":3,"win_rate":0.0,"timestamp":1613445647,"path_taken":["M","M","?","?","$","E","M","E","T","R","M","R","M","E","R","BOSS"],"items_purchased_type":["Card"],"build_version":"2020-12-22","purchased_purges":1,"victory":false,"max_hp_per_floor":[66,66,66,60,60,60,60,60,67,67,67,67,67,67,67,67,67],"relic_stats":{"Happy Flower":[11],"counters":[9,37],"Golden Idol":34,"MealTicket":0,"obtain_stats":[{"NeowsBlessing":0,"Happy Flower":6,"Golden Idol":4,"Strawberry":9,"MealTicket":8,"Toy Ornithopter":14,"Ring of the Snake":0},{"NeowsBlessing":0,"Happy Flower":3,"Golden Idol":2,"Strawberry":5,"MealTicket":5,"Toy Ornithopter":8,"Ring of the Snake":0},{"NeowsBlessing":0,"Happy Flower":3,"Golden Idol":2,"Strawberry":15,"MealTicket":15,"Toy Ornithopter":28,"Ring of the Snake":0}],"Toy Ornithopter":0,"Ring of the Snake":[18]},"card_choices":[{"not_picked":["Prepared","PiercingWail"],"picked":"Flechettes","floor":1},{"not_picked":["Dagger Spray","Endless Agony"],"picked":"Eviscerate","floor":2},{"not_picked":["Predator","Accuracy"],"picked":"Crippling Poison","floor":6},{"not_picked":["Reflex","Backflip"],"picked":"Acrobatics","floor":7},{"not_picked":["Expertise","Blur"],"picked":"Prepared","floor":8},{"not_picked":["Cloak And Dagger","Footwork"],"picked":"Masterful Stab","floor":11},{"not_picked":["Slice","Bane"],"picked":"Acrobatics","floor":13},{"not_picked":["Skewer","Quick Slash"],"picked":"Crippling Poison","floor":14}],"player_experience":221454,"relics_obtained":[{"floor":6,"key":"Happy Flower"},{"floor":8,"key":"MealTicket"},{"floor":9,"key":"Strawberry"},{"floor":14,"key":"Toy Ornithopter"}],"event_choices":[{"damage_healed":0,"gold_gain":0,"player_choice":"Grow","damage_taken":0,"max_hp_gain":0,"max_hp_loss":0,"event_name":"Living Wall","floor":3,"gold_loss":0,"cards_upgraded":["Eviscerate"]},{"damage_healed":0,"gold_gain":0,"player_choice":"Lose Max HP","damage_taken":0,"relics_obtained":["Golden Idol"],"max_hp_gain":0,"max_hp_loss":6,"event_name":"Golden Idol","floor":4,"gold_loss":0}],"is_beta":false,"boss_relics":[],"items_purged_floors":[5],"is_endless":false,"potions_floor_spawned":[2,6,8,11],"killed_by":"Hexaghost","ascension_level":20}}