{"host":"en4narc5947t7k9n","time":1613498721,"event":{"mods":["AchievementEnabler","BaseMod","Colored Map","Minty Spire (QoL Compilation)","SuperFastMode"],"gold_per_floor":[116,134,65,75,95,95,107,107,107,121,121,121,137,148,148,252,302,316,331,331,331],"floor_reached":20,"language":"KOR","playtime":1064,"items_purged":[],"score":170,"play_id":"40c9bc93-5966-4927-8ffb-5fa12f48ebc4","local_time":"20210217030521","is_ascension_mode":false,"campfire_choices":[{"data":"Bloodletting","floor":6,"key":"SMITH"},{"data":"Juggernaut","floor":8,"key":"SMITH"},{"data":"Uppercut","floor":11,"key":"SMITH"},{"data":"Barricade","floor":15,"key":"SMITH"}],"circlet_count":0,"master_deck":["Strike_R","Strike_R","Strike_R","Strike_R","Defend_R","Defend_R","Defend_R+1","Defend_R","Bash","Iron Wave","Bloodletting+1","Clash","Anger","Cleave","Juggernaut+1","Inflame","Uppercut+1","Barricade+1","Armaments","Rampage","Corruption","Shrug It Off","True Grit+1"],"relics":["Burning Blood","Thread and Needle","Tiny House"],"acts_visited":["Exordium","TheCity"],"potions_floor_usage":[16,18,19],"damage_taken":[{"damage":20,"enemies":"Jaw Worm","floor":1,"turns":4},{"damage":1,"enemies":"Cultist","floor":2,"turns":4},{"damage":0,"enemies":"Small Slimes","floor":4,"turns":3},{"damage":5,"enemies":"Looter","floor":5,"turns":3},{"damage":7,"enemies":"2 Fungi Beasts","floor":7,"turns":3},{"damage":7,"enemies":"Blue Slaver","floor":10,"turns":3},{"damage":7,"enemies":"3 Louse","floor":13,"turns":4},{"damage":7,"enemies":"Large Slime","floor":14,"turns":5},{"damage":36,"enemies":"Slime Boss","floor":16,"turns":9},{"damage":42,"enemies":"3 Byrds","floor":18,"turns":8},{"damage":20,"enemies":"2 Thieves","floor":19,"turns":5},{"damage":52,"enemies":"3 Cultists","floor":20,"turns":4}],"seed_played":"-6639550802025150305","potions_obtained":[{"floor":1,"key":"FearPotion"},{"floor":5,"key":"Explosive Potion"},{"floor":7,"key":"Strength Potion"},{"floor":10,"key":"GamblersBrew"},{"floor":17,"key":"Ancient Potion"}],"is_trial":false,"path_per_floor":["M","M","$","M","M","R","M","R","T","M","R","?","M","M","R","B",null,"M","M","M"],"character_chosen":"IRONCLAD","items_purchased":["Clash","Anger"],"campfire_rested":0,"item_purchase_floors":[3,3],"current_hp_per_floor":[74,79,79,85,86,86,85,85,85,84,84,84,83,82,82,52,93,57,43,0,0],"gold":331,"neow_bonus":"TEN_PERCENT_HP_BONUS","is_daily":false,"chose_seed":false,"campfire_upgraded":4,"win_rate":0.0,"timestamp":1613498721,"path_taken":["M","M","$","M","M","R","M","R","T","M","R","?","M","M","R","BOSS","M","M","?"],"items_purchased_type":["Card","Card"],"build_version":"2020-12-22","purchased_purges":0,"victory":false,"max_hp_per_floor":[88,88,88,88,88,88,88,88,88,88,88,88,88,88,88,88,93,93,93,93,93],"card_choices":[{"not_picked":["Metallicize","Wild Strike"],"picked":"Iron Wave","floor":1},{"not_picked":["Anger","Pummel"],"picked":"Bloodletting","floor":2},{"not_picked":["Clash","Clothesline"],"picked":"Cleave","floor":4},{"not_picked":["Body Slam","Iron Wave"],"picked":"Juggernaut","floor":5},{"not_picked":["Body Slam","Reckless Charge"],"picked":"Inflame","floor":7},{"not_picked":["Body Slam","Cleave"],"picked":"Uppercut","floor":10},{"not_picked":["Anger","Clothesline"],"picked":"Armaments","floor":13},{"not_picked":["Clothesline","Wild Strike"],"picked":"Rampage","floor":14},{"not_picked":["Demon Form","Brutality"],"picked":"Corruption","floor":16},{"not_picked":["True Grit","Uppercut"],"picked":"Shrug It Off","floor":17},{"not_picked":["Reckless Charge+1","Clash","Clothesline"],"picked":"SKIP","floor":18},{"not_picked":["Headbutt","Uppercut"],"picked":"True Grit+1","floor":19}],"player_experience":17923,"relics_obtained":[{"floor":9,"key":"Thread and Needle"}],"event_choices":[{"damage_healed":0,"gold_gain":0,"cards_transformed":["Strike_R"],"player_choice":"Transformed","damage_taken":0,"max_hp_gain":0,"max_hp_loss":0,"event_name":"Transmorgrifier","floor":12,"gold_loss":0,"cards_obtained":["Barricade"]}],"is_beta":false,"boss_relics":[{"not_picked":["Snecko Eye","Velvet Choker"],"picked":"Tiny House"}],"items_purged_floors":[],"is_endless":false,"potions_floor_spawned":[1,5,7,10],"killed_by":"3 Cultists","ascension_level":0}}