{"host":"u7lm8z2rvb4dg2oo","time":1613458027,"event":{"mods":["AchievementEnabler","BaseMod","Bestiary","Block Reminder","Colored Map","Colored Powertips","Curses Come First","DeckTracker","Googly Eyes","Highlight Path","Minty Spire (QoL Compilation)","Quick Restart","StSLib"],"gold_per_floor":[109,9,9,22,42,42,57,57,125,47,66,97,97,114,114,193,193,213,226,53,64,64,64],"floor_reached":22,"language":"ENG","playtime":1932,"items_purged":["Strike_G"],"score":348,"play_id":"8c7549ec-0444-409b-bd96-0f734d383d45","local_time":"20210216014707","is_ascension_mode":true,"campfire_choices":[{"data":"Venomology","floor":6.0,"key":"SMITH"},{"floor":15.0,"key":"REST"}],"circlet_count":0,"master_deck":["AscendersBane","Strike_G","Strike_G+1","Strike_G+1","Strike_G","Defend_G","Defend_G","Defend_G","Defend_G","Defend_G","Survivor","Neutralize","Venomology+1","Blade Dance","Finisher","Footwork","Blade Dance","Infinite Blades+1","Dagger Spray","PiercingWail","Burst","Backstab"],"relics":["Ring of the Serpent","Boot","Frozen Egg 2","Whetstone","Oddly Smooth Stone"],"acts_visited":["Exordium","TheCity"],"potions_floor_usage":[],"damage_taken":[{"damage":1.0,"enemies":"2 Louse","floor":1.0,"turns":3.0},{"damage":3.0,"enemies":"Cultist","floor":4.0,"turns":5.0},{"damage":2.0,"enemies":"Jaw Worm","floor":5.0,"turns":3.0},{"damage":6.0,"enemies":"Exordium Wildlife","floor":7.0,"turns":3.0},{"damage":6.0,"enemies":"Exordium Thugs","floor":11.0,"turns":3.0},{"damage":6.0,"enemies":"3 Sentries","floor":12.0,"turns":7.0},{"damage":0.0,"enemies":"2 Fungi Beasts","floor":14.0,"turns":2.0},{"damage":19.0,"enemies":"Hexaghost","floor":16.0,"turns":10.0},{"damage":13.0,"enemies":"3 Byrds","floor":18.0,"turns":4.0},{"damage":39.0,"enemies":"Shell Parasite","floor":19.0,"turns":7.0},{"damage":18.0,"enemies":"Snake Plant","floor":21.0,"turns":4.0},{"damage":24,"enemies":"Cultist and Chosen","floor":22,"turns":3}],"seed_played":"-2216698235954688008","potions_obtained":[{"floor":1.0,"key":"Explosive Potion"},{"floor":7.0,"key":"SneckoOil"},{"floor":12.0,"key":"Block Potion"},{"floor":18.0,"key":"SmokeBomb"}],"is_trial":false,"path_per_floor":["M","$","?","M","M","R","M","?","T","$","M","E","?","M","R","B",null,"M","M","$","M","M"],"character_chosen":"THE_SILENT","items_purchased":["Blade Dance","Infinite Blades+1","Oddly Smooth Stone"],"campfire_rested":1,"item_purchase_floors":[2,10,20],"current_hp_per_floor":[58,58,58,55,53,53,47,47,47,47,41,35,35,35,53,34,54,41,2,2,2,0,0],"gold":64,"neow_bonus":"THREE_RARE_CARDS","is_daily":false,"chose_seed":false,"campfire_upgraded":1,"win_rate":0.0,"timestamp":1613458027,"path_taken":["M","$","?","M","?","R","M","?","T","?","?","E","?","M","R","BOSS","M","M","$","?","M"],"items_purchased_type":["Card","Card","Relic"],"build_version":"2020-12-22","purchased_purges":1,"victory":false,"max_hp_per_floor":[60,60,60,60,60,60,60,60,60,60,60,60,60,60,60,60,60,60,60,60,60,60,60],"card_choices":[{"not_picked":["Doppelganger","Burst"],"picked":"Venomology","floor":0.0},{"not_picked":["Tactician","Quick Slash","Acrobatics"],"picked":"SKIP","floor":1.0},{"not_picked":["Crippling Poison","Dagger Throw"],"picked":"Finisher","floor":4.0},{"not_picked":["PiercingWail","Dagger Throw"],"picked":"Footwork","floor":5.0},{"not_picked":["Concentrate","Deflect"],"picked":"Blade Dance","floor":7.0},{"not_picked":["Underhanded Strike","Quick Slash","Riddle With Holes"],"picked":"SKIP","floor":11.0},{"not_picked":["Venomology","Deadly Poison"],"picked":"Dagger Spray","floor":12.0},{"not_picked":["Bane","Deadly Poison"],"picked":"PiercingWail","floor":14.0},{"not_picked":["Tools of the Trade+1","Doppelganger"],"picked":"Burst","floor":16.0},{"not_picked":["PiercingWail","Distraction","Infinite Blades+1"],"picked":"SKIP","floor":18.0},{"not_picked":["Acrobatics","Tactician"],"picked":"Backstab","floor":19.0},{"not_picked":["Dodge and Roll","Outmaneuver+1","Bane"],"picked":"SKIP","floor":21}],"player_experience":1106489,"relics_obtained":[{"floor":9.0,"key":"Frozen Egg 2"},{"floor":12.0,"key":"Whetstone"}],"event_choices":[{"damage_healed":0.0,"max_hp_gain":0.0,"max_hp_loss":0.0,"gold_gain":0.0,"event_name":"WeMeetAgain","player_choice":"Gave Potion","floor":3.0,"gold_loss":0.0,"damage_taken":0.0,"relics_obtained":["Boot"]},{"damage_healed":0.0,"max_hp_gain":0.0,"max_hp_loss":0.0,"gold_gain":0.0,"event_name":"Liars Game","player_choice":"Ignored","floor":8.0,"gold_loss":0.0,"damage_taken":0.0},{"damage_healed":0.0,"max_hp_gain":0.0,"max_hp_loss":0.0,"gold_gain":0.0,"event_name":"Lab","player_choice":"Got Potions","floor":13.0,"gold_loss":0.0,"damage_taken":0.0}],"is_beta":false,"boss_relics":[{"not_picked":["Busted Crown","Runic Dome"],"picked":"Ring of the Serpent"}],"items_purged_floors":[2],"is_endless":false,"potions_floor_spawned":[1,7,12,18],"killed_by":"Cultist and Chosen","ascension_level":17}}