{"host":"3498uni0c31c9bdm","time":1613516201,"event":{"mods":["BaseMod","Better Match","Better Note","Better Sensory Stone","Better Skull","Better Third Choice","Colored Map","Minty Spire (QoL Compilation)","Quick Restart","RNG Fix","Random Character Button","Replay The Spire","Shop Mod","Smile Girya","StSLib","Unceasing Turn Reminder"],"gold_per_floor":[115,115,130,192,202,202,233,233,256,288,251,251,251],"floor_reached":12,"language":"ENG","playtime":1396,"items_purged":[],"score":138,"play_id":"f5fe8fc4-8a8f-4931-ac83-a3178975d4fd","local_time":"20210217095641","is_ascension_mode":true,"campfire_choices":[{"floor":6,"key":"REST"},{"floor":8,"key":"RECALL"}],"circlet_count":0,"master_deck":["AscendersBane","Strike_R","Strike_R","Strike_R","Strike_R","Strike_R","Defend_R","Defend_R+2","Defend_R+1","Defend_R","Bash","Rampage+1","Flex","ReplayTheSpireMod:Splinters","Rupture","Armaments","Inflame","Rage","Cleave"],"relics":["Burning Blood","Replay:Multitool","Gremlin Food","Replay:Accelerometer","Simple Rune","Snack Pack"],"acts_visited":["Exordium"],"potions_floor_usage":[10,12],"damage_taken":[{"damage":8,"enemies":"2 Louse","floor":1,"turns":3},{"damage":7,"enemies":"Jaw Worm","floor":3,"turns":5},{"damage":1,"enemies":"Cultist","floor":5,"turns":4},{"damage":29,"enemies":"3 Sentries","floor":7,"turns":10},{"damage":46,"enemies":"Gremlin Nob","floor":10,"turns":5},{"damage":17,"enemies":"Replay:BlueRogue","floor":12,"turns":9}],"seed_played":"-3958653828955757156","potions_obtained":[{"floor":4,"key":"SmokeBomb"},{"floor":7,"key":"Block Potion"},{"floor":10,"key":"SpeedPotion"}],"is_trial":false,"path_per_floor":["M","?","M","?","M","R","E","R","T","E","?","E"],"character_chosen":"IRONCLAD","items_purchased":[],"campfire_rested":1,"item_purchase_floors":[],"current_hp_per_floor":[49,49,48,48,53,77,54,54,54,14,14,0,0],"gold":251,"neow_bonus":"ONE_RARE_RELIC","is_daily":false,"chose_seed":false,"campfire_upgraded":0,"win_rate":0.0,"timestamp":1613516201,"path_taken":["M","?","M","?","M","R","E","R","T","E","?","E"],"items_purchased_type":[],"build_version":"2020-12-22","purchased_purges":0,"victory":false,"max_hp_per_floor":[80,80,80,80,80,80,80,80,80,80,80,80,80],"card_choices":[{"not_picked":["Blood for Blood","Body Slam"],"picked":"Rampage","floor":1},{"not_picked":["ReplayTheSpireMod:Corrosion Curse","True Grit"],"picked":"Flex","floor":3},{"not_picked":["Battle Trance","True Grit"],"picked":"Rupture","floor":4},{"not_picked":["Spot Weakness","Heavy Blade"],"picked":"Armaments","floor":4},{"not_picked":["Dark Embrace","ReplayTheSpireMod:Strike From Hell"],"picked":"Inflame","floor":5},{"not_picked":["Double Tap","Twin Strike"],"picked":"Rage","floor":7},{"not_picked":["Run Through","Flex"],"picked":"Cleave","floor":10}],"player_experience":926291,"relics_obtained":[{"floor":4,"key":"Gremlin Food"},{"floor":7,"key":"Replay:Accelerometer"},{"floor":9,"key":"Simple Rune"},{"floor":10,"key":"Snack Pack"}],"event_choices":[{"damage_healed":0,"gold_gain":0,"player_choice":"Left","damage_taken":0,"max_hp_gain":0,"max_hp_loss":0,"event_name":"betterThird:BetterGoop","floor":11,"gold_loss":37}],"is_beta":false,"boss_relics":[],"items_purged_floors":[],"is_endless":false,"potions_floor_spawned":[7,10],"killed_by":"Replay:BlueRogue","ascension_level":12}}