{"host":"d73an99q9oevilk5","time":1613461994,"event":{"mods":["2.2 Compatiblity","AchievementEnabler","Act Like it!","Aspiration","BaseMod","Beaked The Cultist","Better Third Choice","BetterRewards","Colored Map","Colored Powertips","Conspire","Downfall","GifTheSpireLib","Halation","Hubris","Infinite Spire","Marisa????????","Mimic Mod","Minty Spire (QoL Compilation)","MostiFishMod","Quick Restart","Relic Sorter","Reliquary","Replay The Spire","Shop Mod","Spikes Relics","StSLib","Stuff the Spire","The Cursed","The Jungle","The Necromancer","The Saiyan","Waifu the Spire","egg","slay the spire mod where everything is the same but ironclad has a cowboy hat"],"gold_per_floor":[115,115,66,66,78,103,31,31,31,31,57,57,75,90,55,151,151,171,190,206,225,225,260,260,260,299,328,340,187,198,213,213,318,318,332,332,347,362,382,382,382,414,453,470,466,466,483,499,499,499],"floor_reached":51,"language":"ENG","playtime":3074,"items_purged":[],"score":886,"play_id":"94fe114b-4d83-4140-8241-5e4223bb8ec4","local_time":"20210216005314","is_ascension_mode":false,"campfire_choices":[{"data":"TheCursedMod:Hemoplague","floor":8.0,"key":"SMITH"},{"data":"TheCursedMod:LuckyCharm","floor":10.0,"key":"SMITH"},{"data":"TheCursedMod:ShockAndAwe","floor":12.0,"key":"SMITH"},{"data":"TheCursedMod:VoidForm","floor":25.0,"key":"SMITH"},{"data":"BlessedFruit","floor":32,"key":"SMITH"},{"data":"TheCursedMod:SpitefulPray","floor":40,"key":"SMITH"},{"data":"BlessedFruit","floor":46,"key":"SMITH"},{"data":"TheCursedMod:Hemoplague","floor":49,"key":"SMITH"}],"circlet_count":0,"master_deck":["TheCursedMod:CursedWand","TheCursedMod:CleanUpWorkshop","TheCursedMod:Dregs","TheCursedMod:CircleOfCorruption","TheCursedMod:CursedBlade","TheCursedMod:Hemoplague+1","TheCursedMod:CircleOfBlood","TheCursedMod:LuckyCharm+1","TheCursedMod:ShockAndAwe+1","TheCursedMod:StingEye","TheCursedMod:ManaBullet","TheCursedMod:VoidForm+1","TheCursedMod:CircleOfFlame","TheCursedMod:Grudge","TheCursedMod:CursedSpellbook","TheCursedMod:CircleOfBlood","TheCursedMod:BlessingInDisguise","TheCursedMod:ManaCirculation","TheCursedMod:Hemoplague+1","TheCursedMod:Obscuration+1","TheCursedMod:LuckyCharm","TheCursedMod:LuckyCharm","TheCursedMod:SmokeScreen+1","TheCursedMod:ReleasedStrength","BlessedFruit+1","BlessedFruit+1","TheCursedMod:Hemoplague","TheCursedMod:SurpriseAttack","TheCursedMod:WearCloak","TheCursedMod:Evocation","TheCursedMod:SpitefulPray+1","TheCursedMod:Neurasthenia","CurseOfTheBell","TheCursedMod:SurpriseAttack+1","TheCursedMod:ReleasedStrength","TheCursedMod:CursedBlade+1","TheCursedMod:SurpriseAttack+1","StuffTheSpire:Innocence","TheCursedMod:Stretching","TheCursedMod:RapidMovement+1","Parasite","TheCursedMod:RavingStaff+1","TheCursedMod:CursedBoomerang+1"],"relics":["TheCursedMod:BlackMagic101","halation:PinkSoulGem","Ying","SynthV:TestCard","DaveBox","reliquary:Knoch","halation:OrihimeAndHikoboshiSamaAndTears","halation:WeightlessCrab","StuffTheSpire:Rhapsscallions","Regal Pillow","Replay:Grab Bag","CosmicIsotope","Painkiller Herb","Pandora\u0027s Box","StuffTheSpire:Experiment12","conspire:SpecialSausage","Bottled Tornado","HeavenlyBonsai","RoseTintedShades","ClockworkSouvenir","Calling Bell","ShockBauble","Mango","CaptainsWheel","SpikesRelics:DaevaFist","GiantMaggot"],"acts_visited":["Exordium","TheCity","TheBeyond"],"potions_floor_usage":[33,38],"damage_taken":[{"damage":0.0,"enemies":"2 Louse","floor":1.0,"turns":4.0},{"damage":0.0,"enemies":"Small Slimes","floor":5.0,"turns":2.0},{"damage":13.0,"enemies":"3 Sentries","floor":6.0,"turns":7.0},{"damage":20.0,"enemies":"Gremlin Nob","floor":11.0,"turns":5.0},{"damage":0.0,"enemies":"Jaw Worm","floor":13.0,"turns":1.0},{"damage":10.0,"enemies":"Large Slime","floor":14.0,"turns":5.0},{"damage":12.0,"enemies":"The Guardian","floor":16.0,"turns":10.0},{"damage":2.0,"enemies":"Chosen","floor":18.0,"turns":4.0},{"damage":19.0,"enemies":"3 Byrds","floor":19.0,"turns":5.0},{"damage":25.0,"enemies":"conspire:HollyBat","floor":20.0,"turns":6.0},{"damage":0.0,"enemies":"Snecko","floor":21.0,"turns":5.0},{"damage":1.0,"enemies":"conspire:Head Lice","floor":23.0,"turns":5.0},{"damage":0.0,"enemies":"Snake Plant","floor":26.0,"turns":11.0},{"damage":26.0,"enemies":"Book of Stabbing","floor":27.0,"turns":5.0},{"damage":0.0,"enemies":"Snake Plant","floor":28.0,"turns":5.0},{"damage":11,"enemies":"Centurion and Healer","floor":30,"turns":7},{"damage":0,"enemies":"Snecko","floor":31,"turns":6},{"damage":22,"enemies":"Champ","floor":33,"turns":9},{"damage":4,"enemies":"Orb Walker","floor":35,"turns":6},{"damage":17,"enemies":"3 Darklings","floor":37,"turns":7},{"damage":30,"enemies":"Transient","floor":38,"turns":5},{"damage":3,"enemies":"Jaw Worm Horde","floor":39,"turns":3},{"damage":32,"enemies":"Nemesis","floor":42,"turns":7},{"damage":0,"enemies":"Writhing Mass","floor":43,"turns":12},{"damage":5,"enemies":"Writhing Mass","floor":44,"turns":7},{"damage":0,"enemies":"R_Hoarder","floor":45,"turns":8},{"damage":4,"enemies":"4 Shapes","floor":47,"turns":7},{"damage":4,"enemies":"Jaw Worm Horde","floor":48,"turns":4},{"damage":0,"enemies":"Replay:Hell Engine","floor":50,"turns":1}],"seed_played":"-357451569309666994","potions_obtained":[{"floor":5.0,"key":"Reflective Coating"},{"floor":11.0,"key":"sneckomod:MuddlingPotion"},{"floor":16.0,"key":"Regen Potion"},{"floor":27.0,"key":"LiquidMemories"},{"floor":28.0,"key":"Ancient Potion"},{"floor":31,"key":"conspire:TimeTravelPotion"},{"floor":35,"key":"SteroidPotion"}],"is_trial":false,"path_per_floor":["M","?","$","?","M","E","$","R","T","R","E","R","M","M","R_BF","B",null,"?","?","?","?","?","E","AVR","T","MIM","E","?","T","?","?","T","B",null,"?","HB","?","?","?","T","?","E","MIM","?","E","T","?","?","T","B",null],"character_chosen":"THE_CURSED","items_purchased":["reliquary:Knoch","TheCursedMod:CursedBlade","TheCursedMod:LuckyCharm","ClockworkSouvenir"],"campfire_rested":0,"item_purchase_floors":[0,3,7,29],"current_hp_per_floor":[67,67,67,67,67,54,54,54,58,58,42,42,42,36,55,47,79,79,60,45,49,49,50,50,50,52,46,58,58,55,56,56,45,103,102,53,41,46,43,43,43,22,31,33,46,46,50,62,62,62],"gold":499,"neow_bonus":"","is_daily":false,"chose_seed":false,"campfire_upgraded":8,"win_rate":0.0,"timestamp":1613461994,"path_taken":["M","?","$","?","M","E","?","R","T","R","E","R","M","?","R_BF","BOSS","?","?","?","?","?","E","AVR","T","MIM","E","?","T","?","?","T","BOSS","?","HB","?","?","?","T","?","E","MIM","?","E","T","?","?","T","BOSS"],"items_purchased_type":["Relic","Card","Card","Relic"],"build_version":"2020-12-22","purchased_purges":0,"victory":true,"max_hp_per_floor":[75,75,75,75,75,75,75,75,79,79,79,79,79,79,79,79,79,79,79,79,79,79,79,79,79,79,81,83,83,85,86,86,89,103,106,53,56,59,59,59,59,64,67,70,73,73,79,83,83,83],"card_choices":[{"not_picked":["TheCursedMod:Obscuration","TheCursedMod:FleshFromBone"],"picked":"TheCursedMod:CircleOfCorruption","floor":1.0},{"not_picked":["TheCursedMod:HellfireBreathing","TheCursedMod:CircleOfAmplification","TheCursedMod:CircleOfBlood","TheCursedMod:BloodBarrier"],"picked":"TheCursedMod:Hemoplague","floor":5.0},{"not_picked":["TheCursedMod:Torture","TheCursedMod:SpitefulPray","TheCursedMod:CursedMace","TheCursedMod:Hemoplague"],"picked":"TheCursedMod:CircleOfBlood","floor":6.0},{"not_picked":["TheCursedMod:ReleasedKnowledge","TheCursedMod:CursedShiv","TheCursedMod:Hemoplague","TheCursedMod:SurpriseAttack"],"picked":"TheCursedMod:ShockAndAwe","floor":11.0},{"not_picked":["TheCursedMod:CircleOfBlood","TheCursedMod:CircleOfFlame","TheCursedMod:Stretching","TheCursedMod:TacticalStrike"],"picked":"TheCursedMod:StingEye","floor":13.0},{"not_picked":["TheCursedMod:CursedAmulet","TheCursedMod:EmpowerCircles","TheCursedMod:Torture","TheCursedMod:AshesToAshes"],"picked":"TheCursedMod:ManaBullet","floor":14.0},{"not_picked":["TheCursedMod:CollectTribute","TheCursedMod:NeowsMight","TheCursedMod:DemonicPact","TheCursedMod:OutForBlood"],"picked":"TheCursedMod:VoidForm","floor":16.0},{"not_picked":["TheCursedMod:CursedBoomerang","TheCursedMod:RavingStaff","TheCursedMod:SpitefulPray","TheCursedMod:TacticalStrike"],"picked":"TheCursedMod:Obscuration+1","floor":18.0},{"not_picked":["TheCursedMod:ManaBullet+1","TheCursedMod:CursedBlade","TheCursedMod:DarkBarrier","TheCursedMod:CursedAmulet"],"picked":"TheCursedMod:LuckyCharm","floor":19.0},{"not_picked":["TheCursedMod:Hemoplague","TheCursedMod:AshesToAshes","TheCursedMod:Mangle","TheCursedMod:CursedShiv+1"],"picked":"TheCursedMod:LuckyCharm","floor":20.0},{"not_picked":["TheCursedMod:DoubleShield","TheCursedMod:Hemoplague","TheCursedMod:FleshFromBone","TheCursedMod:CircleOfFlame"],"picked":"TheCursedMod:SmokeScreen+1","floor":21.0},{"not_picked":["TheCursedMod:RavingStaff","TheCursedMod:AbyssShockwave","TheCursedMod:CircleOfFlame","TheCursedMod:BloodBarrier"],"picked":"TheCursedMod:ReleasedStrength","floor":23.0},{"not_picked":["TheCursedMod:AshesToAshes","TheCursedMod:CircleOfCorruption","TheCursedMod:SpreadPlague","TheCursedMod:CircleOfFlame"],"picked":"TheCursedMod:Hemoplague","floor":26.0},{"not_picked":["TheCursedMod:DarkBarrier","TheCursedMod:CursedMace","TheCursedMod:CollectTribute","TheCursedMod:Stretching+1"],"picked":"TheCursedMod:SurpriseAttack","floor":27.0},{"not_picked":["TheCursedMod:Stretching","TheCursedMod:CursedShiv","TheCursedMod:SurpriseAttack","TheCursedMod:Torture"],"picked":"TheCursedMod:WearCloak","floor":28.0},{"not_picked":["TheCursedMod:SmokeScreen","TheCursedMod:Obscuration","TheCursedMod:Wield+1","TheCursedMod:BloodBarrier"],"picked":"TheCursedMod:Evocation","floor":30},{"not_picked":["TheCursedMod:BloodBarrier","TheCursedMod:CircleOfCorruption+1","TheCursedMod:SoulCrush","TheCursedMod:Obscuration"],"picked":"TheCursedMod:SpitefulPray","floor":31},{"not_picked":["TheCursedMod:DemonicPact","TheCursedMod:ParallelWorld","TheCursedMod:CircleOfAbyss","TheCursedMod:AntiAging"],"picked":"TheCursedMod:Neurasthenia","floor":33},{"not_picked":["TheCursedMod:Mangle+1","TheCursedMod:Obscuration","TheCursedMod:CursedAmulet+1","TheCursedMod:CursedSpellbook+1"],"picked":"TheCursedMod:SurpriseAttack+1","floor":35},{"not_picked":["TheCursedMod:Obscuration+1","TheCursedMod:EmpowerCircles+1","TheCursedMod:StingEye+1","TheCursedMod:SmokeScreen"],"picked":"TheCursedMod:ReleasedStrength","floor":37},{"not_picked":["TheCursedMod:SmokeScreen","TheCursedMod:BloodBarrier","TheCursedMod:WearCloak","TheCursedMod:CursedMace"],"picked":"TheCursedMod:CursedBlade+1","floor":38},{"not_picked":["TheCursedMod:CircleOfFlame","TheCursedMod:SoulCrush","TheCursedMod:RapidMovement+1","TheCursedMod:CircleOfCorruption+1"],"picked":"TheCursedMod:SurpriseAttack+1","floor":39},{"not_picked":["StuffTheSpire:CelestialWarden","StuffTheSpire:Ambrosia"],"picked":"StuffTheSpire:Innocence","floor":41},{"not_picked":["TheCursedMod:OutForBlood","TheCursedMod:Obscuration+1","TheCursedMod:CursedSpellbook+1","TheCursedMod:RavingStaff+1"],"picked":"TheCursedMod:Stretching","floor":42},{"not_picked":["TheCursedMod:CursedStaff+1","TheCursedMod:CursedMace","TheCursedMod:EmpowerCircles+1","TheCursedMod:Stigma+1"],"picked":"TheCursedMod:RapidMovement+1","floor":43},{"not_picked":["TheCursedMod:SaltUponWound+1","TheCursedMod:SurpriseAttack","TheCursedMod:CursedShiv+1","TheCursedMod:CursedMace+1"],"picked":"TheCursedMod:RavingStaff+1","floor":44},{"not_picked":["TheCursedMod:BloodBarrier","TheCursedMod:Stretching+1","TheCursedMod:WearCloak","TheCursedMod:Obscuration+1"],"picked":"TheCursedMod:CursedBoomerang+1","floor":45},{"not_picked":["TheCursedMod:RapidMovement+1","TheCursedMod:CursedAmulet+1","TheCursedMod:TacticalStrike+1","TheCursedMod:StingEye+1","TheCursedMod:BloodBarrier"],"picked":"SKIP","floor":47},{"not_picked":["TheCursedMod:DoubleShield+1","TheCursedMod:SpitefulStrike+1","TheCursedMod:WearCloak","TheCursedMod:CursedSpellbook","TheCursedMod:CursedShiv"],"picked":"SKIP","floor":48}],"player_experience":1923395,"relics_obtained":[{"floor":1.0,"key":"SynthV:TestCard"},{"floor":6.0,"key":"halation:WeightlessCrab"},{"floor":9.0,"key":"StuffTheSpire:Rhapsscallions"},{"floor":11.0,"key":"Regal Pillow"},{"floor":23.0,"key":"StuffTheSpire:Experiment12"},{"floor":26.0,"key":"HeavenlyBonsai"},{"floor":27.0,"key":"RoseTintedShades"},{"floor":34,"key":"halation:PromiseList"},{"floor":34,"key":"ShockBauble"},{"floor":34,"key":"Mango"},{"floor":42,"key":"CaptainsWheel"},{"floor":43,"key":"SpikesRelics:DaevaFist"},{"floor":45,"key":"GiantMaggot"}],"event_choices":[{"damage_healed":0.0,"max_hp_gain":0.0,"max_hp_loss":0.0,"gold_gain":0.0,"event_name":"conspire:LoneGhost","player_choice":"Disagree","floor":2.0,"gold_loss":0.0,"damage_taken":0.0},{"damage_healed":19.0,"max_hp_gain":0.0,"max_hp_loss":0.0,"gold_gain":0.0,"event_name":"The Cleric","player_choice":"Healed","floor":15.0,"gold_loss":35.0,"damage_taken":0.0}],"is_beta":false,"boss_relics":[{"not_picked":["EE1DDrone","Replay:Drink Me"],"picked":"Replay:Grab Bag"},{"not_picked":["Sozu","reliquary:WritOfMandamus"],"picked":"CosmicIsotope"},{"not_picked":["hubris:RunicObelisk","beaked:MawFillet"],"picked":"Painkiller Herb"},{"not_picked":["TimeKeys","hubris:BlackHole"],"picked":"Pandora\u0027s Box"},{"not_picked":["halation:LoveArrow","TheCursedMod:FourLeafCloverCharm"],"picked":"Calling Bell"}],"items_purged_floors":[],"is_endless":false,"potions_floor_spawned":[5,11,16,23,27,28,31,35,37,44,45,47],"ascension_level":0}}