{"host":"iv5y6bhuaupt1dsk","time":1613488464,"event":{"mods":["BaseMod","Colored Powertips","Koishi","Minty Spire (QoL Compilation)","StSLib","The Cursed","The Druid","The Exalted","The Forsaken","The Hierophant","The Judge","The Servant 0.9.4"],"gold_per_floor":[112,123,134,100,50,50,83,83,83,83,103,103,113,145,145,242,242,256,268,301,122,222,232,232,197,246,281,297,315,315,315,315,419,419,434,482,109,109,126,126,137,137,137,154,169,169,169],"floor_reached":46,"language":"ENG","playtime":3414,"items_purged":[],"score":500,"play_id":"a2c4c12d-f878-43f8-ad60-fb263a480652","local_time":"20210216071424","is_ascension_mode":false,"campfire_choices":[{"data":"theDruid:Fortitude","floor":6.0,"key":"SMITH"},{"data":"theDruid:Guidance","floor":8.0,"key":"SMITH"},{"data":"theDruid:SurvivalCache","floor":12.0,"key":"SMITH"},{"data":"theDruid:NaturalAgility","floor":15.0,"key":"SMITH"},{"floor":24.0,"key":"REST"},{"floor":30.0,"key":"REST"},{"floor":32.0,"key":"REST"},{"floor":40.0,"key":"REST"}],"circlet_count":0,"master_deck":["theDruid:Strike_O","theDruid:Strike_O","theDruid:Strike_O","theDruid:Strike_O","theDruid:Defend_O","theDruid:Defend_O","theDruid:Defend_O","theDruid:BriarArmor+1","theDruid:WildSlash","theDruid:Forage","theDruid:BackupSupplies","theDruid:PouncingStrike","theDruid:Fortitude+1","theDruid:Guidance+1","theDruid:SurvivalCache+1","theDruid:NaturalAgility+1","theDruid:Gore","theDruid:Rabid","theDruid:BloodiedFur","theDruid:ThickHide+1","theDruid:Guidance","theDruid:Fortitude+1","theDruid:NaturalAgility","theDruid:FuriousSlash","theDruid:FeralPlants","theDruid:MysticBarrier+1","theDruid:SurvivalCache","theDruid:Thornburst+1","theDruid:ThornStrike+1","theDruid:BristlingDefense","theDruid:Infestation","theDruid:Fortitude","theDruid:Resupply","Madness","theDruid:Fortitude","theDruid:Resupply+1","theDruid:TearOpen"],"relics":["theDruid:CrownOfTheWilds","Darkstone Periapt","theForsaken:Gavel","Pear","Bottled Flame","Bromod:ArcaneEnergize","Red Mask","Vajra","Happy Flower","Peace Pipe","theForsaken:PaleLantern","Ginger","Bromod:ArcaneAwakening","Blood Vial"],"acts_visited":["Exordium","TheCity","TheBeyond"],"potions_floor_usage":[],"damage_taken":[{"damage":1.0,"enemies":"Jaw Worm","floor":1.0,"turns":4.0},{"damage":0.0,"enemies":"Small Slimes","floor":2.0,"turns":4.0},{"damage":0.0,"enemies":"2 Louse","floor":3.0,"turns":3.0},{"damage":25.0,"enemies":"3 Sentries","floor":7.0,"turns":11.0},{"damage":7.0,"enemies":"2 Fungi Beasts","floor":11.0,"turns":4.0},{"damage":1.0,"enemies":"Gremlin Gang","floor":13.0,"turns":6.0},{"damage":1.0,"enemies":"Lagavulin","floor":14.0,"turns":4.0},{"damage":21.0,"enemies":"Hexaghost","floor":16.0,"turns":9.0},{"damage":17.0,"enemies":"Chosen","floor":18.0,"turns":7.0},{"damage":9.0,"enemies":"Spheric Guardian","floor":19.0,"turns":5.0},{"damage":47.0,"enemies":"Masked Bandits","floor":20.0,"turns":6.0},{"damage":17.0,"enemies":"3 Cultists","floor":23.0,"turns":6.0},{"damage":18.0,"enemies":"Book of Stabbing","floor":27.0,"turns":7.0},{"damage":11.0,"enemies":"Chosen and Byrds","floor":28.0,"turns":8.0},{"damage":1.0,"enemies":"Centurion and Healer","floor":29.0,"turns":6.0},{"damage":20.0,"enemies":"Colosseum Slavers","floor":31.0,"turns":4.0},{"damage":26.0,"enemies":"Champ","floor":33.0,"turns":13.0},{"damage":38.0,"enemies":"3 Darklings","floor":35.0,"turns":9.0},{"damage":32.0,"enemies":"2 Orb Walkers","floor":36.0,"turns":6.0},{"damage":7.0,"enemies":"Orb Walker","floor":39.0,"turns":5.0},{"damage":15.0,"enemies":"4 Shapes","floor":41.0,"turns":15.0},{"damage":10.0,"enemies":"Sphere and 2 Shapes","floor":44.0,"turns":9.0},{"damage":29.0,"enemies":"Maw","floor":45.0,"turns":10.0},{"damage":8,"enemies":"Spire Growth","floor":46,"turns":2}],"seed_played":"-7240202071036436371","potions_obtained":[{"floor":1.0,"key":"FearPotion"},{"floor":2.0,"key":"Regen Potion"},{"floor":7.0,"key":"Block Potion"},{"floor":13.0,"key":"DistilledChaos"},{"floor":20.0,"key":"Strength Potion"},{"floor":29.0,"key":"Strength Potion"},{"floor":39.0,"key":"Strength Potion"}],"is_trial":false,"path_per_floor":["M","M","M","$","?","R","E","R","T","?","M","R","M","E","R","B",null,"M","M","?","$","?","M","R","$","T","E","M","M","R","?","R","B",null,"M","?","$","?","M","R","M","?","T","M","M","M"],"character_chosen":"DRUID","items_purchased":["theDruid:Fortitude","Vajra","theDruid:Guidance","theDruid:NaturalAgility","Bromod:ArcaneAwakening","theDruid:BristlingDefense","theDruid:Infestation"],"campfire_rested":4,"item_purchase_floors":[4,21,21,25,37,37,37],"current_hp_per_floor":[74,74,74,74,74,74,50,50,50,53,49,49,66,68,68,50,85,71,65,21,21,21,7,32,32,32,17,9,11,36,19,44,21,85,50,21,21,21,17,42,30,30,30,25,1,0,0],"gold":169,"neow_bonus":"UPGRADE_CARD","is_daily":false,"chose_seed":false,"campfire_upgraded":4,"win_rate":0.0,"timestamp":1613488464,"path_taken":["M","M","M","$","?","R","E","R","T","?","M","R","M","E","R","BOSS","M","M","?","$","?","M","R","$","T","E","?","M","R","?","R","BOSS","M","?","$","?","M","R","M","?","T","M","?","M"],"items_purchased_type":["Card","Relic","Card","Card","Relic","Card","Card"],"build_version":"2020-12-22","purchased_purges":0,"victory":false,"max_hp_per_floor":[75,75,75,75,75,75,75,75,75,85,85,85,85,85,85,85,85,85,85,85,85,85,85,85,85,85,85,85,85,85,85,85,85,85,85,85,85,85,85,85,85,85,85,85,85,85,85],"card_choices":[{"not_picked":["theDruid:Scavenge","theDruid:ExposingSlash"],"picked":"theDruid:Forage","floor":1.0},{"not_picked":["theDruid:LunarScythe","theDruid:Scavenge"],"picked":"theDruid:BackupSupplies","floor":2.0},{"not_picked":["theDruid:IronClaw","theDruid:AstralShield"],"picked":"theDruid:PouncingStrike","floor":3.0},{"not_picked":["theDruid:ExposingSlash","theDruid:FelineGrace"],"picked":"theDruid:Guidance","floor":7.0},{"not_picked":["theDruid:FelineGrace","theDruid:IronClaw"],"picked":"theDruid:SurvivalCache","floor":11.0},{"not_picked":["theDruid:TakeShelter","theDruid:Adaptation"],"picked":"theDruid:NaturalAgility","floor":13.0},{"not_picked":["theDruid:BrambleLash","theDruid:Swipe"],"picked":"theDruid:Gore","floor":14.0},{"not_picked":["theDruid:SurvivalInstincts","theDruid:SpiritCall"],"picked":"theDruid:Rabid","floor":16.0},{"not_picked":["theDruid:Prowl","theDruid:Swipe"],"picked":"theDruid:Gore+1","floor":18.0},{"not_picked":["theDruid:RockSlide","theDruid:FelineGrace+1"],"picked":"theDruid:BloodiedFur","floor":19.0},{"not_picked":["theDruid:ExposingSlash","theDruid:TwilightsCall+1"],"picked":"theDruid:ThickHide+1","floor":20.0},{"not_picked":["theDruid:PouncingStrike","theDruid:Swipe+1"],"picked":"theDruid:Fortitude+1","floor":23.0},{"not_picked":["theDruid:FeralPlants+1","theDruid:TakeShelter+1"],"picked":"theDruid:FuriousSlash","floor":27.0},{"not_picked":["theDruid:Recoil","theDruid:Thornburst"],"picked":"theDruid:FeralPlants","floor":28.0},{"not_picked":["theDruid:Mutilate","theDruid:ThickHide"],"picked":"theDruid:MysticBarrier+1","floor":29.0},{"not_picked":["theDruid:SpiritCall","theDruid:HerbalismKit"],"picked":"theDruid:SurvivalCache","floor":33.0},{"not_picked":["theDruid:ExposingSlash","theDruid:FullMoon+1"],"picked":"theDruid:Thornburst+1","floor":35.0},{"not_picked":["theDruid:Starfall+1","theDruid:TwilightsCall"],"picked":"theDruid:ThornStrike+1","floor":36.0},{"not_picked":["theDruid:ThornStrike+1","theDruid:BagofTricks+1"],"picked":"theDruid:Fortitude","floor":39.0},{"not_picked":["theDruid:IronClaw","theDruid:BrambleLash"],"picked":"theDruid:Resupply","floor":41.0},{"not_picked":["theDruid:Recoil+1","theDruid:FuriousSlash+1"],"picked":"theDruid:Resupply+1","floor":44.0},{"not_picked":["theDruid:BlessedStrike","theDruid:Guidance+1"],"picked":"theDruid:TearOpen","floor":45}],"player_experience":1510233,"relics_obtained":[{"floor":7.0,"key":"Darkstone Periapt"},{"floor":9.0,"key":"theForsaken:Gavel"},{"floor":14.0,"key":"Bottled Flame"},{"floor":20.0,"key":"Red Mask"},{"floor":26.0,"key":"Happy Flower"},{"floor":27.0,"key":"Peace Pipe"},{"floor":36.0,"key":"Ginger"},{"floor":43.0,"key":"Blood Vial"}],"event_choices":[{"cards_removed":["theDruid:Defend_O"],"damage_healed":0.0,"max_hp_gain":0.0,"max_hp_loss":0.0,"gold_gain":0.0,"event_name":"The Cleric","player_choice":"Card Removal","floor":5.0,"gold_loss":50.0,"damage_taken":0.0},{"damage_healed":0.0,"max_hp_gain":0.0,"max_hp_loss":0.0,"gold_gain":0.0,"event_name":"Scrap Ooze","player_choice":"Success","floor":10.0,"gold_loss":0.0,"damage_taken":7.0,"relics_obtained":["Pear"]},{"damage_healed":0.0,"max_hp_gain":0.0,"max_hp_loss":0.0,"gold_gain":0.0,"event_name":"Masked Bandits","player_choice":"Fought Bandits","floor":20.0,"gold_loss":0.0,"damage_taken":0.0},{"damage_healed":0.0,"max_hp_gain":0.0,"max_hp_loss":0.0,"gold_gain":100.0,"event_name":"Golden Shrine","player_choice":"Pray","floor":22.0,"gold_loss":0.0,"damage_taken":0.0},{"damage_healed":0.0,"max_hp_gain":0.0,"max_hp_loss":0.0,"gold_gain":0.0,"event_name":"Colosseum","player_choice":"Fight","floor":31.0,"gold_loss":0.0,"damage_taken":0.0},{"damage_healed":0.0,"max_hp_gain":0.0,"max_hp_loss":0.0,"gold_gain":0.0,"event_name":"Colosseum","player_choice":"Fled From Nobs","floor":31.0,"gold_loss":0.0,"damage_taken":0.0},{"damage_healed":0.0,"max_hp_gain":0.0,"max_hp_loss":0.0,"gold_gain":0.0,"event_name":"Mysterious Sphere","player_choice":"Fight","floor":36.0,"gold_loss":0.0,"damage_taken":0.0},{"cards_removed":["theDruid:Gore"],"damage_healed":0.0,"max_hp_gain":0.0,"max_hp_loss":0.0,"gold_gain":0.0,"event_name":"Falling","player_choice":"Removed Attack","floor":38.0,"gold_loss":0.0,"damage_taken":0.0},{"damage_healed":0.0,"max_hp_gain":0.0,"max_hp_loss":0.0,"gold_gain":0.0,"event_name":"Match and Keep!","player_choice":"2 cards matched","floor":42.0,"gold_loss":0.0,"damage_taken":0.0,"cards_obtained":["Madness","theDruid:Fortitude"]}],"is_beta":false,"boss_relics":[{"not_picked":["Black Star","Tiny House"],"picked":"Bromod:ArcaneEnergize"},{"not_picked":["Runic Dome","Runic Pyramid"],"picked":"theForsaken:PaleLantern"}],"items_purged_floors":[],"is_endless":false,"potions_floor_spawned":[1,2,7,13,20,29,31,39],"killed_by":"Spire Growth","ascension_level":0}}