{"host":"fdtmcpjlr9eclyu9","time":1613503143,"event":{"mods":["Act Like it!","BaseMod","CapriCore","Downfall","Gremlin Mod","Minty Spire (QoL Compilation)","Quick Restart","Spicy Shops","StSLib","The Servant 0.9.4","TheHeartMod","Waifu the Spire"],"gold_per_floor":[99,110,210,223,240,240,240,240,99,99,99,110,123,123,139,244,244,144,154,154,139,155,165,189,189,189,218,103,137,137,170,180,281,281,181,197,215,215,130,157,157,167,317,336,352,352,31,131,147,147],"floor_reached":51,"language":"ZHS","playtime":3215,"items_purged":["Guardian:Strike_Guardian","Guardian:Defend_Guardian","Guardian:Defend_Guardian","Guardian:Defend_Guardian","Parasite"],"score":865,"play_id":"5e235ffe-53d1-4069-b297-e8158d7f0462","local_time":"20210217031903","is_ascension_mode":true,"campfire_choices":[{"data":"Guardian:TwinSlam","floor":1.0,"key":"SMITH"},{"data":"Guardian:MultiBeam","floor":6.0,"key":"SMITH"},{"floor":8.0,"key":"RECALL"},{"data":"Guardian:CurlUp","floor":10.0,"key":"SMITH"},{"data":"Guardian:Planning","floor":18.0,"key":"SMITH"},{"data":"Guardian:Emergency","floor":25,"key":"SMITH"},{"data":"Guardian:Preprogram","floor":30,"key":"SMITH"},{"data":"Guardian:Reroute","floor":35,"key":"SMITH"},{"data":"Guardian:BaubleBeam","floor":46,"key":"SMITH"}],"circlet_count":0,"master_deck":["Guardian:CurlUp+1","Guardian:TwinSlam+1","Guardian:MultiBeam+1","Guardian:Planning+1","Guardian:Emergency+1","Guardian:SentryBeam","Guardian:Emergency+1","Guardian:Preprogram+1","Guardian:Reroute+1","Guardian:PiercingHide+1","Guardian:BaubleBeam+1","Guardian:Orbwalk","Guardian:TwinSlam+1"],"relics":["Guardian:ModeShifterPlus","downfall:HeartBlessingRed","Orichalcum","Guardian:SackOfGems","Akabeko","Coffee Dripper","downfall:HeartBlessingGreen","TheAbacus","Dream Catcher","Mango","DollysMirror"],"acts_visited":["Exordium","TheCity","TheBeyond"],"potions_floor_usage":[],"damage_taken":[{"damage":5.0,"enemies":"Jaw Worm","floor":2.0,"turns":4.0},{"damage":1.0,"enemies":"Cultist","floor":4.0,"turns":3.0},{"damage":7.0,"enemies":"2 Louse","floor":5.0,"turns":2.0},{"damage":0.0,"enemies":"downfall:FleeingMerchant","floor":9.0,"turns":4.0},{"damage":6.0,"enemies":"Red Slaver","floor":12.0,"turns":3.0},{"damage":0.0,"enemies":"2 Fungi Beasts","floor":13.0,"turns":2.0},{"damage":0.0,"enemies":"3 Louse","floor":15.0,"turns":2.0},{"damage":29.0,"enemies":"DF_ARCHETYPE_STREAMLINE","floor":16.0,"turns":14.0},{"damage":0.0,"enemies":"Chosen","floor":19.0,"turns":5.0},{"damage":0.0,"enemies":"downfall:FleeingMerchant","floor":21.0,"turns":4.0},{"damage":0,"enemies":"Spheric Guardian","floor":22,"turns":4},{"damage":0,"enemies":"Snake Plant","floor":23,"turns":3},{"damage":14,"enemies":"Slavers","floor":27,"turns":4},{"damage":0,"enemies":"downfall:FleeingMerchant","floor":28,"turns":4},{"damage":0,"enemies":"Book of Stabbing","floor":29,"turns":5},{"damage":14,"enemies":"Slavers","floor":31,"turns":4},{"damage":0,"enemies":"Snecko","floor":32,"turns":4},{"damage":24,"enemies":"IC_MUSHROOM_ARCHETYPE","floor":33,"turns":6},{"damage":0,"enemies":"Orb Walker","floor":36,"turns":2},{"damage":0,"enemies":"3 Shapes","floor":37,"turns":1},{"damage":0,"enemies":"downfall:FleeingMerchant","floor":39,"turns":3},{"damage":2,"enemies":"Reptomancer","floor":40,"turns":4},{"damage":0,"enemies":"Jaw Worm Horde","floor":42,"turns":2},{"damage":0,"enemies":"Writhing Mass","floor":44,"turns":3},{"damage":0,"enemies":"Transient","floor":45,"turns":5},{"damage":0,"enemies":"Transient","floor":48,"turns":2},{"damage":12,"enemies":"Maw","floor":49,"turns":6},{"damage":32,"enemies":"SI_POISON_ARCHETYPE","floor":50,"turns":7}],"seed_played":"-5137074378293720011","potions_obtained":[{"floor":2.0,"key":"Fire Potion"},{"floor":11.0,"key":"EntropicBrew"},{"floor":11.0,"key":"SkillPotion"},{"floor":45,"key":"CultistPotion"}],"is_trial":false,"path_per_floor":["R","M","?","M","M","R","T","R","$","R","?","M","M","?","M","B",null,"R","M","?","$","M","M","T","R","?","E","$","E","R","E","M","B",null,"R","M","M","?","$","E","T","M","?","M","M","R","$","?","M","B",null],"character_chosen":"GUARDIAN","items_purchased":["Guardian:Gem_Red","TheAbacus","Guardian:Orbwalk","DollysMirror"],"campfire_rested":0,"item_purchase_floors":[9,39,39,47],"current_hp_per_floor":[80,75,75,74,67,67,67,67,67,67,67,61,61,61,61,32,80,80,80,80,80,80,80,80,80,65,51,51,51,51,37,37,13,85,85,85,85,85,85,83,97,97,97,97,97,97,96,96,84,52],"gold":147,"neow_bonus":"REMOVE_CARD","is_daily":false,"chose_seed":false,"campfire_upgraded":8,"win_rate":0.0,"timestamp":1613503143,"path_taken":["R","M","?","M","M","R","T","R","?","R","?","?","M","?","M","BOSS","R","M","?","?","M","M","T","R","?","E","$","E","R","E","M","BOSS","R","M","M","?","$","E","T","M","?","?","M","R","$","?","M","BOSS"],"items_purchased_type":["Card","Relic","Card","Relic"],"build_version":"2020-12-22","purchased_purges":5,"victory":true,"max_hp_per_floor":[80,80,80,80,80,80,80,80,80,80,80,80,80,80,80,80,80,80,80,80,80,80,80,80,80,85,85,85,85,85,85,85,85,85,85,85,85,85,85,85,99,99,99,99,99,99,96,96,96,96],"card_choices":[{"not_picked":["Guardian:Preprogram","Guardian:Gem_Green"],"picked":"Guardian:MultiBeam","floor":2.0},{"not_picked":["Guardian:MultiBeam","Guardian:PrimingBeam","Guardian:CrystalBeam"],"picked":"SKIP","floor":4.0},{"not_picked":["Guardian:Gem_Lightblue","Guardian:EvasiveProtocol","Guardian:Gem_Green"],"picked":"SKIP","floor":5.0},{"not_picked":["Guardian:RollAttack","Guardian:Gem_Green","Guardian:TemporalStrike"],"picked":"SKIP","floor":9.0},{"not_picked":["Guardian:CrystalBeam","Guardian:TimeCapacitor"],"picked":"Guardian:Planning","floor":12.0},{"not_picked":["Guardian:ShieldSpikes","Guardian:Recover","Guardian:Gem_Lightblue"],"picked":"SKIP","floor":13.0},{"not_picked":["Guardian:TemporalShield","Guardian:TimeCapacitor","Guardian:AncientConstruct"],"picked":"SKIP","floor":15.0},{"not_picked":["Guardian:StasisField","Guardian:FierceBash"],"picked":"Guardian:Gem_Orange","floor":16.0},{"not_picked":["Guardian:Recover","Guardian:PiercingHide","Guardian:Suspension"],"picked":"SKIP","floor":19.0},{"not_picked":["Guardian:VentSteam","Guardian:TemporalShield"],"picked":"Guardian:Emergency","floor":21},{"not_picked":["Guardian:SpikerProtocol","Guardian:Recover","Guardian:CrystalBeam"],"picked":"SKIP","floor":22},{"not_picked":["Guardian:VentSteam","Guardian:RollAttack","Guardian:ShieldCharger"],"picked":"SKIP","floor":23},{"not_picked":["Guardian:TemporalShield+1","Guardian:Planning"],"picked":"Guardian:SentryBeam","floor":27},{"not_picked":["Guardian:VentSteam","Guardian:Incinerate"],"picked":"Guardian:Emergency+1","floor":28},{"not_picked":["Guardian:StasisField","Guardian:Emergency"],"picked":"Guardian:Preprogram","floor":29},{"not_picked":["Guardian:RollAttack","Guardian:Gem_Synthetic"],"picked":"Guardian:Reroute","floor":31},{"not_picked":["Guardian:BronzeOrb","Guardian:Recover","Guardian:Planning"],"picked":"SKIP","floor":32},{"not_picked":["Guardian:Gem_Crimson","Guardian:ShieldCharger+1","Guardian:PiercingHide"],"picked":"SKIP","floor":36},{"not_picked":["Guardian:Recover","Guardian:DecasProtection+1"],"picked":"Guardian:PiercingHide+1","floor":37},{"not_picked":["Guardian:Harden+1","Guardian:ChargeCore"],"picked":"Guardian:BaubleBeam","floor":39},{"not_picked":["Guardian:Suspension+1","Guardian:TemporalStrike"],"picked":"Guardian:Gem_Yellow","floor":40},{"not_picked":["Guardian:VentSteam+1","Guardian:Reroute","Guardian:ShieldCharger+1"],"picked":"SKIP","floor":42},{"not_picked":["Guardian:Gem_Green","Guardian:BodySlam+1","Guardian:Gem_Purple"],"picked":"SKIP","floor":44},{"not_picked":["Guardian:FastForward","Guardian:CrystalBeam+1","Guardian:Incinerate+1"],"picked":"SKIP","floor":45},{"not_picked":["Guardian:WalkerClaw","Guardian:VentSteam+1","Guardian:PiercingHide"],"picked":"SKIP","floor":49}],"player_experience":383675,"relics_obtained":[{"floor":24,"key":"Tiny Chest"},{"floor":27,"key":"Orichalcum"},{"floor":29,"key":"Guardian:SackOfGems"},{"floor":31,"key":"Akabeko"},{"floor":40,"key":"Dream Catcher"},{"floor":41,"key":"Mango"}],"event_choices":[{"damage_healed":0.0,"max_hp_gain":0.0,"max_hp_loss":0.0,"gold_gain":0.0,"event_name":"Lab","player_choice":"Got Potions","floor":11.0,"gold_loss":0.0,"damage_taken":0.0},{"cards_removed":["Guardian:Strike_Guardian"],"damage_healed":0.0,"max_hp_gain":0.0,"max_hp_loss":0.0,"gold_gain":0.0,"event_name":"Bonfire Elementals","player_choice":"Offered Basic","floor":20.0,"gold_loss":0.0,"damage_taken":0.0},{"cards_removed":["Guardian:Defend_Guardian"],"damage_healed":0,"gold_gain":0,"player_choice":"Offered Basic","damage_taken":0,"max_hp_gain":0,"max_hp_loss":0,"event_name":"Bonfire Elementals","floor":21,"gold_loss":0}],"is_beta":false,"boss_relics":[{"not_picked":["bronze:MakeshiftBattery","Calling Bell"],"picked":"Guardian:ModeShifterPlus"},{"not_picked":["Busted Crown","SacredBark"],"picked":"Coffee Dripper"}],"items_purged_floors":[9,28,39,39,47],"is_endless":false,"potions_floor_spawned":[2,12,13,23,29,31,32,36,40,44,45,49],"ascension_level":1}}