{"host":"kb6kd92pmlm29812","time":1613515843,"event":{"mods":["AchievementEnabler","BaseMod","Colored Map","Highlight Path","Minty Spire (QoL Compilation)","Permanent Neow","Quick Restart","StSLib"],"gold_per_floor":[111,123,133,149,168,203,216,245,294,294,294,294,306,306,306,403,403,417,417,417,417,26,26,26],"floor_reached":23,"language":"ENG","playtime":1310,"items_purged":["Defend_R"],"score":271,"play_id":"89356341-0af9-4803-8780-497f9b7a6351","local_time":"20210216175043","is_ascension_mode":true,"campfire_choices":[{"data":"Pommel Strike","floor":10,"key":"SMITH"},{"data":"Uppercut","floor":12,"key":"SMITH"},{"data":"Bash","floor":15,"key":"SMITH"}],"circlet_count":0,"master_deck":["Defend_R","Defend_R","Bash+1","Cleave","Rampage","Shrug It Off","Uppercut+1","Pommel Strike+1","Iron Wave","Offering","Battle Trance","Bite","Bite","Bite","Bite","Bite","Ghostly","Ghostly","Ghostly","Ghostly","Ghostly","Metallicize"],"relics":["Burning Blood","Anchor","Gremlin Horn","Vajra","Black Star","Membership Card","Toxic Egg 2"],"acts_visited":["Exordium","TheCity"],"potions_floor_usage":[8,16],"damage_taken":[{"damage":7,"enemies":"Jaw Worm","floor":1,"turns":3},{"damage":7,"enemies":"2 Louse","floor":2,"turns":3},{"damage":15,"enemies":"Small Slimes","floor":3,"turns":3},{"damage":10,"enemies":"2 Fungi Beasts","floor":4,"turns":3},{"damage":14,"enemies":"Blue Slaver","floor":5,"turns":3},{"damage":24,"enemies":"Gremlin Nob","floor":6,"turns":4},{"damage":11,"enemies":"Gremlin Gang","floor":7,"turns":6},{"damage":19,"enemies":"Lagavulin","floor":8,"turns":6},{"damage":0,"enemies":"3 Louse","floor":13,"turns":3},{"damage":34,"enemies":"Hexaghost","floor":16,"turns":12},{"damage":15,"enemies":"Shell Parasite","floor":18,"turns":3},{"damage":5,"enemies":"Gremlin Leader","floor":23,"turns":6}],"seed_played":"-6013214215546313894","potions_obtained":[{"floor":3,"key":"Block Potion"},{"floor":6,"key":"SmokeBomb"},{"floor":8,"key":"BlessingOfTheForge"},{"floor":16,"key":"Fire Potion"}],"is_trial":false,"path_per_floor":["M","M","M","M","M","E","M","E","T","R","?","R","M","?","R","B",null,"M","?","?","?","$","E"],"character_chosen":"IRONCLAD","items_purchased":["Membership Card","Toxic Egg 2","Metallicize"],"campfire_rested":0,"item_purchase_floors":[22,22,22],"current_hp_per_floor":[71,70,61,57,49,31,26,13,13,13,37,37,43,36,36,8,72,63,63,50,25,25,23,23],"gold":26,"neow_bonus":"REMOVE_TWO","is_daily":false,"chose_seed":false,"campfire_upgraded":3,"win_rate":0.0,"timestamp":1613515843,"path_taken":["M","M","M","M","M","E","M","E","T","R","?","R","M","?","R","BOSS","M","?","?","?","$","E"],"items_purchased_type":["Relic","Relic","Card"],"build_version":"2020-12-22","purchased_purges":1,"victory":false,"max_hp_per_floor":[72,72,72,72,72,72,72,72,72,72,72,72,72,72,72,72,72,72,72,50,25,25,25,25],"card_choices":[{"not_picked":["Fire Breathing","Sword Boomerang"],"picked":"Cleave","floor":1},{"not_picked":["Searing Blow","Sword Boomerang"],"picked":"Rampage","floor":2},{"not_picked":["Dropkick","Spot Weakness"],"picked":"Shrug It Off","floor":3},{"not_picked":["Fiend Fire","Body Slam"],"picked":"Uppercut","floor":4},{"not_picked":["Perfected Strike","Body Slam"],"picked":"Pommel Strike","floor":5},{"not_picked":["Searing Blow","Bloodletting","Anger"],"picked":"SKIP","floor":6},{"not_picked":["Entrench","Barricade"],"picked":"Iron Wave","floor":7},{"not_picked":["Clash","Heavy Blade","Limit Break"],"picked":"SKIP","floor":8},{"not_picked":["Power Through","Cleave","Entrench"],"picked":"SKIP","floor":13},{"not_picked":["Fiend Fire","Brutality"],"picked":"Offering","floor":16},{"not_picked":["Entrench","Flex+1"],"picked":"Battle Trance","floor":18}],"player_experience":45142,"relics_obtained":[{"floor":6,"key":"Anchor"},{"floor":8,"key":"Gremlin Horn"},{"floor":9,"key":"Vajra"}],"event_choices":[{"damage_healed":24,"gold_gain":0,"player_choice":"Banana","damage_taken":0,"max_hp_gain":0,"max_hp_loss":0,"event_name":"Big Fish","floor":11,"gold_loss":0},{"cards_removed":["Strike_R"],"damage_healed":0,"gold_gain":0,"player_choice":"Card Removal","damage_taken":7,"max_hp_gain":0,"max_hp_loss":0,"event_name":"Golden Wing","floor":14,"gold_loss":0},{"cards_removed":["Strike_R"],"damage_healed":0,"gold_gain":0,"player_choice":"Elegance","damage_taken":0,"max_hp_gain":0,"max_hp_loss":0,"event_name":"Back to Basics","floor":19,"gold_loss":0},{"damage_healed":0,"gold_gain":0,"player_choice":"Became a vampire","damage_taken":0,"max_hp_gain":0,"max_hp_loss":22,"event_name":"Vampires","floor":20,"gold_loss":0,"cards_obtained":["Bite","Bite","Bite","Bite","Bite"]},{"damage_healed":0,"gold_gain":0,"player_choice":"Became a Ghost","damage_taken":0,"max_hp_gain":0,"max_hp_loss":25,"event_name":"Ghosts","floor":21,"gold_loss":0,"cards_obtained":["Ghostly","Ghostly","Ghostly","Ghostly","Ghostly"]}],"is_beta":false,"boss_relics":[{"not_picked":["Tiny House","Black Blood"],"picked":"Black Star"}],"items_purged_floors":[22],"is_endless":false,"potions_floor_spawned":[3,6,8,16],"killed_by":"Gremlin Leader","ascension_level":2}}