{"host":"aas8f8jvicx6tcxp","time":1613452706,"event":{"mods":["BaseMod","Better Third Choice","BetterRewards","Hermit","Minty Spire (QoL Compilation)","Shop Mod","StSLib","The Construct"],"gold_per_floor":[118,118,118,67,77,107,119,182,182,214,229,30,40,59,59,156,156,176,176,451,26,41,71,71,71,71,88,105,121,121,45,45,45,45],"floor_reached":33,"language":"ENG","playtime":2544,"items_purged":["hermit:Strike_Hermit"],"score":279,"play_id":"e5953d22-7898-4a73-9c49-1e0fa1c4c18f","local_time":"20210215231826","is_ascension_mode":false,"campfire_choices":[{"floor":15.0,"key":"REST"},{"data":"hermit:Maintenance","floor":24.0,"key":"SMITH"},{"floor":32,"key":"REST"}],"circlet_count":0,"master_deck":["hermit:Strike_Hermit+1","hermit:Strike_Hermit+1","hermit:Strike_Hermit+1","hermit:Defend_Hermit+1","hermit:Defend_Hermit+1","hermit:Defend_Hermit+1","hermit:Defend_Hermit+1","hermit:Snapshot","hermit:Covet","hermit:FinalCanter","hermit:Brawl+1","Regret","hermit:Quickdraw","hermit:Enervate","hermit:LoneWolf","hermit:GhostlyPresence","hermit:Maintenance+1","hermit:HoleUp","hermit:Deadeye","hermit:TrackingShot","hermit:RoundhouseKick","hermit:Shortfuse","Regret","hermit:TakeAim","hermit:Headshot","hermit:Grudge+1","hermit:Vantage"],"relics":["hermit:Momento","Ginger","InkBottle","White Beast Statue","Strawberry","SacredBark","Lee\u0027s Waffle","PreservedInsect","Pen Nib","Juzu Bracelet"],"acts_visited":["Exordium","TheCity"],"potions_floor_usage":[27,30,33],"damage_taken":[{"damage":3.0,"enemies":"2 Louse","floor":1.0,"turns":3.0},{"damage":3.0,"enemies":"Jaw Worm","floor":5.0,"turns":3.0},{"damage":34.0,"enemies":"Gremlin Nob","floor":6.0,"turns":5.0},{"damage":5.0,"enemies":"Small Slimes","floor":7.0,"turns":3.0},{"damage":21.0,"enemies":"3 Sentries","floor":10.0,"turns":8.0},{"damage":2.0,"enemies":"Looter","floor":11.0,"turns":3.0},{"damage":6.0,"enemies":"3 Louse","floor":13.0,"turns":3.0},{"damage":0.0,"enemies":"Red Slaver","floor":14.0,"turns":2.0},{"damage":8.0,"enemies":"Hexaghost","floor":16.0,"turns":12.0},{"damage":33.0,"enemies":"3 Byrds","floor":18.0,"turns":7.0},{"damage":4.0,"enemies":"Chosen","floor":22.0,"turns":6.0},{"damage":24.0,"enemies":"Gremlin Leader","floor":23.0,"turns":9.0},{"damage":8,"enemies":"Snake Plant","floor":27,"turns":4},{"damage":16,"enemies":"Cultist and Chosen","floor":28,"turns":5},{"damage":23,"enemies":"Snecko","floor":29,"turns":6},{"damage":0,"enemies":"Centurion and Healer","floor":30,"turns":1},{"damage":51,"enemies":"Automaton","floor":33,"turns":6}],"seed_played":"-3376171801048196049","potions_obtained":[{"floor":7.0,"key":"hermit:Tonic"},{"floor":10.0,"key":"Regen Potion"},{"floor":11.0,"key":"SteroidPotion"},{"floor":13.0,"key":"SteroidPotion"},{"floor":14.0,"key":"Swift Potion"},{"floor":16.0,"key":"PowerPotion"},{"floor":18.0,"key":"LiquidMemories"},{"floor":22.0,"key":"SmokeBomb"},{"floor":23.0,"key":"EssenceOfSteel"},{"floor":27,"key":"construct:ShiftPotion"},{"floor":28,"key":"FearPotion"}],"is_trial":false,"path_per_floor":["M","?","?","$","M","E","M","?","T","E","M","$","M","M","R","B",null,"M","?","?","$","M","E","R","$","T","M","M","M","M","$","R","B"],"character_chosen":"HERMIT","items_purchased":["hermit:Quickdraw","hermit:HoleUp","hermit:Deadeye","Lee\u0027s Waffle","hermit:TakeAim","hermit:Headshot","PreservedInsect","DistilledChaos"],"campfire_rested":2,"item_purchase_floors":[4,12,12,21,21,21,21,31],"current_hp_per_floor":[72,72,72,72,69,35,30,30,30,16,23,23,17,17,41,33,82,49,49,49,89,85,61,61,61,61,53,37,14,14,14,40,0,0],"gold":45,"neow_bonus":"ONE_RANDOM_RARE_CARD","is_daily":false,"chose_seed":false,"campfire_upgraded":1,"win_rate":0.0,"timestamp":1613452706,"path_taken":["M","?","?","?","M","E","M","?","T","E","M","$","M","M","R","BOSS","M","?","?","$","M","E","R","$","T","M","M","M","M","$","R","BOSS"],"items_purchased_type":["Card","Card","Card","Relic","Card","Card","Relic","Potion"],"build_version":"2020-12-22","purchased_purges":1,"victory":false,"max_hp_per_floor":[75,75,75,75,75,75,75,75,75,82,82,82,82,82,82,82,82,82,82,82,89,89,89,89,89,89,89,89,89,89,89,89,89,89],"card_choices":[{"not_picked":["hermit:Feint","hermit:Cheat"],"picked":"hermit:Brawl","floor":1.0},{"not_picked":["hermit:TrackingShot","hermit:Dive"],"picked":"hermit:Enervate","floor":5.0},{"not_picked":["hermit:Combo","hermit:Snipe"],"picked":"hermit:LoneWolf","floor":6.0},{"not_picked":["hermit:TrackingShot","hermit:Deadeye"],"picked":"hermit:GhostlyPresence","floor":7.0},{"not_picked":["hermit:FlashPowder","hermit:Coalescence"],"picked":"hermit:Maintenance","floor":10.0},{"not_picked":["hermit:Scavenge","hermit:LowProfile","hermit:TrackingShot"],"picked":"SKIP","floor":11.0},{"not_picked":["hermit:Coalescence","hermit:Malice","hermit:LowProfile"],"picked":"SKIP","floor":13.0},{"not_picked":["hermit:DeadMansHand","hermit:LoneWolf"],"picked":"hermit:TrackingShot","floor":14.0},{"not_picked":["hermit:Adapt","hermit:EternalForm"],"picked":"hermit:RoundhouseKick","floor":16.0},{"not_picked":["hermit:FullyLoaded","hermit:LuckOfTheDraw"],"picked":"hermit:Shortfuse","floor":18.0},{"not_picked":["hermit:Manifest","hermit:Glare","hermit:Dive"],"picked":"SKIP","floor":22.0},{"not_picked":["hermit:Cheat","hermit:Roulette+1","hermit:Coalescence"],"picked":"SKIP","floor":23.0},{"not_picked":["hermit:ItchyTrigger+1","hermit:Glare"],"picked":"hermit:Grudge+1","floor":27},{"not_picked":["hermit:Cheat","hermit:Brawl"],"picked":"hermit:Vantage","floor":28},{"not_picked":["hermit:TakeAim","hermit:LuckOfTheDraw","hermit:CursedWeapon"],"picked":"SKIP","floor":29}],"player_experience":241985,"relics_obtained":[{"floor":6.0,"key":"InkBottle"},{"floor":9.0,"key":"White Beast Statue"},{"floor":10.0,"key":"Strawberry"},{"floor":23.0,"key":"Pen Nib"},{"floor":26.0,"key":"Juzu Bracelet"}],"event_choices":[{"damage_healed":0.0,"max_hp_gain":0.0,"max_hp_loss":0.0,"gold_gain":0.0,"event_name":"Big Fish","player_choice":"Box","floor":2.0,"gold_loss":0.0,"damage_taken":0.0,"relics_obtained":["Ginger"],"cards_obtained":["Regret"]},{"damage_healed":0.0,"max_hp_gain":0.0,"max_hp_loss":0.0,"gold_gain":0.0,"event_name":"Living Wall","player_choice":"Grow","floor":3.0,"gold_loss":0.0,"damage_taken":0.0,"cards_upgraded":["hermit:Brawl"]},{"damage_healed":0.0,"max_hp_gain":0.0,"max_hp_loss":0.0,"gold_gain":63.0,"event_name":"Golden Wing","player_choice":"Gained Gold","floor":8.0,"gold_loss":0.0,"damage_taken":0.0},{"damage_healed":0.0,"max_hp_gain":0.0,"max_hp_loss":7.0,"gold_gain":0.0,"event_name":"betterThird:BetterWriting","player_choice":"Simplicity","floor":19.0,"gold_loss":0.0,"damage_taken":0.0},{"damage_healed":0.0,"max_hp_gain":0.0,"max_hp_loss":0.0,"gold_gain":275.0,"event_name":"Golden Shrine","player_choice":"Desecrate","floor":20.0,"gold_loss":0.0,"damage_taken":0.0,"cards_obtained":["Regret"]}],"is_beta":false,"boss_relics":[{"not_picked":["Cursed Key","Ectoplasm"],"picked":"SacredBark"}],"items_purged_floors":[12],"is_endless":false,"potions_floor_spawned":[7,10,11,13,14,16,18,22,23,27,28,29,30],"killed_by":"Automaton","ascension_level":0}}