{"host":"7w6ov1yk0fsofwk8","time":1613448981,"event":{"mods":["AchievementEnabler","BaseMod","Hermit","Minty Spire (QoL Compilation)","StSLib","The Cursed","The Hierophant","The Runesmith","The Senshi","The Servant 0.9.4"],"gold_per_floor":[109,121,131,150,163,163,178,178,178,178,193,193,211,244,244,374,374,398,253,268,268,268,268,302,49,72,112,37,37,57,57,57,180,180,200,221,221,554,554,579,594,607,607,626,642,656,26,52,52,52],"floor_reached":51,"language":"ENG","playtime":3760,"items_purged":["Regret","Strike_S","Strike_S"],"score":776,"play_id":"9cf6b4bc-c182-4d74-802b-dfa48ed95c1c","local_time":"20210215231621","is_ascension_mode":false,"campfire_choices":[{"data":"InstantArmor","floor":6,"key":"SMITH"},{"data":"SilverBlades","floor":8,"key":"SMITH"},{"data":"Spin","floor":15,"key":"SMITH"},{"floor":23,"key":"REST"},{"data":"FlawlessForm","floor":29,"key":"SMITH"},{"floor":32,"key":"REST"},{"data":"FanOfKnives","floor":49,"key":"SMITH"}],"circlet_count":0,"master_deck":["Defend_S","Defend_S","Defend_S","KidneyShot+1","Exchange","Snipe","Foresight","Spin+1","Unruled","InstantArmor+1","DoubleEdge","FloweringNight","SilverBlades+1","Ricochet+1","Misdirection","FlawlessForm+1","CurseOfTheBell","Starlight+1","FanOfKnives+1","Necronomicurse","DoubleEdge+1","MurderousAura","WasteNot+1","DualDimension+1","InstantArmor+1","Replace+1","SpecialFormula+1","Contraction+1","Barrier+1","MurderousAura"],"relics":["SplendidAttire","Boot","Letter Opener","Ornamental Fan","Calling Bell","Bag of Preparation","Gremlin Horn","Bird Faced Urn","Necronomicon","Strawberry","Sling","Orichalcum","Meat on the Bone","Toxic Egg 2","Question Card","White Beast Statue","Whetstone","Shuriken","Centennial Puzzle"],"acts_visited":["Exordium","TheCity","TheBeyond"],"potions_floor_usage":[14,16,24,27,40,41,46,50,50,50,50,50,50],"damage_taken":[{"damage":0.0,"enemies":"Cultist","floor":1.0,"turns":4.0},{"damage":6.0,"enemies":"Small Slimes","floor":2.0,"turns":3.0},{"damage":9,"enemies":"Jaw Worm","floor":3,"turns":3},{"damage":2,"enemies":"Blue Slaver","floor":4,"turns":4},{"damage":4,"enemies":"Looter","floor":5,"turns":3},{"damage":0,"enemies":"Exordium Wildlife","floor":7,"turns":2},{"damage":0,"enemies":"Large Slime","floor":11,"turns":4},{"damage":0,"enemies":"2 Fungi Beasts","floor":13,"turns":2},{"damage":0,"enemies":"3 Sentries","floor":14,"turns":4},{"damage":33,"enemies":"Hexaghost","floor":16,"turns":8},{"damage":2,"enemies":"Chosen","floor":18,"turns":5},{"damage":10,"enemies":"2 Thieves","floor":20,"turns":3},{"damage":2,"enemies":"Slavers","floor":24,"turns":2},{"damage":45,"enemies":"Gremlin Leader","floor":27,"turns":7},{"damage":0,"enemies":"Snecko","floor":30,"turns":5},{"damage":40,"enemies":"Automaton","floor":33,"turns":10},{"damage":27,"enemies":"3 Shapes","floor":35,"turns":3},{"damage":0,"enemies":"Orb Walker","floor":36,"turns":4},{"damage":11,"enemies":"Reptomancer","floor":40,"turns":6},{"damage":9,"enemies":"4 Shapes","floor":41,"turns":6},{"damage":0,"enemies":"Maw","floor":42,"turns":6},{"damage":30,"enemies":"Transient","floor":44,"turns":5},{"damage":0,"enemies":"Writhing Mass","floor":45,"turns":5},{"damage":0,"enemies":"3 Darklings","floor":46,"turns":3},{"damage":0,"enemies":"Giant Head","floor":48,"turns":7},{"damage":74,"enemies":"Donu and Deca","floor":50,"turns":10}],"seed_played":"-6771773281231999462","potions_obtained":[{"floor":1.0,"key":"Energy Potion"},{"floor":5,"key":"Energy Potion"},{"floor":11,"key":"DistilledChaos"},{"floor":14,"key":"Fire Potion"},{"floor":20,"key":"LiquidMemories"},{"floor":24,"key":"Strength Potion"},{"floor":30,"key":"AttackPotion"},{"floor":31,"key":"EntropicBrew"},{"floor":42,"key":"BlessingOfTheForge"},{"floor":44,"key":"EntropicBrew"},{"floor":46,"key":"SneckoOil"}],"is_trial":false,"path_per_floor":["M","M","M","M","M","R","M","R","T","T","M","?","M","E","R","B",null,"M","$","M","?","?","R","E","$","T","E","?","R","M","?","R","B",null,"M","M","?","?","?","E","M","M","T","M","M","M","$","E","R","B",null],"character_chosen":"THE_SERVANT","items_purchased":["FanOfKnives","Sling","Whetstone","Shuriken","CultistPotion"],"campfire_rested":2,"item_purchase_floors":[19,25,47,47,47],"current_hp_per_floor":[65,59,50,48,44,44,44,44,44,44,44,44,44,44,44,11,60,60,60,52,52,36,54,65,65,65,26,26,26,34,34,54,34,67,42,52,52,52,52,49,52,62,62,38,54,66,66,67,67,19],"gold":52,"neow_bonus":"TRANSFORM_TWO_CARDS","is_daily":false,"chose_seed":false,"campfire_upgraded":5,"win_rate":0.0,"timestamp":1613448981,"path_taken":["M","M","M","?","M","R","M","R","T","?","M","?","?","E","R","BOSS","M","$","M","?","?","R","E","?","T","E","?","R","M","?","R","BOSS","M","M","?","?","?","E","M","M","T","M","M","M","$","E","R","BOSS"],"items_purchased_type":["Card","Relic","Relic","Relic","Potion"],"build_version":"2020-12-22","purchased_purges":3,"victory":true,"max_hp_per_floor":[65,65,65,65,65,65,65,65,65,65,65,60,60,60,60,60,60,60,60,60,60,60,60,67,67,67,67,67,67,67,67,67,67,67,67,67,67,67,67,67,67,67,67,67,67,67,67,67,67,67],"card_choices":[{"not_picked":["FastForward","Rewind"],"picked":"Spin","floor":1.0},{"not_picked":["Rearm","Replace"],"picked":"Unruled","floor":2},{"not_picked":["BottledTime","Rearm"],"picked":"InstantArmor","floor":3},{"not_picked":["Potential","Comet"],"picked":"DoubleEdge","floor":4},{"not_picked":["Ricochet","Unruled"],"picked":"FloweringNight","floor":5},{"not_picked":["Defy","Starlight"],"picked":"SilverBlades","floor":7},{"not_picked":["ShiftingGears","Foresight"],"picked":"Ricochet","floor":11},{"not_picked":["Rearm","ShatteredReality"],"picked":"Misdirection","floor":13},{"not_picked":["Defy","Unruled","Deny"],"picked":"SKIP","floor":14},{"not_picked":["LightFlow","ForgedInTime"],"picked":"FlawlessForm","floor":16},{"not_picked":["Defy","Potential"],"picked":"Starlight+1","floor":18},{"not_picked":["Unruled","FastForward","Potential"],"picked":"SKIP","floor":20},{"not_picked":["Sabotage","Rearm+1","TimeWarp"],"picked":"SKIP","floor":24},{"not_picked":["FloweringNight","TimeWarp+1","Shuttle+1"],"picked":"SKIP","floor":27},{"not_picked":["Potential","Rewind"],"picked":"DoubleEdge+1","floor":30},{"not_picked":["Dilation","PendulumOfEternity"],"picked":"MurderousAura","floor":33},{"not_picked":["Revamp+1","Spin+1"],"picked":"WasteNot+1","floor":35},{"not_picked":["Rewind","Alleviate+1","Revamp"],"picked":"SKIP","floor":36},{"not_picked":["Starlight+1","Deny+1"],"picked":"DualDimension+1","floor":40},{"not_picked":["TimeWarp+1","BottledTime+1","Sabotage"],"picked":"InstantArmor+1","floor":41},{"not_picked":["FastForward+1","MoonPhase","Defy+1"],"picked":"Replace+1","floor":42},{"not_picked":["TimeWarp","Starlight+1","Alleviate+1"],"picked":"SpecialFormula+1","floor":44},{"not_picked":["Gouge+1","Read+1","Rewind+1"],"picked":"Contraction+1","floor":45},{"not_picked":["BottledTime+1","MoonPhase+1","SurpressingFire+1"],"picked":"Barrier+1","floor":46},{"not_picked":["WasteNot+1","Spin+1","Shuttle+1"],"picked":"MurderousAura","floor":48}],"player_experience":10065,"relics_obtained":[{"floor":9,"key":"Boot"},{"floor":10,"key":"Letter Opener"},{"floor":14,"key":"Ornamental Fan"},{"floor":17,"key":"Bag of Preparation"},{"floor":17,"key":"Gremlin Horn"},{"floor":17,"key":"Bird Faced Urn"},{"floor":22,"key":"Necronomicon"},{"floor":24,"key":"Strawberry"},{"floor":26,"key":"Orichalcum"},{"floor":27,"key":"Meat on the Bone"},{"floor":40,"key":"Question Card"},{"floor":43,"key":"White Beast Statue"},{"floor":48,"key":"Centennial Puzzle"}],"event_choices":[{"damage_healed":0,"gold_gain":0,"player_choice":"Lose Max HP","damage_taken":0,"relics_obtained":["Golden Idol"],"max_hp_gain":0,"max_hp_loss":5,"event_name":"Golden Idol","floor":12,"gold_loss":0},{"damage_healed":0,"gold_gain":0,"player_choice":"Ignored","damage_taken":0,"max_hp_gain":0,"max_hp_loss":0,"event_name":"Ghosts","floor":21,"gold_loss":0},{"damage_healed":0,"gold_gain":0,"player_choice":"Obtained Book","damage_taken":16,"max_hp_gain":0,"max_hp_loss":0,"event_name":"Cursed Tome","floor":22,"gold_loss":0},{"cards_removed":["Strike_S"],"damage_healed":0,"gold_gain":0,"player_choice":"Gave Gold","damage_taken":0,"max_hp_gain":0,"max_hp_loss":0,"event_name":"Beggar","floor":28,"gold_loss":75},{"damage_healed":0,"gold_gain":0,"player_choice":"Got Potions","damage_taken":0,"max_hp_gain":0,"max_hp_loss":0,"event_name":"Lab","floor":31,"gold_loss":0},{"damage_healed":0,"gold_gain":0,"player_choice":"Memory 1","damage_taken":0,"max_hp_gain":0,"max_hp_loss":0,"event_name":"SensoryStone","floor":37,"gold_loss":0},{"damage_healed":0,"gold_gain":333,"player_choice":"Gave Idol","damage_taken":0,"max_hp_gain":0,"max_hp_loss":0,"event_name":"The Moai Head","floor":38,"relics_lost":["Golden Idol"],"gold_loss":0},{"damage_healed":0,"gold_gain":0,"player_choice":"Gave Potion","damage_taken":0,"relics_obtained":["Toxic Egg 2"],"max_hp_gain":0,"max_hp_loss":0,"event_name":"WeMeetAgain","floor":39,"gold_loss":0}],"is_beta":false,"boss_relics":[{"not_picked":["Empty Cage","Snecko Eye"],"picked":"Calling Bell"},{"not_picked":["Astrolabe","Tiny House"],"picked":"SplendidAttire"}],"items_purged_floors":[19,25,47],"is_endless":false,"potions_floor_spawned":[1,5,11,14,20,24,30,33,42,44,45,46,48],"ascension_level":0}}