{"host":"uv5ws9rdk87e8i5k","time":1613446414,"event":{"mods":["AchievementEnabler","BaseMod","Colored Map","Minty Spire (QoL Compilation)","Permanent Neow","Quick Restart","StSLib","SuperFastMode","The Necromancer"],"gold_per_floor":[112,126,144,154,167,167,184,219,244,277,277],"floor_reached":10,"language":"ENG","playtime":198,"items_purged":[],"score":103,"play_id":"8731cad5-5b1e-406a-a864-b26b61844286","local_time":"20210215213334","is_ascension_mode":true,"campfire_choices":[{"data":"Dualcast","floor":6.0,"key":"SMITH"}],"circlet_count":0,"master_deck":["Strike_B","Strike_B","Strike_B","Strike_B","Defend_B","Defend_B","Defend_B","Defend_B","Zap","Dualcast+1","Clumsy","Rainbow","Streamline","Doom and Gloom","FTL","Leap","Tempest","Defragment","Undo","Genetic Algorithm"],"relics":["Cracked Core","StrikeDummy","Oddly Smooth Stone","Juzu Bracelet"],"acts_visited":["Exordium"],"potions_floor_usage":[10],"damage_taken":[{"damage":5.0,"enemies":"Small Slimes","floor":1.0,"turns":3.0},{"damage":0.0,"enemies":"Cultist","floor":2.0,"turns":3.0},{"damage":13.0,"enemies":"2 Louse","floor":3.0,"turns":2.0},{"damage":0.0,"enemies":"Large Slime","floor":4.0,"turns":4.0},{"damage":6.0,"enemies":"2 Fungi Beasts","floor":5.0,"turns":4.0},{"damage":8.0,"enemies":"Blue Slaver","floor":7.0,"turns":3.0},{"damage":10.0,"enemies":"3 Sentries","floor":8.0,"turns":3.0},{"damage":20,"enemies":"Lagavulin","floor":10,"turns":6}],"seed_played":"-6076566268276697591","potions_obtained":[{"floor":1.0,"key":"DistilledChaos"},{"floor":4.0,"key":"SpeedPotion"},{"floor":7.0,"key":"Energy Potion"},{"floor":8.0,"key":"SneckoOil"}],"is_trial":false,"path_per_floor":["M","M","M","M","M","R","M","E","T","E"],"character_chosen":"DEFECT","items_purchased":[],"campfire_rested":0,"item_purchase_floors":[],"current_hp_per_floor":[70,70,57,57,51,51,43,33,33,13,13],"gold":277,"neow_bonus":"THREE_RARE_CARDS","is_daily":false,"chose_seed":false,"campfire_upgraded":1,"win_rate":0.0,"timestamp":1613446414,"path_taken":["M","M","M","M","M","R","M","E","T","E"],"items_purchased_type":[],"build_version":"2020-12-22","purchased_purges":0,"victory":false,"max_hp_per_floor":[75,75,75,75,75,75,75,75,75,75,75],"card_choices":[{"not_picked":["Amplify","Hyperbeam"],"picked":"Rainbow","floor":0.0},{"not_picked":["Steam","Gash"],"picked":"Streamline","floor":1.0},{"not_picked":["Sweeping Beam","Go for the Eyes"],"picked":"Doom and Gloom","floor":2.0},{"not_picked":["Fusion","Amplify"],"picked":"FTL","floor":3.0},{"not_picked":["Steam","Barrage"],"picked":"Leap","floor":4.0},{"not_picked":["Gash","Hologram"],"picked":"Tempest","floor":5.0},{"not_picked":["Stack","Streamline"],"picked":"Defragment","floor":7.0},{"not_picked":["Streamline","Steam"],"picked":"Undo","floor":8.0},{"not_picked":["Ball Lightning","Turbo"],"picked":"Genetic Algorithm","floor":10}],"player_experience":202492,"relics_obtained":[{"floor":8.0,"key":"StrikeDummy"},{"floor":9.0,"key":"Oddly Smooth Stone"},{"floor":10,"key":"Juzu Bracelet"}],"event_choices":[],"is_beta":false,"boss_relics":[],"items_purged_floors":[],"is_endless":false,"potions_floor_spawned":[1,4,7,8],"killed_by":"Lagavulin","ascension_level":5}}