{"host":"jfbo3eu2ui08ej1u","time":1613446545,"event":{"mods":["2.2 Compatiblity","AchievementEnabler","Act Like it!","Aspiration","BaseMod","Better Altar","Better Match","Better Note","Better Sensory Stone","Better Skull","Better Third Choice","Block Reminder","Colored Map","Colored Powertips","Conspire","DeckTracker","Displayed Cursed Tome","Energized Spire","Fox Events","GifTheSpireLib","Hermit","Hubris","Infinite Spire","Marked Mod","Minty Spire (QoL Compilation)","Monster B Gone","Pale of the Ancients","Poor People Problems","Quick Restart","Relic Filter","Reliquary","Reorder Act Four","Replay The Spire","Shop Mod","Spicy Shops","Spire Arcade","StSLib","Stuff the Spire","The Blue Laboratory","The Disciple","The Forsaken","The Hierophant","The Marked","Uncapped","Unceasing Turn Reminder","Wandering Minibosses"],"gold_per_floor":[109,109,126,140,152,152,180,180,206,243,272,291,43,43,43,147,183,194,194,219,219,219,219,258,284,332,360,378,396,75,95,95,203,203,229,5,5,25,39,39,39,73,73,100,110,150,150,172,172,172,187,213,213,17,17,41,41,117,117,117],"floor_reached":61,"language":"ENG","playtime":3591,"items_purged":["theMarked:SoldierOfQuellstein"],"score":1548,"play_id":"c643b8a0-bc4d-465e-8c8a-7931fa6f8331","local_time":"20210215223545","is_ascension_mode":true,"campfire_choices":[{"data":"theMarked:Seal","floor":6.0,"key":"SMITH"},{"data":"theMarked:Heritage","floor":8.0,"key":"SMITH"},{"floor":15.0,"key":"REST"},{"data":"theMarked:BanishingWave","floor":23.0,"key":"SMITH"},{"floor":32.0,"key":"REST"},{"data":"theMarked:ResourceFulStrike","floor":40.0,"key":"SMITH"},{"data":"theMarked:Memento","floor":47.0,"key":"SMITH"},{"data":"theMarked:SelfDefenseTraining","floor":49.0,"key":"SMITH"},{"data":"theMarked:FavorableWinds","floor":55.0,"key":"SMITH"},{"data":"theMarked:Memento","floor":57.0,"key":"SMITH"}],"circlet_count":0,"master_deck":["theMarked:Strike","theMarked:Strike","theMarked:Strike","theMarked:Strike","theMarked:Strike","theMarked:Defend","theMarked:Defend","theMarked:Defend","theMarked:Defend","theMarked:BanishingStrike","theMarked:Pokerface+1","theMarked:Heritage+1","theMarked:Seal+1","theMarked:ResourceFulStrike+1","theMarked:Determination","theMarked:WardOff","theMarked:BanishingWave+1","theMarked:FavorableWinds+1","theMarked:SelfDefenseTraining+1","theMarked:BanishingStrike","theMarked:WardOff","theMarked:WardOff","theMarked:StartUp+1","theMarked:BanishingStrike","theMarked:Memento+1","theMarked:Memento+1","theMarked:TurnInvisible","theMarked:MysticalArsenal+1","theMarked:BanishingStrike+1","theMarked:TwofoldDefense+1","theMarked:TurnInvisible","theMarked:Pokerface+1","theMarked:BanishingStrike+1","theMarked:Heritage+1"],"relics":["theMarked:ArtifactOfAir","CeramicFish","Centennial Puzzle","Orichalcum","Oddly Smooth Stone","hubris:Backtick","Orrery","Blue Doll","ReplayTheSpireMod:Ring of Challenge","Ring of Fangs","theMarked:DemonDagger","hubris:SlimyHat","infinitespire:Satchel","hubris:PeanutButter","Painkiller Herb","theForsaken:Gavel","reliquary:Knoch","reliquary:PorcupineQuills","Replay:Rubber Ducky","reliquary:PurpleTingedLeaf","paleoftheancients:Timepiece","Gremlin Horn","CultistMask","paleoftheancients:SoulOfTheIroncluck","Replay:Baseball","reliquary:BoilingFlask"],"acts_visited":["Exordium","TheCity","TheBeyond","paleoftheancients:PaleOfTheAncients"],"potions_floor_usage":[60,60,60],"damage_taken":[{"damage":2.0,"enemies":"Small Slimes","floor":1.0,"turns":3.0},{"damage":1.0,"enemies":"2 Louse","floor":3.0,"turns":2.0},{"damage":5.0,"enemies":"Jaw Worm","floor":4.0,"turns":4.0},{"damage":18.0,"enemies":"Large Slime","floor":5.0,"turns":8.0},{"damage":7.0,"enemies":"Lagavulin","floor":7.0,"turns":6.0},{"damage":20.0,"enemies":"Gremlin Nob","floor":10.0,"turns":4.0},{"damage":0.0,"enemies":"3 Louse","floor":11.0,"turns":2.0},{"damage":4.0,"enemies":"Blue Slaver","floor":12.0,"turns":5.0},{"damage":7.0,"enemies":"Fading Forest","floor":16.0,"turns":11.0},{"damage":2.0,"enemies":"Chosen","floor":18.0,"turns":5.0},{"damage":13.0,"enemies":"3 Byrds","floor":20.0,"turns":3.0},{"damage":25.0,"enemies":"Book of Stabbing","floor":24.0,"turns":6.0},{"damage":3.0,"enemies":"conspire:HollyBat","floor":25.0,"turns":9.0},{"damage":17.0,"enemies":"conspire:MimicChest","floor":27.0,"turns":8.0},{"damage":5.0,"enemies":"Shelled Parasite and Fungi","floor":28.0,"turns":4.0},{"damage":1.0,"enemies":"Centurion and Healer","floor":29.0,"turns":4.0},{"damage":0.0,"enemies":"Snake Plant","floor":31.0,"turns":3.0},{"damage":13.0,"enemies":"Champ","floor":33.0,"turns":13.0},{"damage":0.0,"enemies":"Orb Walker","floor":35.0,"turns":3.0},{"damage":0.0,"enemies":"3 Darklings","floor":38.0,"turns":3.0},{"damage":0.0,"enemies":"Sphere and 2 Shapes","floor":39.0,"turns":4.0},{"damage":0.0,"enemies":"R_Hoarder","floor":42.0,"turns":6.0},{"damage":12.0,"enemies":"Reptomancer","floor":44.0,"turns":6.0},{"damage":2.0,"enemies":"4 Shapes","floor":45.0,"turns":6.0},{"damage":8.0,"enemies":"Giant Head","floor":46.0,"turns":11.0},{"damage":0.0,"enemies":"Writhing Mass","floor":48.0,"turns":5.0},{"damage":0.0,"enemies":"Donu and Deca","floor":50.0,"turns":11.0},{"damage":50.0,"enemies":"Donu and Deca","floor":51.0,"turns":15.0},{"damage":3.0,"enemies":"Donu and Deca","floor":52.0,"turns":15.0},{"damage":0.0,"enemies":"Donu and Deca","floor":56.0,"turns":13.0},{"damage":57,"enemies":"paleoftheancients:N","floor":60,"turns":18}],"seed_played":"-4306811928264867718","potions_obtained":[{"floor":1.0,"key":"blueLaboratory:AbyssPotion"},{"floor":4.0,"key":"blueLaboratory:LouseDecoction"},{"floor":12.0,"key":"Elixir"},{"floor":16.0,"key":"SpeedPotion"},{"floor":25.0,"key":"blueLaboratory:SavagePotion"},{"floor":28.0,"key":"blueLaboratory:HorrorPotion"},{"floor":29.0,"key":"Swift Potion"},{"floor":35.0,"key":"Adrenaline Potion"},{"floor":38.0,"key":"theMarked:ChargePotion"},{"floor":44.0,"key":"blueLaboratory:ImpenetrablePotion"},{"floor":56.0,"key":"Reflective Coating"}],"is_trial":false,"path_per_floor":["M","?","M","M","M","R","E","R","T","E","M","M","$","?","R","B",null,"M","?","M","?","?","R","E","M","T","?","M","M","$","M","R","B",null,"?","T","?","?","?","T","?","E","T","E","?","E","T","?","T","B","?","?","?","T","T","?","T","T","?","B",null],"character_chosen":"THE_DEFAULT","items_purchased":["theMarked:WardOff","theMarked:BanishingWave","Oddly Smooth Stone","hubris:PeanutButter","theMarked:Memento","theForsaken:Gavel","Replay:Baseball","BlessingOfTheForge"],"campfire_rested":2,"item_purchase_floors":[13,13,13,30,30,36,54,54],"current_hp_per_floor":[68,68,67,62,44,44,37,37,37,17,17,13,13,13,34,37,70,68,68,55,55,55,55,30,27,27,10,5,4,4,4,25,12,70,70,70,70,70,70,70,70,70,70,58,56,48,48,49,49,70,48,59,59,59,59,67,67,67,67,10],"gold":117,"neow_bonus":"THREE_CARDS","is_daily":false,"chose_seed":false,"campfire_upgraded":8,"win_rate":0.0,"timestamp":1613446545,"path_taken":["M","?","M","M","M","R","E","R","T","E","M","M","$","?","R","BOSS","M","?","M","?","?","R","E","M","T","?","M","M","$","M","R","BOSS","?","T","?","?","?","T","?","E","T","E","?","E","T","?","T","BOSS","?","?","?","T","T","?","T","T","?","BOSS"],"items_purchased_type":["Card","Card","Relic","Relic","Card","Relic","Relic","Potion"],"build_version":"2020-12-22","purchased_purges":1,"victory":true,"max_hp_per_floor":[70,70,70,70,70,70,70,70,70,70,70,70,70,70,70,70,70,70,70,70,70,70,70,70,70,70,70,70,70,70,70,70,70,70,70,70,70,70,70,70,70,70,70,70,70,70,70,70,70,70,70,70,70,70,70,70,70,70,70,70],"card_choices":[{"not_picked":["theMarked:HeightenedSenses","theMarked:Frustration"],"picked":"theMarked:BanishingStrike","floor":0.0},{"not_picked":["theMarked:RepellingDischarge","theMarked:TakeCover"],"picked":"theMarked:Pokerface","floor":1.0},{"not_picked":["theMarked:ChainLightning","theMarked:MuscleMemory"],"picked":"theMarked:Heritage","floor":3.0},{"not_picked":["theMarked:LightningStrikesTwice","theMarked:ElectricStrings"],"picked":"theMarked:Seal","floor":4.0},{"not_picked":["theMarked:Convert","theMarked:Parkour","theMarked:EnhanceMovement"],"picked":"SKIP","floor":5.0},{"not_picked":["theMarked:ComboAttacks","theMarked:PowerFlow","theMarked:TunnelVision"],"picked":"SKIP","floor":7.0},{"not_picked":["theMarked:OneWithTheBlade","theMarked:GodGivenPower"],"picked":"theMarked:ResourceFulStrike","floor":10.0},{"not_picked":["theMarked:Memento","theMarked:Parry"],"picked":"theMarked:Determination","floor":11.0},{"not_picked":["theMarked:Parkour","theMarked:SwordAndMagic","theMarked:ElectricStrings"],"picked":"SKIP","floor":12.0},{"not_picked":["theMarked:Defy","theMarked:UnarmedFury"],"picked":"theMarked:FavorableWinds","floor":16.0},{"not_picked":["theMarked:TunnelVision","theMarked:ShockingTouch"],"picked":"theMarked:SelfDefenseTraining","floor":17.0},{"not_picked":["theMarked:ChainLightning","theMarked:Frustration"],"picked":"theMarked:BanishingStrike","floor":17.0},{"not_picked":["theMarked:ComboAttacks","theMarked:ElectricStrings"],"picked":"theMarked:WardOff","floor":17.0},{"not_picked":["theMarked:Overthink","theMarked:WastefulAttack"],"picked":"theMarked:WardOff","floor":17.0},{"not_picked":["theMarked:Static+1","theMarked:LightningStrikesTwice","theMarked:Electrocute"],"picked":"SKIP","floor":18.0},{"not_picked":["theMarked:ParalyzingBlade+1","theMarked:Friction"],"picked":"theMarked:StartUp+1","floor":20.0},{"not_picked":["theMarked:Levitate","theMarked:ResourceFulStrike"],"picked":"theMarked:BanishingStrike","floor":24.0},{"not_picked":["theMarked:StartUp","theMarked:Improvise"],"picked":"theMarked:Memento","floor":25.0},{"not_picked":["theMarked:EmpowerWeapon","theMarked:ShockingTouch+1","theMarked:RepellingDischarge"],"picked":"SKIP","floor":28.0},{"not_picked":["theMarked:Friction","theMarked:RepellingDischarge","theMarked:ChainLightning+1"],"picked":"SKIP","floor":29.0},{"not_picked":["theMarked:GodGivenPower","theMarked:EmpowerWeapon","theMarked:WastefulAttack"],"picked":"SKIP","floor":31.0},{"not_picked":["theMarked:Vacuum","theMarked:BiggerThanFate"],"picked":"theMarked:TurnInvisible","floor":33.0},{"not_picked":["theMarked:SwordAndMagic+1","theMarked:HeightenedSenses+1"],"picked":"theMarked:MysticalArsenal+1","floor":35.0},{"not_picked":["theMarked:Maelstrom","theMarked:ChannelForce"],"picked":"theMarked:BanishingStrike+1","floor":38.0},{"not_picked":["theMarked:Aftermath","theMarked:Overcharge","theMarked:Generate+1"],"picked":"SKIP","floor":39.0},{"not_picked":["theMarked:Overcharge","theMarked:Parkour+1"],"picked":"theMarked:TwofoldDefense+1","floor":42.0},{"not_picked":["theMarked:Convert+1","theMarked:Static+1","theMarked:ResourceFulStrike+1"],"picked":"SKIP","floor":44.0},{"not_picked":["theMarked:ResourceFulStrike","theMarked:Frustration","theMarked:TwofoldDefense"],"picked":"SKIP","floor":45.0},{"not_picked":["theMarked:TwofoldDefense","theMarked:HeightenedSenses"],"picked":"theMarked:TurnInvisible","floor":46.0},{"not_picked":["theMarked:WastefulAttack","theMarked:OneWithTheBlade+1"],"picked":"theMarked:Pokerface+1","floor":48.0},{"not_picked":["theMarked:TakeCover+1","theMarked:Indomitable+1","theMarked:Aftermath+1"],"picked":"SKIP","floor":51.0},{"not_picked":["theMarked:WastefulAttack+1","theMarked:EnhanceMovement"],"picked":"theMarked:BanishingStrike+1","floor":52.0},{"not_picked":["theMarked:TakeCover","theMarked:WardOff"],"picked":"theMarked:Heritage+1","floor":56.0}],"player_experience":1332002,"relics_obtained":[{"floor":7.0,"key":"CeramicFish"},{"floor":9.0,"key":"Centennial Puzzle"},{"floor":10.0,"key":"Orichalcum"},{"floor":22.0,"key":"ReplayTheSpireMod:Ring of Challenge"},{"floor":22.0,"key":"Ring of Fangs"},{"floor":24.0,"key":"theMarked:DemonDagger"},{"floor":26.0,"key":"hubris:SlimyHat"},{"floor":27.0,"key":"infinitespire:Satchel"},{"floor":42.0,"key":"reliquary:Knoch"},{"floor":43.0,"key":"reliquary:PorcupineQuills"},{"floor":44.0,"key":"Replay:Rubber Ducky"},{"floor":46.0,"key":"reliquary:PurpleTingedLeaf"},{"floor":52.0,"key":"paleoftheancients:SoulOfTheIroncluck"},{"floor":58.0,"key":"reliquary:BoilingFlask"}],"event_choices":[{"cards_removed":["theMarked:Memento"],"damage_healed":0.0,"max_hp_gain":0.0,"max_hp_loss":0.0,"gold_gain":0.0,"event_name":"Falling","player_choice":"Removed Skill","floor":41.0,"gold_loss":0.0,"damage_taken":0.0}],"is_beta":false,"boss_relics":[{"not_picked":["reliquary:RedPaperclip","ReplayTheSpireMod:DimensionalGlitch"],"picked":"hubris:Backtick"},{"not_picked":["Runic Pyramid","Sozu"],"picked":"Painkiller Herb"}],"items_purged_floors":[36],"is_endless":false,"potions_floor_spawned":[1,4,12,16,18,20,25,28,29,31,35,38,44,56],"ascension_level":1}}