{"host":"m552uo5jodlktm3e","time":1613464859,"event":{"mods":["BaseMod","Colored Powertips","Downfall","Minty Spire (QoL Compilation)","Quick Restart","StSLib"],"gold_per_floor":[99,118,118,118,118,151,151,61,81,111,124,158,158,192,202,202,202,202],"floor_reached":16,"language":"ENG","playtime":1001,"items_purged":["downfall:Malfunctioning"],"score":141,"play_id":"dcb3d0e3-87b2-46ff-bf63-21755d389d0b","local_time":"20210216004059","is_ascension_mode":true,"campfire_choices":[{"data":"bronze:Goto","floor":1.0,"key":"SMITH"},{"data":"bronze:Terminator","floor":13.0,"key":"SMITH"}],"circlet_count":0,"master_deck":["bronze:Strike","bronze:Strike","bronze:Strike+1","bronze:Defend+1","bronze:Defend","bronze:Defend","bronze:Defend","bronze:Replicate+1","bronze:Goto+1","bronze:Branch","bronze:AlphaBuild","bronze:FindAndReplace","bronze:Terminator+1","bronze:Iterate","bronze:Return","bronze:Overheat","bronze:DigitalCarnage","bronze:WhirlingStrike"],"relics":["bronze:BronzeCore","Gambling Chip","downfall:ShatteredFragment","WingedGreaves","Bottled Flame","Tiny Chest","Torii","Centennial Puzzle"],"acts_visited":["Exordium"],"potions_floor_usage":[],"damage_taken":[{"damage":1.0,"enemies":"Cultist","floor":2.0,"turns":4.0},{"damage":10.0,"enemies":"Gremlin Nob","floor":6.0,"turns":4.0},{"damage":0.0,"enemies":"downfall:FleeingMerchant","floor":8.0,"turns":4.0},{"damage":0.0,"enemies":"2 Louse","floor":9.0,"turns":2.0},{"damage":5.0,"enemies":"3 Sentries","floor":10.0,"turns":6.0},{"damage":2.0,"enemies":"Small Slimes","floor":11.0,"turns":2.0},{"damage":2.0,"enemies":"Gremlin Nob","floor":12.0,"turns":3.0},{"damage":4.0,"enemies":"3 Sentries","floor":14.0,"turns":5.0},{"damage":0.0,"enemies":"Blue Slaver","floor":15.0,"turns":3.0},{"damage":19,"enemies":"DF_ARCHETYPE_STREAMLINE","floor":16,"turns":4}],"seed_played":"-354018479331064327","potions_obtained":[{"floor":6.0,"key":"bronze:CleanCodePotion"},{"floor":10.0,"key":"BlessingOfTheForge"},{"floor":11.0,"key":"bronze:CleanCodePotion"},{"floor":12.0,"key":"Weak Potion"},{"floor":14.0,"key":"FearPotion"}],"is_trial":false,"path_per_floor":["R","M","?","?","?","E","T","$","M","E","M","E","R","E","M","B"],"character_chosen":"THE_AUTOMATON","items_purchased":[],"campfire_rested":0,"item_purchase_floors":[],"current_hp_per_floor":[63,62,62,41,41,31,31,31,31,26,24,22,22,18,18,0,0,0],"gold":202,"neow_bonus":"ONE_RARE_RELIC","is_daily":false,"chose_seed":false,"campfire_upgraded":2,"win_rate":0.0,"timestamp":1613464859,"path_taken":["R","M","?","?","?","E","T","?","M","E","M","E","R","E","M","BOSS"],"items_purchased_type":[],"build_version":"2020-12-22","purchased_purges":1,"victory":false,"max_hp_per_floor":[63,63,63,63,63,63,63,63,63,63,63,63,63,63,63,63,63,63],"card_choices":[{"not_picked":["bronze:Iterate","bronze:CutThrough"],"picked":"bronze:Branch","floor":2.0},{"not_picked":["bronze:Allocate","bronze:BugBarrage"],"picked":"bronze:FindAndReplace","floor":6.0},{"not_picked":["bronze:Overload","bronze:Flail"],"picked":"bronze:Terminator","floor":8.0},{"not_picked":["bronze:Constructor","bronze:ForceShield"],"picked":"bronze:Iterate","floor":9.0},{"not_picked":["bronze:Invalidate","bronze:BronzeArmor","bronze:ForceShield"],"picked":"SKIP","floor":10.0},{"not_picked":["bronze:Safeguard","bronze:InfiniteBeams"],"picked":"bronze:Return","floor":11.0},{"not_picked":["bronze:BuggyMess","bronze:NullPointer"],"picked":"bronze:Overheat","floor":12.0},{"not_picked":["bronze:WhirlingStrike","bronze:Optimize"],"picked":"bronze:DigitalCarnage","floor":14.0},{"not_picked":["bronze:FineTuning","bronze:Philosophize"],"picked":"bronze:WhirlingStrike","floor":15.0}],"player_experience":1098342,"relics_obtained":[{"floor":6.0,"key":"WingedGreaves"},{"floor":7.0,"key":"Bottled Flame"},{"floor":10.0,"key":"Tiny Chest"},{"floor":12.0,"key":"Torii"},{"floor":14.0,"key":"Centennial Puzzle"}],"event_choices":[],"is_beta":false,"boss_relics":[],"items_purged_floors":[8],"is_endless":false,"potions_floor_spawned":[6,10,11,12,14],"killed_by":"DF_ARCHETYPE_STREAMLINE","ascension_level":2}}