{"host":"2fgwwnzqc97k7iys","time":1613505091,"event":{"mods":["BaseMod","Colored Map","Minty Spire (QoL Compilation)","Quick Restart","Relic Stats"],"gold_per_floor":[112,112,112,126,139,171,171,23,49,49,69,81,81,91,91,195,195,213,225,242,66,66,66,94,109,109,139,139,166,166,166,166],"floor_reached":31,"language":"ENG","playtime":3313,"items_purged":["Strike_B","Defend_B"],"score":443,"play_id":"2593d31e-969a-4a15-9839-edf05e179795","local_time":"20210216135131","is_ascension_mode":true,"campfire_choices":[{"data":"Chill","floor":7,"key":"SMITH"},{"data":"Coolheaded","floor":13,"key":"SMITH"},{"data":"Coolheaded","floor":15,"key":"SMITH"},{"data":"Blizzard","floor":23,"key":"SMITH"},{"data":"Consume","floor":28,"key":"SMITH"}],"circlet_count":0,"master_deck":["AscendersBane","Strike_B","Strike_B","Strike_B","Defend_B","Zap","Dualcast","Go for the Eyes","Loop","Chill+1","Echo Form","Blizzard+1","Conserve Battery","Coolheaded+1","Coolheaded+1","Biased Cognition","Rebound","Consume+1","Chaos","Decay"],"relics":["Cracked Core","NeowsBlessing","Toy Ornithopter","DataDisk","Akabeko","Inserter","Bag of Marbles","Mummified Hand","Pear","Centennial Puzzle"],"acts_visited":["Exordium","TheCity"],"potions_floor_usage":[18,18,24,24,24,24],"damage_taken":[{"damage":0,"enemies":"Cultist","floor":1,"turns":1},{"damage":0,"enemies":"Jaw Worm","floor":4,"turns":1},{"damage":0,"enemies":"2 Louse","floor":5,"turns":1},{"damage":10,"enemies":"3 Sentries","floor":6,"turns":13},{"damage":1,"enemies":"Large Slime","floor":11,"turns":6},{"damage":8,"enemies":"Looter","floor":12,"turns":3},{"damage":0,"enemies":"Red Slaver","floor":14,"turns":4},{"damage":24,"enemies":"The Guardian","floor":16,"turns":13},{"damage":4,"enemies":"2 Thieves","floor":18,"turns":4},{"damage":9,"enemies":"Shell Parasite","floor":19,"turns":6},{"damage":8,"enemies":"Chosen and Byrds","floor":20,"turns":8},{"damage":4,"enemies":"Slavers","floor":24,"turns":4},{"damage":16,"enemies":"Snecko","floor":25,"turns":6},{"damage":42,"enemies":"Book of Stabbing","floor":27,"turns":7},{"damage":2,"enemies":"Slavers","floor":29,"turns":6},{"damage":17,"enemies":"Centurion and Healer","floor":31,"turns":1}],"seed_played":"-797664735143854377","potions_obtained":[{"floor":4,"key":"EntropicBrew"},{"floor":6,"key":"Fire Potion"},{"floor":11,"key":"Fire Potion"},{"floor":18,"key":"FearPotion"},{"floor":27,"key":"Fire Potion"},{"floor":29,"key":"PotionOfCapacity"}],"is_trial":false,"path_per_floor":["M","?","?","M","M","E","R","$","T","$","M","M","R","M","R","B",null,"M","M","M","$","?","R","E","M","T","E","R","E","?","M"],"character_chosen":"DEFECT","items_purchased":["Blizzard","Consume"],"campfire_rested":0,"item_purchase_floors":[8,21],"current_hp_per_floor":[68,65,65,65,65,55,55,55,55,55,54,46,46,46,46,22,62,68,59,51,51,51,51,67,51,51,19,19,17,17,0,0],"gold":166,"neow_bonus":"THREE_ENEMY_KILL","is_daily":false,"chose_seed":false,"campfire_upgraded":5,"win_rate":0.0,"timestamp":1613505091,"path_taken":["M","?","?","M","?","E","R","?","T","$","M","M","R","M","R","BOSS","M","M","M","$","?","R","E","M","T","E","R","E","?","M"],"items_purchased_type":["Card","Card"],"build_version":"2020-12-22","purchased_purges":2,"victory":false,"max_hp_per_floor":[75,75,75,75,75,75,75,75,75,75,75,75,75,75,75,75,75,75,75,75,75,75,75,75,75,75,85,85,85,85,85,85],"relic_stats":{"Centennial Puzzle":[3],"Inserter":[21],"counters":[16,82],"Mummified Hand":[7],"obtain_stats":[{"DataDisk":6,"Centennial Puzzle":29,"Inserter":17,"Pear":27,"NeowsBlessing":0,"Mummified Hand":26,"Bag of Marbles":24,"Cracked Core":0,"Toy Ornithopter":2,"Akabeko":9},{"DataDisk":4,"Centennial Puzzle":15,"Inserter":8,"Pear":14,"NeowsBlessing":0,"Mummified Hand":13,"Bag of Marbles":12,"Cracked Core":0,"Toy Ornithopter":1,"Akabeko":4},{"DataDisk":16,"Centennial Puzzle":81,"Inserter":41,"Pear":75,"NeowsBlessing":0,"Mummified Hand":69,"Bag of Marbles":63,"Cracked Core":0,"Toy Ornithopter":1,"Akabeko":16}],"Toy Ornithopter":30},"card_choices":[{"not_picked":["Hologram","Compile Driver"],"picked":"Go for the Eyes","floor":1},{"not_picked":["Go for the Eyes","Melter"],"picked":"Chill","floor":4},{"not_picked":["Reprogram","Go for the Eyes","Skim"],"picked":"SKIP","floor":5},{"not_picked":["Leap","Go for the Eyes"],"picked":"Echo Form","floor":6},{"not_picked":["Genetic Algorithm","Sweeping Beam"],"picked":"Conserve Battery","floor":11},{"not_picked":["Ball Lightning","Beam Cell"],"picked":"Coolheaded","floor":12},{"not_picked":["Static Discharge","Redo"],"picked":"Coolheaded","floor":14},{"not_picked":["Hyperbeam","Amplify"],"picked":"Biased Cognition","floor":16},{"not_picked":["Coolheaded","Reinforced Body","Beam Cell"],"picked":"SKIP","floor":18},{"not_picked":["Go for the Eyes","Coolheaded+1","Recycle"],"picked":"SKIP","floor":19},{"not_picked":["Beam Cell","Stack"],"picked":"Rebound","floor":20},{"not_picked":["Darkness","Leap+1","Steam Power"],"picked":"SKIP","floor":24},{"not_picked":["Stack","Undo"],"picked":"Chaos","floor":25},{"not_picked":["Redo+1","Go for the Eyes","Steam"],"picked":"SKIP","floor":27},{"not_picked":["Heatsinks+1","Tempest","Conserve Battery+1"],"picked":"SKIP","floor":29}],"player_experience":584795,"relics_obtained":[{"floor":6,"key":"DataDisk"},{"floor":9,"key":"Akabeko"},{"floor":24,"key":"Bag of Marbles"},{"floor":26,"key":"Mummified Hand"},{"floor":27,"key":"Pear"},{"floor":29,"key":"Centennial Puzzle"}],"event_choices":[{"damage_healed":0,"gold_gain":0,"player_choice":"Success","damage_taken":3,"relics_obtained":["Toy Ornithopter"],"max_hp_gain":0,"max_hp_loss":0,"event_name":"Scrap Ooze","floor":2,"gold_loss":0},{"damage_healed":0,"gold_gain":0,"cards_transformed":["Defend_B"],"player_choice":"Change","damage_taken":0,"max_hp_gain":0,"max_hp_loss":0,"event_name":"Living Wall","floor":3,"gold_loss":0,"cards_obtained":["Loop"]},{"cards_removed":["Defend_B"],"damage_healed":0,"gold_gain":0,"player_choice":"Elegance","damage_taken":0,"max_hp_gain":0,"max_hp_loss":0,"event_name":"Back to Basics","floor":22,"gold_loss":0},{"damage_healed":0,"gold_gain":0,"player_choice":"Smashed Altar","damage_taken":0,"max_hp_gain":0,"max_hp_loss":0,"event_name":"Forgotten Altar","floor":30,"gold_loss":0,"cards_obtained":["Decay"]}],"is_beta":false,"boss_relics":[{"not_picked":["Nuclear Battery","Ectoplasm"],"picked":"Inserter"}],"items_purged_floors":[8,21],"is_endless":false,"potions_floor_spawned":[4,6,11,16,18,27,29],"killed_by":"Centurion and Healer","ascension_level":10}}