{"host":"r081svdj6e9i7zze","time":1613462617,"event":{"mods":["AchievementEnabler","BaseMod","Colored Map","Minty Spire (QoL Compilation)","SuperFastMode"],"gold_per_floor":[119,89,14,14,30,62,62,74,144,177,177,210,236,283,295,402,414,442,454,466,494,506,548,572,584,620,13,13,13,13,26,26,121,121,138,138,158,178,191,216,216,249,249,8,8,25,45,57,57,57,57],"floor_reached":50,"language":"KOR","playtime":3447,"items_purged":["Strike_R","Defend_R+1"],"score":625,"play_id":"e630bbf5-e797-4b39-a7fd-ddf8ccd49308","local_time":"20210216170337","is_ascension_mode":false,"campfire_choices":[{"data":"Seeing Red","floor":7,"key":"SMITH"},{"data":"Infernal Blade","floor":15,"key":"SMITH"},{"data":"Shockwave","floor":29,"key":"SMITH"},{"data":"Carnage","floor":32,"key":"SMITH"},{"data":"Dual Wield","floor":41,"key":"SMITH"},{"data":"Anger","floor":45,"key":"SMITH"},{"data":"Deep Breath","floor":49,"key":"SMITH"}],"circlet_count":0,"master_deck":["Strike_R+1","Strike_R+1","Defend_R+1","Defend_R+1","Defend_R+1","Bash","Seeing Red+1","Shrug It Off","Flame Barrier","Anger+1","Juggernaut+1","Infernal Blade+1","Carnage+1","Reaper","Flex+1","Shockwave+1","Sword Boomerang+1","Havoc+1","Pommel Strike","Metallicize+1","Rampage","Brutality+1","Inflame+1","Fire Breathing+1","Dual Wield+1","Intimidate+1","Battle Trance+1","Battle Trance+1","Deep Breath+1","Entrench+1","Sentinel+1"],"relics":["Black Blood","MealTicket","Mercury Hourglass","Frozen Egg 2","MawBank","Boot","Kunai","MutagenicStrength","Ornamental Fan","PreservedInsect","Bronze Scales","ClockworkSouvenir","Omamori","Pear","SacredBark","Nunchaku","InkBottle","White Beast Statue","DollysMirror"],"acts_visited":["Exordium","TheCity","TheBeyond"],"potions_floor_usage":[6,6,10,14,14,16,18,23,39,40,50,50],"damage_taken":[{"damage":0,"enemies":"2 Louse","floor":1,"turns":2},{"damage":1,"enemies":"Cultist","floor":5,"turns":4},{"damage":18,"enemies":"Lagavulin","floor":6,"turns":7},{"damage":0,"enemies":"Small Slimes","floor":8,"turns":4},{"damage":49,"enemies":"Gremlin Nob","floor":10,"turns":5},{"damage":23,"enemies":"Lagavulin","floor":12,"turns":6},{"damage":0,"enemies":"Looter","floor":13,"turns":2},{"damage":12,"enemies":"Gremlin Nob","floor":14,"turns":4},{"damage":0,"enemies":"Slime Boss","floor":16,"turns":7},{"damage":15,"enemies":"2 Thieves","floor":18,"turns":4},{"damage":11,"enemies":"Shell Parasite","floor":21,"turns":5},{"damage":40,"enemies":"Book of Stabbing","floor":23,"turns":6},{"damage":10,"enemies":"Shelled Parasite and Fungi","floor":24,"turns":4},{"damage":10,"enemies":"Cultist and Chosen","floor":31,"turns":5},{"damage":59,"enemies":"Collector","floor":33,"turns":8},{"damage":11,"enemies":"Orb Walker","floor":35,"turns":3},{"damage":1,"enemies":"3 Darklings","floor":37,"turns":2},{"damage":37,"enemies":"Writhing Mass","floor":38,"turns":4},{"damage":5,"enemies":"Maw","floor":39,"turns":6},{"damage":36,"enemies":"Giant Head","floor":40,"turns":8},{"damage":10,"enemies":"Reptomancer","floor":42,"turns":3},{"damage":4,"enemies":"Transient","floor":46,"turns":5},{"damage":9,"enemies":"Spire Growth","floor":47,"turns":2},{"damage":26,"enemies":"4 Shapes","floor":48,"turns":4},{"damage":104,"enemies":"Time Eater","floor":50,"turns":12}],"seed_played":"-8589962431478255730","potions_obtained":[{"floor":1,"key":"BlessingOfTheForge"},{"floor":2,"key":"DuplicationPotion"},{"floor":2,"key":"LiquidMemories"},{"floor":8,"key":"SmokeBomb"},{"floor":12,"key":"AttackPotion"},{"floor":13,"key":"Block Potion"},{"floor":14,"key":"AttackPotion"},{"floor":16,"key":"DistilledChaos"},{"floor":21,"key":"SpeedPotion"},{"floor":33,"key":"Swift Potion"},{"floor":35,"key":"Block Potion"},{"floor":40,"key":"Block Potion"},{"floor":46,"key":"SkillPotion"},{"floor":47,"key":"DuplicationPotion"}],"is_trial":false,"path_per_floor":["M","?","$","?","M","E","R","M","T","E","?","E","M","E","R","B",null,"M","?","?","M","?","E","M","?","T","$","?","R","?","M","R","B",null,"M","?","M","M","M","E","R","E","T","$","R","M","M","M","R","B"],"character_chosen":"IRONCLAD","items_purchased":["Bronze Scales","ClockworkSouvenir","Omamori","Metallicize+1","DollysMirror","Deep Breath"],"campfire_rested":0,"item_purchase_floors":[27,27,27,27,44,44],"current_hp_per_floor":[88,88,88,93,93,81,81,87,87,44,37,20,26,20,20,26,93,90,90,90,91,91,63,65,65,65,80,80,80,90,92,92,52,103,103,103,103,78,90,66,66,99,99,103,103,103,103,89,89,0,0],"gold":57,"neow_bonus":"TEN_PERCENT_HP_BONUS","is_daily":false,"chose_seed":false,"campfire_upgraded":7,"win_rate":0.0,"timestamp":1613462617,"path_taken":["M","?","?","?","M","E","R","M","T","E","?","E","M","E","R","BOSS","M","?","?","?","?","E","M","?","T","$","?","R","?","M","R","BOSS","M","?","?","M","M","E","R","E","T","$","R","M","M","?","R","BOSS"],"items_purchased_type":["Relic","Relic","Relic","Card","Relic","Card"],"build_version":"2020-12-22","purchased_purges":2,"victory":false,"max_hp_per_floor":[88,88,88,93,93,93,93,93,93,93,93,93,93,93,93,93,93,93,93,93,93,93,93,93,93,93,93,93,93,103,103,103,103,103,103,103,103,103,103,103,103,103,103,103,103,103,103,103,103,103,103],"card_choices":[{"not_picked":["Wild Strike","Flex"],"picked":"Seeing Red","floor":1},{"not_picked":["Pommel Strike","Armaments"],"picked":"Anger","floor":5},{"not_picked":["Warcry","Clothesline"],"picked":"Shrug It Off","floor":6},{"not_picked":["Disarm","Wild Strike"],"picked":"Flame Barrier","floor":8},{"not_picked":["Fire Breathing+1","Burning Pact"],"picked":"Anger","floor":10},{"not_picked":["Body Slam","Flame Barrier"],"picked":"Juggernaut+1","floor":12},{"not_picked":["Blood for Blood","True Grit"],"picked":"Infernal Blade","floor":13},{"not_picked":["Havoc","Headbutt"],"picked":"Carnage","floor":14},{"not_picked":["Juggernaut+1","Bludgeon"],"picked":"Reaper","floor":16},{"not_picked":["Havoc","Headbutt"],"picked":"Flex+1","floor":18},{"not_picked":["Iron Wave","Blood for Blood+1"],"picked":"Sword Boomerang+1","floor":21},{"not_picked":["Armaments","Reaper"],"picked":"Havoc+1","floor":23},{"not_picked":["Warcry","Seeing Red"],"picked":"Pommel Strike","floor":24},{"not_picked":["Seeing Red","Disarm"],"picked":"Rampage","floor":31},{"not_picked":["Limit Break","Double Tap"],"picked":"Brutality+1","floor":33},{"not_picked":["Armaments","Thunderclap+1"],"picked":"Inflame+1","floor":35},{"not_picked":["Shrug It Off+1","Second Wind"],"picked":"Fire Breathing+1","floor":37},{"not_picked":["Power Through","Shrug It Off+1"],"picked":"Dual Wield","floor":38},{"not_picked":["Inflame+1","Combust+1"],"picked":"Intimidate+1","floor":39},{"not_picked":["Shrug It Off","Shockwave"],"picked":"Battle Trance+1","floor":40},{"not_picked":["Iron Wave","Rampage+1","Juggernaut+1"],"picked":"SKIP","floor":42},{"not_picked":["True Grit","Twin Strike","Infernal Blade"],"picked":"SKIP","floor":46},{"not_picked":["Body Slam+1","Pommel Strike+1"],"picked":"Entrench+1","floor":47},{"not_picked":["Cleave","Armaments"],"picked":"Sentinel+1","floor":48}],"player_experience":70323,"relics_obtained":[{"floor":6,"key":"MealTicket"},{"floor":9,"key":"Mercury Hourglass"},{"floor":10,"key":"Frozen Egg 2"},{"floor":12,"key":"MawBank"},{"floor":14,"key":"Boot"},{"floor":23,"key":"Ornamental Fan"},{"floor":26,"key":"PreservedInsect"},{"floor":40,"key":"Nunchaku"},{"floor":42,"key":"InkBottle"},{"floor":43,"key":"White Beast Statue"}],"event_choices":[{"damage_healed":0,"gold_gain":0,"player_choice":"Bought 2 Potions","damage_taken":0,"max_hp_gain":0,"max_hp_loss":0,"event_name":"The Woman in Blue","floor":2,"gold_loss":0},{"damage_healed":0,"gold_gain":0,"player_choice":"Donut","damage_taken":0,"max_hp_gain":5,"max_hp_loss":0,"event_name":"Big Fish","floor":4,"gold_loss":0},{"cards_removed":["Strike_R"],"damage_healed":0,"gold_gain":0,"player_choice":"Card Removal","damage_taken":7,"max_hp_gain":0,"max_hp_loss":0,"event_name":"Golden Wing","floor":11,"gold_loss":0},{"damage_healed":0,"gold_gain":0,"player_choice":"Read","damage_taken":0,"max_hp_gain":0,"max_hp_loss":0,"event_name":"The Library","floor":19,"gold_loss":0,"cards_obtained":["Shockwave"]},{"cards_removed":["Anger"],"damage_healed":0,"gold_gain":0,"player_choice":"Gave Card","damage_taken":0,"relics_obtained":["Kunai"],"max_hp_gain":0,"max_hp_loss":0,"event_name":"WeMeetAgain","floor":20,"gold_loss":0},{"damage_healed":0,"gold_gain":0,"player_choice":"Inject Mutagens","damage_taken":0,"relics_obtained":["MutagenicStrength"],"max_hp_gain":0,"max_hp_loss":0,"event_name":"Drug Dealer","floor":22,"gold_loss":0},{"damage_healed":0,"gold_gain":0,"player_choice":"Simplicity","damage_taken":0,"max_hp_gain":0,"max_hp_loss":0,"event_name":"Back to Basics","floor":25,"gold_loss":0,"cards_upgraded":["Strike_R","Strike_R","Strike_R","Defend_R","Defend_R","Defend_R","Defend_R"]},{"damage_healed":0,"gold_gain":0,"player_choice":"Opened","damage_taken":0,"relics_obtained":["Pear"],"max_hp_gain":0,"max_hp_loss":0,"event_name":"The Mausoleum","floor":30,"gold_loss":0,"cards_obtained":["Writhe"]},{"cards_removed":["Strike_R"],"damage_healed":0,"gold_gain":0,"player_choice":"Offered Basic","damage_taken":0,"max_hp_gain":0,"max_hp_loss":0,"event_name":"Bonfire Elementals","floor":36,"gold_loss":0}],"is_beta":false,"boss_relics":[{"not_picked":["Ectoplasm","Empty Cage"],"picked":"Black Blood"},{"not_picked":["Snecko Eye","Calling Bell"],"picked":"SacredBark"}],"items_purged_floors":[3,27],"is_endless":false,"potions_floor_spawned":[1,8,12,13,14,16,21,33,35,37,40,46,47,48],"killed_by":"Time Eater","ascension_level":0}}