{"host":"vm8b3ptwl81uq21f","time":1613498735,"event":{"mods":["Act Like it!","Aspiration","BaseMod","BetterRewards","Colored Map","Colored Powertips","Conspire","Gensokyo","GifTheSpireLib","Googly Eyes","GungeonMod","Halation","Hubris","Infinite Spire","Minty Spire (QoL Compilation)","Quick Restart","Rare Cards Sparkle","Reliquary","Replay The Spire","Shop Mod","Spicy Shops","Spire Arcade","StSLib","Stuff the Spire","The IronCluck","The Jungle","[IsaacMod]????"],"gold_per_floor":[118,118,118,118,136,20,50,50,73,92,66,66,92,108,108,206,206,221,221,240,240,273,306,306,335,335,335,361,461,473,473,473,576,576,593,284,295,40,93,93,104,136,160,170,203,203,222,222,222,222],"floor_reached":51,"language":"ENG","playtime":2025,"items_purged":["Strike_B","Strike_B","Strike_B","Strike_B","ReplayGash","Defend_B"],"score":1309,"play_id":"0da10dcf-975d-4ada-8025-2a737761a114","local_time":"20210216130535","is_ascension_mode":true,"campfire_choices":[{"data":"Genetic Algorithm","floor":8,"key":"SMITH"},{"data":"StuffTheSpire:BrainWave","floor":12,"key":"SMITH"},{"data":"Zap","floor":15,"key":"SMITH"},{"data":"Dualcast","floor":24,"key":"SMITH"},{"data":"Hologram","floor":27,"key":"SMITH"},{"data":"Defend_B","floor":32,"key":"PURGE"},{"data":"Defend_B","floor":40,"key":"PURGE"},{"data":"Defend_B","floor":46,"key":"PURGE"},{"data":"Conserve Battery","floor":49,"key":"PURGE"}],"circlet_count":0,"master_deck":["Zap+1","Dualcast+1","Ball Lightning","Genetic Algorithm+1","hubris:Ukulele+1","StuffTheSpire:BrainWave+1","Hologram+1","aspiration:Polymerization","Skim","Reboot","Electrodynamics","hubris:Ukulele+1","Thunder Strike","Echo Form","Capacitor+1","Skim+1","Hologram+1"],"relics":["Cracked Core","HushsDoor","YumHeart","Runic Capacitor","hubris:BallOfYels","MerchantsRug","halation:PinkSoulGem","Replay:Mystery Machine","reliquary:TatteredRug","Centennial Puzzle","DemoMod:SerJunkan","Happy Flower","DemoMod:Junk","reliquary:NewFriend","DataDisk","Peace Pipe","MutagenicStrength","StuffTheSpire:RunicHypercube","BargainBundle","Bag of Preparation","halation:PeacePiece","Prayer Wheel","DemoMod:GlassGuonStoneRelic","reliquary:RoseTintedGlasses"],"acts_visited":["Exordium","TheCity","TheBeyond"],"potions_floor_usage":[29,44],"damage_taken":[{"damage":0,"enemies":"Gensokyo:3_Fairies","floor":1,"turns":3},{"damage":3,"enemies":"Gensokyo:Python","floor":5,"turns":3},{"damage":0,"enemies":"Gensokyo:Mamizou","floor":7,"turns":4},{"damage":0,"enemies":"Gensokyo:Gryphon","floor":10,"turns":3},{"damage":4,"enemies":"Gensokyo:Aya","floor":13,"turns":3},{"damage":0,"enemies":"Gensokyo:CorruptedTreant","floor":14,"turns":2},{"damage":7,"enemies":"Gensokyo:Reimu","floor":16,"turns":9},{"damage":11,"enemies":"Shell Parasite","floor":18,"turns":3},{"damage":0,"enemies":"3 Byrds","floor":20,"turns":2},{"damage":0,"enemies":"conspire:MimicChest","floor":22,"turns":4},{"damage":0,"enemies":"conspire:SneckoGhost","floor":23,"turns":2},{"damage":0,"enemies":"conspire:Head Lice","floor":25,"turns":3},{"damage":0,"enemies":"Replay:Snechameleon","floor":28,"turns":2},{"damage":0,"enemies":"Colosseum Slavers","floor":29,"turns":2},{"damage":0,"enemies":"Colosseum Nobs","floor":29,"turns":2},{"damage":0,"enemies":"Sentry and Sphere","floor":30,"turns":3},{"damage":16,"enemies":"Automaton","floor":33,"turns":4},{"damage":0,"enemies":"Orb Walker","floor":35,"turns":1},{"damage":0,"enemies":"3 Darklings","floor":37,"turns":2},{"damage":19,"enemies":"2 Orb Walkers","floor":39,"turns":2},{"damage":0,"enemies":"4 Shapes","floor":41,"turns":2},{"damage":0,"enemies":"R_Hoarder","floor":42,"turns":2},{"damage":0,"enemies":"Writhing Mass","floor":44,"turns":2},{"damage":0,"enemies":"Giant Head","floor":45,"turns":2},{"damage":0,"enemies":"Transient","floor":47,"turns":5},{"damage":0,"enemies":"Donu and Deca","floor":50,"turns":2}],"seed_played":"-2591317061742272578","potions_obtained":[{"floor":1,"key":"PowerPotion"},{"floor":18,"key":"Reflective Coating"},{"floor":25,"key":"Languid Potion"},{"floor":29,"key":"LiquidMemories"},{"floor":39,"key":"Strength Potion"},{"floor":41,"key":"LiquidMemories"},{"floor":44,"key":"FearPotion"}],"is_trial":false,"path_per_floor":["M","?","?","?","M","$","E","R","T","M","$","R","E","M","R_BF","B",null,"M","AVR","M","?","?","E","R","E","T","R","E","?","M","?","R","B",null,"M","$","M","$","?","R","M","E","T","M","E","R","M","?","R","B",null],"character_chosen":"DEFECT","items_purchased":["Runic Capacitor","hubris:BallOfYels","Ball Lightning","Genetic Algorithm","Art of War","MerchantsRug","Conserve Battery","Strength Potion","Gremlin Food","Electrodynamics","ReplayGash","BargainBundle","Bag of Preparation","halation:PeacePiece"],"campfire_rested":0,"item_purchase_floors":[0,0,0,0,0,0,0,0,6,17,36,36,36,38],"current_hp_per_floor":[58,58,58,58,55,55,55,55,55,55,75,75,71,71,71,64,66,55,55,55,55,55,55,55,66,66,66,66,66,66,66,66,50,62,62,62,62,62,43,43,43,66,66,66,66,66,66,66,66,66],"gold":222,"neow_bonus":"","is_daily":false,"chose_seed":false,"campfire_upgraded":5,"win_rate":0.0,"timestamp":1613498735,"path_taken":["M","?","?","?","M","?","E","R","T","?","$","R","E","M","R_BF","BOSS","M","AVR","M","?","?","E","R","E","T","R","E","?","?","?","R","BOSS","M","$","M","$","?","R","M","E","T","M","E","R","M","?","R","BOSS"],"items_purchased_type":["Relic","Relic","Card","Card","Relic","Relic","Card","Potion","Relic","Card","Card","Relic","Relic","Relic"],"build_version":"2020-12-22","purchased_purges":6,"victory":true,"max_hp_per_floor":[75,75,75,75,75,75,75,75,75,75,75,75,75,75,75,75,66,66,66,66,66,66,66,66,66,66,66,66,66,66,66,66,66,66,66,66,66,66,66,66,66,66,66,66,66,66,66,66,66,66],"card_choices":[{"not_picked":["StuffTheSpire:Plugnplay","Beam Cell","Auto Shields"],"picked":"SKIP","floor":1},{"not_picked":["StuffTheSpire:Harmony","StuffTheSpire:CelestialWarden"],"picked":"StuffTheSpire:BrainWave","floor":3},{"not_picked":["Multi-Cast","Gash"],"picked":"Hologram","floor":5},{"not_picked":["Rebound","ReplaySort","ReplayGash"],"picked":"SKIP","floor":7},{"not_picked":["Compile Driver","Conserve Battery"],"picked":"aspiration:Polymerization","floor":10},{"not_picked":["Rainbow","StuffTheSpire:Plugnplay","StuffTheSpire:NuclearReactor"],"picked":"SKIP","floor":13},{"not_picked":["Steam","Turbo"],"picked":"Skim","floor":14},{"not_picked":["Meteor Strike","StuffTheSpire:LaunchingStrike"],"picked":"Reboot","floor":16},{"not_picked":["Streamline","Leap+1","Turbo"],"picked":"SKIP","floor":18},{"not_picked":["Sweeping Beam","Distribution+1","Cold Snap+1"],"picked":"SKIP","floor":20},{"not_picked":["Genetic Algorithm","Reprogram"],"picked":"hubris:Ukulele+1","floor":22},{"not_picked":["Gash","Double Energy","Steam"],"picked":"SKIP","floor":23},{"not_picked":["Reprogram","Reinforced Body+1"],"picked":"Thunder Strike","floor":25},{"not_picked":["Hologram","hubris:PowerSurge"],"picked":"Echo Form","floor":28},{"not_picked":["Gash","Static Discharge","Reprogram"],"picked":"SKIP","floor":30},{"not_picked":["hubris:Prefetch","Amplify"],"picked":"ReplayTheSpireMod:Fabricate Wheel","floor":33},{"not_picked":["Rebound+1","Leap+1","BasicCrystalCard"],"picked":"SKIP","floor":35},{"not_picked":["BasicCrystalCard","Redo+1","ReplayGash+1"],"picked":"SKIP","floor":37},{"not_picked":["Heatsinks+1","Time Bomb"],"picked":"Capacitor+1","floor":41},{"not_picked":["Cancel","Steam Power+1","Distribution"],"picked":"SKIP","floor":41},{"not_picked":["Ball Lightning","Redo","Hello World"],"picked":"SKIP","floor":42},{"not_picked":["Aggregate","Stack+1"],"picked":"Skim+1","floor":44},{"not_picked":["Leap+1","ReplayTheSpireMod:Dual Polarity+1","Panic Button+1"],"picked":"SKIP","floor":44},{"not_picked":["Consume","Sunder","Loop"],"picked":"SKIP","floor":45},{"not_picked":["Pulse","StuffTheSpire:NuclearReactor+1"],"picked":"Hologram+1","floor":47},{"not_picked":["Beam Cell","Rainbow","StuffTheSpire:Plugnplay+1"],"picked":"SKIP","floor":47}],"player_experience":420850,"relics_obtained":[{"floor":7,"key":"Toy Ornithopter"},{"floor":9,"key":"Replay:Mystery Machine"},{"floor":13,"key":"reliquary:TatteredRug"},{"floor":22,"key":"DemoMod:SerJunkan"},{"floor":23,"key":"Happy Flower"},{"floor":25,"key":"DemoMod:Junk"},{"floor":26,"key":"reliquary:NewFriend"},{"floor":28,"key":"DataDisk"},{"floor":29,"key":"Peace Pipe"},{"floor":29,"key":"DemoMod:Junk"},{"floor":39,"key":"DemoMod:Junk"},{"floor":42,"key":"DemoMod:Junk"},{"floor":43,"key":"reliquary:RoseTintedGlasses"},{"floor":45,"key":"DemoMod:Junk"}],"event_choices":[{"damage_healed":0,"gold_gain":0,"player_choice":"Fight","damage_taken":0,"max_hp_gain":0,"max_hp_loss":0,"event_name":"Colosseum","floor":29,"gold_loss":0},{"damage_healed":0,"gold_gain":0,"player_choice":"Fought Nobs","damage_taken":0,"max_hp_gain":0,"max_hp_loss":0,"event_name":"Colosseum","floor":29,"gold_loss":0},{"damage_healed":0,"gold_gain":0,"player_choice":"Inject Mutagens","damage_taken":0,"relics_obtained":["MutagenicStrength"],"max_hp_gain":0,"max_hp_loss":0,"event_name":"Drug Dealer","floor":31,"gold_loss":0},{"damage_healed":0,"gold_gain":0,"player_choice":"Fight","damage_taken":0,"max_hp_gain":0,"max_hp_loss":0,"event_name":"Mysterious Sphere","floor":39,"gold_loss":0}],"is_beta":false,"boss_relics":[{"not_picked":["Snecko Eye","Black Star"],"picked":"Velvet Choker"},{"not_picked":[]},{"not_picked":["Replay:Fungal Core","SlaversCollar"],"picked":"StuffTheSpire:RunicHypercube"},{"not_picked":[]}],"items_purged_floors":[6,11,17,19,36,38],"is_endless":false,"potions_floor_spawned":[1,18,25,29,39,41,42,44],"ascension_level":7}}