{"host":"ssceekdvsvld625r","time":1613474546,"event":{"mods":["AchievementEnabler","BaseMod","Better Third Choice","Block Reminder","Colored Map","Colored Powertips","Highlight Path","Minty Spire (QoL Compilation)","Permanent Neow","Quick Restart","Rare Cards Sparkle","Relic Stats","Shop Mod","StSLib"],"gold_per_floor":[114,74,6,0,0,35,50,50,103,135,135,148,148,168,168,270,270,287,300,310,409,478,510,510,545,591,591,601,601,617,637,637,740,740,752,752,101,0,10,40,40,40,93,108,108,108,124,124,124,124,124],"floor_reached":50,"language":"ENG","playtime":4482,"items_purged":["Heatsinks+1"],"score":595,"play_id":"06440f69-df62-4b04-89cd-0b29d1e19d4a","local_time":"20210216042226","is_ascension_mode":true,"campfire_choices":[{"data":"Heatsinks","floor":8,"key":"SMITH"},{"data":"Amplify","floor":11,"key":"SMITH"},{"data":"White Noise","floor":15,"key":"SMITH"},{"floor":24,"key":"REST"},{"data":"Hello World","floor":27,"key":"SMITH"},{"data":"Echo Form","floor":29,"key":"SMITH"},{"data":"Enlightenment","floor":32,"key":"SMITH"},{"data":"Defragment","floor":42,"key":"SMITH"},{"floor":49,"key":"RECALL"}],"circlet_count":0,"master_deck":["Strike_B+1","Strike_B+1","Strike_B+1","Strike_B+1","Defend_B+1","Defend_B+1","Defend_B+1","Defend_B+1","Zap+1","Dualcast+1","Coolheaded+1","Self Repair+1","Enlightenment+1","Self Repair+1","Amplify+1","White Noise+1","Echo Form+1","Force Field+1","Hello World+1","Defragment+1","Barrage+1","Loop+1","Loop+1","Static Discharge+1","Machine Learning+1","CurseOfTheBell","Defragment+1","White Noise+1","Defragment+1","Ball Lightning+1","Self Repair+1"],"relics":["Cracked Core","NeowsBlessing","betterThird:SlimedRelic","Boot","Happy Flower","Inserter","Frozen Egg 2","Pen Nib","Blood Vial","Dream Catcher","Molten Egg 2","Torii","Thread and Needle","MerchantsRug","Red Mask","Gremlin Horn","Mark of the Bloom"],"acts_visited":["Exordium","TheCity","TheBeyond"],"potions_floor_usage":[16,16,23,31,33,50],"damage_taken":[{"damage":0,"enemies":"Small Slimes","floor":1,"turns":1},{"damage":0,"enemies":"Lagavulin","floor":6,"turns":1},{"damage":0,"enemies":"Jaw Worm","floor":7,"turns":1},{"damage":36,"enemies":"3 Sentries","floor":10,"turns":9},{"damage":0,"enemies":"2 Louse","floor":12,"turns":3},{"damage":20,"enemies":"Lots of Slimes","floor":14,"turns":5},{"damage":66,"enemies":"Slime Boss","floor":16,"turns":21},{"damage":31,"enemies":"Spheric Guardian","floor":18,"turns":6},{"damage":6,"enemies":"Shell Parasite","floor":19,"turns":5},{"damage":47,"enemies":"Snecko","floor":20,"turns":8},{"damage":27,"enemies":"Gremlin Leader","floor":23,"turns":6},{"damage":36,"enemies":"Slavers","floor":25,"turns":7},{"damage":10,"enemies":"3 Cultists","floor":28,"turns":5},{"damage":22,"enemies":"Snake Plant","floor":30,"turns":5},{"damage":15,"enemies":"Sentry and Sphere","floor":31,"turns":8},{"damage":29,"enemies":"Champ","floor":33,"turns":8},{"damage":30,"enemies":"Orb Walker","floor":35,"turns":5},{"damage":21,"enemies":"3 Darklings","floor":39,"turns":5},{"damage":60,"enemies":"Reptomancer","floor":40,"turns":4},{"damage":10,"enemies":"4 Shapes","floor":44,"turns":4},{"damage":22,"enemies":"Sphere and 2 Shapes","floor":47,"turns":6},{"damage":59,"enemies":"Time Eater","floor":50,"turns":7}],"seed_played":"-7908839999924337334","potions_obtained":[{"floor":6,"key":"Ancient Potion"},{"floor":7,"key":"Weak Potion"},{"floor":14,"key":"DuplicationPotion"},{"floor":20,"key":"FairyPotion"},{"floor":23,"key":"Block Potion"},{"floor":25,"key":"FocusPotion"},{"floor":28,"key":"LiquidMemories"},{"floor":33,"key":"ColorlessPotion"}],"is_trial":false,"path_per_floor":["M","?","$","?","?","E","M","R","T","E","R","M","?","M","R","B",null,"M","M","M","?","T","E","R","E","T","R","M","R","M","M","R","B",null,"M","?","$","?","M","E","?","R","T","M","?","?","M","?","R","B"],"character_chosen":"DEFECT","items_purchased":["Self Repair","DollysMirror","Thread and Needle","Defragment+1","MerchantsRug"],"campfire_rested":1,"item_purchase_floors":[3,37,37,37,37],"current_hp_per_floor":[75,64,64,70,70,77,81,81,81,59,59,81,81,81,81,29,81,64,79,53,53,53,54,78,70,70,70,76,76,70,71,71,58,88,72,72,72,72,67,23,77,77,77,74,73,66,53,53,53,0,0],"gold":124,"neow_bonus":"THREE_ENEMY_KILL","is_daily":false,"chose_seed":false,"campfire_upgraded":7,"win_rate":0.0,"timestamp":1613474546,"path_taken":["M","?","$","?","?","E","?","R","T","E","R","?","?","M","R","BOSS","M","M","?","?","?","E","R","E","T","R","M","R","M","M","R","BOSS","M","?","$","?","M","E","?","R","T","M","?","?","?","?","R","BOSS"],"items_purchased_type":["Card","Relic","Relic","Card","Relic"],"build_version":"2020-12-22","purchased_purges":1,"victory":false,"max_hp_per_floor":[75,75,75,81,81,81,81,81,81,81,81,81,81,81,81,81,81,81,81,81,81,81,81,81,81,81,81,81,81,81,81,81,81,88,88,88,88,88,88,88,77,77,77,77,73,73,73,73,73,73,73],"relic_stats":{"Blood Vial":14,"Dream Catcher":0,"Mark of the Bloom":2,"Inserter":[44],"Happy Flower":[42],"Torii":16,"Gremlin Horn":[5,5],"counters":[22,128],"Pen Nib":[5],"Boot":[52],"obtain_stats":[{"MerchantsRug":37,"Mark of the Bloom":48,"Inserter":17,"NeowsBlessing":0,"Happy Flower":9,"Torii":34,"Gremlin Horn":40,"Thread and Needle":37,"Pen Nib":23,"War Paint":10,"Frozen Egg 2":22,"Boot":6,"Blood Vial":25,"Calling Bell":34,"Dream Catcher":26,"DollysMirror":37,"betterThird:SlimedRelic":2,"Strawberry":34,"Molten Egg 2":34,"Red Mask":38,"Cracked Core":0},{"MerchantsRug":17,"Mark of the Bloom":21,"Inserter":7,"NeowsBlessing":0,"Happy Flower":3,"Torii":16,"Gremlin Horn":19,"Thread and Needle":17,"Pen Nib":11,"War Paint":4,"Frozen Egg 2":10,"Boot":2,"Blood Vial":12,"Calling Bell":16,"Dream Catcher":12,"DollysMirror":17,"betterThird:SlimedRelic":1,"Strawberry":16,"Molten Egg 2":16,"Red Mask":17,"Cracked Core":0},{"MerchantsRug":102,"Mark of the Bloom":121,"Inserter":41,"NeowsBlessing":0,"Happy Flower":3,"Torii":97,"Gremlin Horn":111,"Thread and Needle":102,"Pen Nib":66,"War Paint":12,"Frozen Egg 2":60,"Boot":2,"Blood Vial":73,"Calling Bell":97,"Dream Catcher":73,"DollysMirror":102,"betterThird:SlimedRelic":1,"Strawberry":97,"Molten Egg 2":97,"Red Mask":102,"Cracked Core":0}]},"card_choices":[{"not_picked":["Gash","Reprogram"],"picked":"Coolheaded","floor":1},{"not_picked":["Stack","Blizzard"],"picked":"Self Repair","floor":6},{"not_picked":["Leap","Chill"],"picked":"Heatsinks","floor":7},{"not_picked":["Tempest","Compile Driver"],"picked":"Amplify","floor":10},{"not_picked":["Chaos","Reprogram","Coolheaded"],"picked":"SKIP","floor":12},{"not_picked":["Rebound","Stack"],"picked":"White Noise","floor":14},{"not_picked":["Rainbow","Seek"],"picked":"Echo Form","floor":16},{"not_picked":["Rebound","Redo"],"picked":"Force Field","floor":18},{"not_picked":["Streamline","Leap+1"],"picked":"Hello World","floor":19},{"not_picked":["Hologram+1","Rebound"],"picked":"Defragment","floor":20},{"not_picked":["Cold Snap+1","Multi-Cast"],"picked":"Barrage+1","floor":23},{"not_picked":["Conserve Battery+1","Blizzard"],"picked":"Loop+1","floor":25},{"not_picked":["Compile Driver+1","Fusion"],"picked":"Loop+1","floor":28},{"not_picked":["Rebound","Conserve Battery","Reinforced Body"],"picked":"SKIP","floor":30},{"not_picked":["Steam","Gash"],"picked":"Static Discharge+1","floor":31},{"not_picked":["Reboot","Multi-Cast"],"picked":"Machine Learning+1","floor":33},{"not_picked":["Leap","Redo"],"picked":"Defragment+1","floor":35},{"not_picked":["Lockon+1","Darkness","Sweeping Beam+1"],"picked":"SKIP","floor":39},{"not_picked":["Compile Driver+1","Sweeping Beam+1"],"picked":"Ball Lightning+1","floor":40},{"not_picked":["Steam Power+1","Blizzard+1","Rebound+1"],"picked":"SKIP","floor":44},{"not_picked":["Undo+1","Conserve Battery+1"],"picked":"Self Repair+1","floor":47}],"player_experience":35588,"relics_obtained":[{"floor":6,"key":"Boot"},{"floor":9,"key":"Happy Flower"},{"floor":10,"key":"War Paint"},{"floor":22,"key":"Frozen Egg 2"},{"floor":23,"key":"Pen Nib"},{"floor":25,"key":"Blood Vial"},{"floor":26,"key":"Dream Catcher"},{"floor":34,"key":"Strawberry"},{"floor":34,"key":"Molten Egg 2"},{"floor":34,"key":"Torii"},{"floor":40,"key":"Gremlin Horn"}],"event_choices":[{"damage_healed":0,"gold_gain":0,"player_choice":"Slimed","damage_taken":11,"max_hp_gain":0,"max_hp_loss":0,"event_name":"betterThird:BetterGoop","floor":2,"gold_loss":40},{"damage_healed":0,"gold_gain":0,"player_choice":"RENOUNCE","damage_taken":6,"max_hp_gain":0,"max_hp_loss":0,"event_name":"betterThird:BetterSerpent","floor":4,"gold_loss":6,"cards_obtained":["Enlightenment"]},{"damage_healed":0,"gold_gain":0,"player_choice":"Upgraded","damage_taken":0,"max_hp_gain":0,"max_hp_loss":0,"event_name":"Upgrade Shrine","floor":5,"gold_loss":0,"cards_upgraded":["Zap"]},{"damage_healed":0,"gold_gain":0,"player_choice":"Full Heal","damage_taken":0,"max_hp_gain":0,"max_hp_loss":0,"event_name":"Wheel of Change","floor":13,"gold_loss":0},{"damage_healed":0,"gold_gain":99,"player_choice":"Steal","damage_taken":0,"max_hp_gain":0,"max_hp_loss":0,"event_name":"betterThird:BetterNest","floor":21,"gold_loss":0},{"damage_healed":0,"gold_gain":0,"player_choice":"Memory 1","damage_taken":0,"max_hp_gain":0,"max_hp_loss":0,"event_name":"SensoryStone","floor":36,"gold_loss":0},{"damage_healed":0,"gold_gain":0,"player_choice":"Paid","damage_taken":0,"relics_obtained":["Red Mask"],"max_hp_gain":0,"max_hp_loss":0,"event_name":"Tomb of Lord Red Mask","floor":38,"gold_loss":101},{"damage_healed":77,"gold_gain":0,"player_choice":"Heal","damage_taken":0,"max_hp_gain":0,"max_hp_loss":11,"event_name":"The Moai Head","floor":41,"gold_loss":0},{"damage_healed":0,"gold_gain":0,"player_choice":"Max HP","damage_taken":0,"max_hp_gain":0,"max_hp_loss":4,"event_name":"Winding Halls","floor":45,"gold_loss":0},{"damage_healed":0,"gold_gain":0,"player_choice":"Damaged","damage_taken":7,"max_hp_gain":0,"max_hp_loss":0,"event_name":"Wheel of Change","floor":46,"gold_loss":0},{"damage_healed":0,"gold_gain":0,"player_choice":"Upgrade","damage_taken":0,"relics_obtained":["Mark of the Bloom"],"max_hp_gain":0,"max_hp_loss":0,"event_name":"MindBloom","floor":48,"gold_loss":0,"cards_upgraded":["Strike_B","Strike_B","Strike_B","Strike_B","Defend_B","Defend_B","Defend_B","Dualcast","Self Repair","Self Repair","Force Field"]}],"is_beta":false,"boss_relics":[{"not_picked":["Tiny House","Runic Dome"],"picked":"Inserter"},{"not_picked":["SacredBark","FrozenCore"],"picked":"Calling Bell"}],"items_purged_floors":[37],"is_endless":false,"potions_floor_spawned":[6,7,14,20,23,25,28,33],"killed_by":"Time Eater","ascension_level":1}}