{"host":"tr0r177cvmpvg89h","time":1613492201,"event":{"mods":["BaseMod","Colored Map","DeckTracker","Minty Spire (QoL Compilation)","StSLib","SuperFastMode"],"gold_per_floor":[111,126,141,154,26,26,42,62,62,73,73,102,124,155,167,179,179],"floor_reached":16,"language":"KOR","playtime":1238,"items_purged":["Normality"],"score":108,"play_id":"b6328c20-34dd-4779-8dd9-6c75a104ea4a","local_time":"20210217011641","is_ascension_mode":false,"campfire_choices":[{"data":"True Grit","floor":11,"key":"SMITH"},{"data":"Clash","floor":15,"key":"SMITH"}],"circlet_count":0,"master_deck":["Strike_R","Strike_R","Strike_R","Strike_R","Defend_R","Defend_R","Defend_R","Defend_R","Bash","Intimidate","True Grit+1","Iron Wave","Clash","Headbutt","Evolve","Reckless Charge","Limit Break","Flex","Clash+1","Bloodletting"],"relics":["Burning Blood","Incense Burner","Juzu Bracelet","MawBank"],"acts_visited":["Exordium"],"potions_floor_usage":[12],"damage_taken":[{"damage":0,"enemies":"Small Slimes","floor":1,"turns":3},{"damage":1,"enemies":"Jaw Worm","floor":2,"turns":4},{"damage":7,"enemies":"Cultist","floor":3,"turns":5},{"damage":15,"enemies":"3 Louse","floor":4,"turns":5},{"damage":0,"enemies":"Lots of Slimes","floor":7,"turns":5},{"damage":1,"enemies":"Exordium Thugs","floor":8,"turns":5},{"damage":6,"enemies":"3 Louse","floor":10,"turns":4},{"damage":33,"enemies":"Gremlin Nob","floor":12,"turns":5},{"damage":11,"enemies":"Large Slime","floor":13,"turns":6},{"damage":0,"enemies":"2 Fungi Beasts","floor":14,"turns":2},{"damage":51,"enemies":"Slime Boss","floor":16,"turns":7}],"seed_played":"7504483187275746453","potions_obtained":[{"floor":1,"key":"SteroidPotion"},{"floor":3,"key":"Weak Potion"},{"floor":8,"key":"PowerPotion"}],"is_trial":false,"path_per_floor":["M","M","M","M","$","?","M","M","T","M","R","E","M","M","R","B"],"character_chosen":"IRONCLAD","items_purchased":["Headbutt"],"campfire_rested":0,"item_purchase_floors":[5],"current_hp_per_floor":[80,80,79,70,70,63,69,74,74,74,74,47,42,48,48,0,0],"gold":179,"neow_bonus":"ONE_RARE_RELIC","is_daily":false,"chose_seed":false,"campfire_upgraded":2,"win_rate":0.0,"timestamp":1613492201,"path_taken":["M","M","M","M","$","?","M","M","T","M","R","E","M","M","R","BOSS"],"items_purchased_type":["Card"],"build_version":"2020-12-22","purchased_purges":1,"victory":false,"max_hp_per_floor":[80,80,80,80,80,80,80,80,80,80,80,80,80,80,80,80,80],"card_choices":[{"not_picked":["True Grit","Shrug It Off"],"picked":"Intimidate","floor":1},{"not_picked":["Warcry","Flame Barrier"],"picked":"True Grit","floor":2},{"not_picked":["Fire Breathing","Burning Pact"],"picked":"Iron Wave","floor":3},{"not_picked":["Iron Wave","Pommel Strike"],"picked":"Clash","floor":4},{"not_picked":["Havoc","Body Slam"],"picked":"Evolve","floor":7},{"not_picked":["Pummel","Pommel Strike"],"picked":"Reckless Charge","floor":8},{"not_picked":["Perfected Strike","Heavy Blade"],"picked":"Limit Break","floor":10},{"not_picked":["Headbutt","Anger"],"picked":"Flex","floor":12},{"not_picked":["Feel No Pain","Dark Embrace"],"picked":"Clash","floor":13},{"not_picked":["Sword Boomerang","Body Slam"],"picked":"Bloodletting","floor":14}],"player_experience":60552,"relics_obtained":[{"floor":9,"key":"Juzu Bracelet"},{"floor":12,"key":"MawBank"}],"event_choices":[{"cards_removed":["Strike_R"],"damage_healed":0,"gold_gain":0,"player_choice":"Card Removal","damage_taken":7,"max_hp_gain":0,"max_hp_loss":0,"event_name":"Golden Wing","floor":6,"gold_loss":0}],"is_beta":false,"boss_relics":[],"items_purged_floors":[5],"is_endless":false,"potions_floor_spawned":[1,3,8,10],"killed_by":"Slime Boss","ascension_level":0}}