{"host":"Doisman","time":1613493649,"event":{"mods":["AchievementEnabler","BaseMod","Better Note","Curses Come First","Minty Spire (QoL Compilation)","Permanent Neow","Quick Restart","Relic Stats","Replay The Spire","StSLib","slay the spire mod where everything is the same but ironclad has a cowboy hat"],"gold_per_floor":[117,128,128,141,155,155,180,180,180,190,202,277,297,297,297,400,400,419,419,419,436,436,469,469,479,479,141,154,168,168,178,178,276,276,295,295,314,32,82,112,112,39,39,92,107,140,140,167,167,167],"floor_reached":51,"language":"ENG","playtime":2017,"items_purged":["Pain","Strike_R"],"score":924,"play_id":"ab0438ae-6116-4e83-b163-a8df45e724af","local_time":"20210216104049","is_ascension_mode":true,"campfire_choices":[{"data":"Perfected Strike","floor":6,"key":"SMITH"},{"data":"Bash","floor":8,"key":"SMITH"},{"data":"Replay:Undeath\u0027s Touch","floor":15,"key":"SMITH"},{"data":"Uppercut","floor":30,"key":"SMITH"},{"data":"ReplayUltimateDefense","floor":32,"key":"SMITH"},{"data":"Demon Form","floor":41,"key":"SMITH"},{"data":"Uppercut","floor":47,"key":"SMITH"},{"data":"Flame Barrier","floor":49,"key":"SMITH"}],"circlet_count":0,"master_deck":["Defend_R","Defend_R","Defend_R","Defend_R","Bash+1","Flame Barrier+1","Replay:Undeath\u0027s Touch+1","Berserk","Whirlwind+1","Sever Soul+1","Replay:Many Hands+1","Shrug It Off","Burning Pact+1","Uppercut+1","ReplayUltimateDefense+1","Flame Barrier+1","Uppercut+1","Demon Form+1","Uppercut+1","Flame Barrier","Dark Embrace+1"],"relics":["Snecko Heart","Unceasing Top","Astrolabe","Pocketwatch","WarpedTongs","Bottled Lightning","Empty Cage","Replay:Rubber Ducky","Bird Faced Urn","Ornamental Fan","Mango","Charon\u0027s Ashes","Red Skull","Replay:Baseball"],"acts_visited":["Exordium","TheCity","TheBeyond"],"potions_floor_usage":[16,23,33,33,40,44,50,50,50],"damage_taken":[{"damage":0,"enemies":"2 Louse","floor":1,"turns":3},{"damage":1,"enemies":"Cultist","floor":2,"turns":3},{"damage":0,"enemies":"Jaw Worm","floor":4,"turns":3},{"damage":0,"enemies":"Looter","floor":5,"turns":3},{"damage":6,"enemies":"Gremlin Nob","floor":7,"turns":4},{"damage":0,"enemies":"Exordium Thugs","floor":10,"turns":3},{"damage":0,"enemies":"3 Louse","floor":11,"turns":3},{"damage":0,"enemies":"Looter","floor":13,"turns":2},{"damage":1,"enemies":"Slime Boss","floor":16,"turns":8},{"damage":0,"enemies":"3 Byrds","floor":18,"turns":2},{"damage":0,"enemies":"Chosen","floor":21,"turns":3},{"damage":10,"enemies":"Book of Stabbing","floor":23,"turns":4},{"damage":15,"enemies":"Snake Plant","floor":25,"turns":4},{"damage":0,"enemies":"Snecko","floor":28,"turns":3},{"damage":1,"enemies":"Centurion and Healer","floor":29,"turns":4},{"damage":0,"enemies":"Snake Plant","floor":31,"turns":5},{"damage":0,"enemies":"Champ","floor":33,"turns":11},{"damage":7,"enemies":"3 Shapes","floor":35,"turns":5},{"damage":2,"enemies":"3 Darklings","floor":37,"turns":3},{"damage":0,"enemies":"Mind Bloom Boss Battle","floor":39,"turns":6},{"damage":0,"enemies":"Nemesis","floor":40,"turns":9},{"damage":0,"enemies":"2 Orb Walkers","floor":44,"turns":5},{"damage":0,"enemies":"Writhing Mass","floor":45,"turns":5},{"damage":0,"enemies":"Reptomancer","floor":46,"turns":7},{"damage":0,"enemies":"Giant Head","floor":48,"turns":8},{"damage":24,"enemies":"Donu and Deca","floor":50,"turns":7}],"seed_played":"1397898019426065633","potions_obtained":[{"floor":1,"key":"Adrenaline Potion"},{"floor":7,"key":"SkillPotion"},{"floor":10,"key":"PowerPotion"},{"floor":16,"key":"Strength Potion"},{"floor":23,"key":"Strength Potion"},{"floor":25,"key":"Energy Potion"},{"floor":35,"key":"Adrenaline Potion"},{"floor":44,"key":"SpeedPotion"},{"floor":46,"key":"SteroidPotion"}],"is_trial":false,"path_per_floor":["M","M","?","M","M","R","E","R","T","M","M","?","M","?","R","B",null,"M","?","?","M","?","E","?","M","T","$","M","M","R","M","R","B",null,"M","?","M","$","?","E","R","$","T","?","M","E","R","E","R","B",null],"character_chosen":"IRONCLAD","items_purchased":["ReplayUltimateDefense","Flame Barrier","Replay:Rubber Ducky","Uppercut","DuplicationPotion"],"campfire_rested":0,"item_purchase_floors":[27,27,38,38,42],"current_hp_per_floor":[80,79,72,72,72,72,66,66,66,66,66,58,58,58,58,57,80,80,80,80,80,80,70,70,55,55,55,55,54,54,54,54,54,80,73,73,71,71,71,77,77,77,91,94,94,94,94,94,94,78],"gold":167,"neow_bonus":"BOSS_RELIC","is_daily":false,"chose_seed":false,"campfire_upgraded":8,"win_rate":0.0,"timestamp":1613493649,"path_taken":["M","M","?","M","M","R","E","R","T","M","M","?","?","?","R","BOSS","M","?","?","M","?","E","?","?","T","$","M","M","R","M","R","BOSS","M","?","M","$","?","E","R","$","T","?","M","E","R","E","R","BOSS"],"items_purchased_type":["Card","Card","Relic","Card","Potion"],"build_version":"2020-12-18","purchased_purges":2,"victory":true,"max_hp_per_floor":[80,80,80,80,80,80,80,80,80,80,80,80,80,80,80,80,80,80,80,80,80,80,80,80,80,80,80,80,80,80,80,80,80,80,80,80,80,80,80,80,80,80,94,94,94,94,94,94,94,94],"relic_stats":{"counters":[26,123],"Ornamental Fan":[24],"Astrolabe":["Whirlwind","Sever Soul","Replay:Many Hands"],"Bird Faced Urn":[17],"Charon\u0027s Ashes":[57],"obtain_stats":[{"Snecko Heart":0,"Astrolabe":17,"Mango":43,"Charon\u0027s Ashes":44,"Empty Cage":34,"Burning Blood":0,"WarpedTongs":24,"Replay:Rubber Ducky":38,"Replay:Baseball":48,"Ornamental Fan":40,"Bird Faced Urn":39,"Bottled Lightning":26,"Unceasing Top":9,"Red Skull":46,"Pocketwatch":23},{"Snecko Heart":0,"Astrolabe":9,"Mango":21,"Charon\u0027s Ashes":22,"Empty Cage":17,"Burning Blood":0,"WarpedTongs":12,"Replay:Rubber Ducky":19,"Replay:Baseball":25,"Ornamental Fan":21,"Bird Faced Urn":20,"Bottled Lightning":13,"Unceasing Top":5,"Red Skull":24,"Pocketwatch":12},{"Snecko Heart":0,"Astrolabe":32,"Mango":91,"Charon\u0027s Ashes":96,"Empty Cage":68,"Burning Blood":0,"WarpedTongs":41,"Replay:Rubber Ducky":76,"Replay:Baseball":116,"Ornamental Fan":91,"Bird Faced Urn":82,"Bottled Lightning":45,"Unceasing Top":16,"Red Skull":108,"Pocketwatch":41}],"Unceasing Top":[10],"Pocketwatch":[54],"WarpedTongs":[73]},"card_choices":[{"not_picked":["Sentinel","Anger","Run Through"],"picked":"SKIP","floor":1},{"not_picked":["Massacre","Dropkick"],"picked":"Perfected Strike","floor":2},{"not_picked":["Wild Strike","Headbutt"],"picked":"Flame Barrier","floor":4},{"not_picked":["Flex","Sever Soul","Flame Barrier"],"picked":"SKIP","floor":5},{"not_picked":["Offering","Replay:Many Hands","Flex"],"picked":"SKIP","floor":7},{"not_picked":["Pummel","Dual Wield","Abandon"],"picked":"SKIP","floor":10},{"not_picked":["Massacre","Twin Strike"],"picked":"Replay:Undeath\u0027s Touch","floor":11},{"not_picked":["Headbutt","Anger"],"picked":"Entrench","floor":13},{"not_picked":["Corruption","Double Tap"],"picked":"Berserk","floor":16},{"not_picked":["Armaments+1","Pummel"],"picked":"Shrug It Off","floor":18},{"not_picked":["Warcry","Metallicize"],"picked":"Burning Pact+1","floor":21},{"not_picked":["Shrug It Off","Cleave"],"picked":"Uppercut","floor":23},{"not_picked":["ReplayTheSpireMod:Muscle Training","Iron Wave","Body Slam"],"picked":"SKIP","floor":25},{"not_picked":["ReplayTheSpireMod:Limb From Limb","True Grit"],"picked":"Uppercut+1","floor":28},{"not_picked":["Wild Strike","Seeing Red","Armaments"],"picked":"SKIP","floor":29},{"not_picked":["Wild Strike","Seeing Red","Armaments"],"picked":"SKIP","floor":29},{"not_picked":["Replay:Undeath\u0027s Touch+1","Thunderclap","Warcry"],"picked":"SKIP","floor":31},{"not_picked":["Impervious","Juggernaut"],"picked":"Demon Form","floor":33},{"not_picked":["Armaments+1","Warcry+1","Cleave"],"picked":"SKIP","floor":35},{"not_picked":["Pummel+1","Wild Strike","Anger+1"],"picked":"SKIP","floor":37},{"not_picked":["Offering","Flex+1"],"picked":"Flame Barrier","floor":39},{"not_picked":["Wild Strike+1","Massacre+1","Offering"],"picked":"SKIP","floor":40},{"not_picked":["Flex","Wild Strike"],"picked":"Dark Embrace+1","floor":45},{"not_picked":["Rupture+1","ReplayReversal+1","Dual Wield"],"picked":"SKIP","floor":46},{"not_picked":["Armaments+1","ReplayTheSpireMod:Limb From Limb","Anger+1"],"picked":"SKIP","floor":48}],"player_experience":1132403,"relics_obtained":[{"floor":9,"key":"Unceasing Top"},{"floor":23,"key":"Pocketwatch"},{"floor":26,"key":"Bottled Lightning"},{"floor":39,"key":"Bird Faced Urn"},{"floor":40,"key":"Ornamental Fan"},{"floor":43,"key":"Mango"},{"floor":44,"key":"Charon\u0027s Ashes"},{"floor":46,"key":"Red Skull"},{"floor":48,"key":"Replay:Baseball"}],"event_choices":[{"cards_removed":["Strike_R"],"damage_healed":0,"gold_gain":0,"player_choice":"Card Removal","damage_taken":7,"max_hp_gain":0,"max_hp_loss":0,"event_name":"Golden Wing","floor":3,"gold_loss":0},{"damage_healed":0,"gold_gain":75,"player_choice":"Touch","damage_taken":8,"max_hp_gain":0,"max_hp_loss":0,"event_name":"FaceTrader","floor":12,"gold_loss":0},{"damage_healed":0,"gold_gain":0,"player_choice":"Grow","damage_taken":0,"max_hp_gain":0,"max_hp_loss":0,"event_name":"Living Wall","floor":14,"gold_loss":0,"cards_upgraded":["Flame Barrier"]},{"damage_healed":0,"gold_gain":0,"player_choice":"Ignored","damage_taken":0,"max_hp_gain":0,"max_hp_loss":0,"event_name":"betterNote:BetterNote","floor":19,"gold_loss":0,"cards_obtained":["Die Die Die"]},{"damage_healed":0,"gold_gain":0,"player_choice":"Rummage","damage_taken":0,"relics_obtained":["WarpedTongs"],"max_hp_gain":0,"max_hp_loss":0,"event_name":"Accursed Blacksmith","floor":24,"gold_loss":0,"cards_obtained":["Pain"]},{"damage_healed":0,"gold_gain":0,"player_choice":"Ignored","damage_taken":0,"max_hp_gain":0,"max_hp_loss":0,"event_name":"Tomb of Lord Red Mask","floor":36,"gold_loss":0},{"damage_healed":0,"gold_gain":0,"player_choice":"Fight","damage_taken":0,"max_hp_gain":0,"max_hp_loss":0,"event_name":"MindBloom","floor":39,"gold_loss":0},{"damage_healed":0,"gold_gain":0,"player_choice":"Fight","damage_taken":0,"max_hp_gain":0,"max_hp_loss":0,"event_name":"Mysterious Sphere","floor":44,"gold_loss":0}],"is_beta":true,"boss_relics":[{"not_picked":["Abe\u0027s Treasure","Replay:Wanted Poster"],"picked":"Astrolabe"},{"not_picked":["Coffee Dripper","Runic Pyramid"],"picked":"Empty Cage"}],"items_purged_floors":[27,38],"is_endless":false,"potions_floor_spawned":[1,7,10,11,13,16,18,23,25,35,44,46],"ascension_level":1}}