{"host":"x7u3amoxy3d4heu5","time":1613499932,"event":{"mods":["BaseMod","Colored Map","DeckTracker","Downfall","Hermit","Hubris","Infinite Spire","Marisa????????","Minty Spire (QoL Compilation)","Quick Restart","Replay The Spire","StSLib","The Cursed","The IronCluck","The Jungle","The Servant 0.9.4","The Wild Card","Unceasing Turn Reminder","slay the spire mod where everything is the same but ironclad has a cowboy hat"],"gold_per_floor":[113,41,41,61,61,94,94,72,72,85,111,131,156,167,167,167,167,167],"floor_reached":16,"language":"ENG","playtime":1948,"items_purged":[],"score":144,"play_id":"24ca78dd-ffe3-4d9e-8fcf-3e4be725b201","local_time":"20210216112532","is_ascension_mode":true,"campfire_choices":[{"data":"Guardian:TwinSlam","floor":7,"key":"SMITH"}],"circlet_count":0,"master_deck":["Guardian:Strike_Guardian","Guardian:Strike_Guardian","Guardian:Strike_Guardian","Guardian:Strike_Guardian","Guardian:Defend_Guardian","Guardian:Defend_Guardian","Guardian:Defend_Guardian","Guardian:Defend_Guardian","Guardian:CurlUp+1","Guardian:TwinSlam+1","Guardian:ArmoredProtocol","Guardian:AncientConstruct","Guardian:Recover","Guardian:DonusPower","Guardian:PrismaticBarrier"],"relics":["sneckomod:SneckoSoul","FaceOfCleric","infinitespire:Cubic Diamond","infinitespire:Eraser","MealTicket","Potion Belt"],"acts_visited":["Exordium"],"potions_floor_usage":[12,13,16],"damage_taken":[{"damage":2,"enemies":"Jaw Worm","floor":1,"turns":4},{"damage":0,"enemies":"Cultist","floor":4,"turns":5},{"damage":34,"enemies":"Gremlin Nob","floor":6,"turns":7},{"damage":0,"enemies":"2 Louse","floor":10,"turns":4},{"damage":25,"enemies":"3 Sentries","floor":11,"turns":11},{"damage":19,"enemies":"Exordium Thugs","floor":12,"turns":4},{"damage":5,"enemies":"Lagavulin","floor":13,"turns":8},{"damage":11,"enemies":"Looter","floor":14,"turns":4},{"damage":16,"enemies":"Hexaghost","floor":16,"turns":11}],"seed_played":"2081920829166419356","potions_obtained":[{"floor":4,"key":"FairyPotion"},{"floor":11,"key":"Fire Potion"},{"floor":12,"key":"Slimebound:ThreeZeroPotion"},{"floor":13,"key":"Adrenaline Potion"},{"floor":15,"key":"BlessingOfTheForge"},{"floor":15,"key":"FearPotion"}],"is_trial":false,"path_per_floor":["M","$","?","M","?","E","R","$","T","M","E","M","E","M","R_BF","B"],"character_chosen":"GUARDIAN","items_purchased":["Guardian:AncientConstruct","Guardian:Recover"],"campfire_rested":0,"item_purchase_floors":[2,8],"current_hp_per_floor":[78,78,78,79,79,46,46,46,46,47,23,5,26,16,16,0,0,0],"gold":167,"neow_bonus":"RANDOM_EVENT","is_daily":false,"chose_seed":false,"campfire_upgraded":1,"win_rate":0.0,"timestamp":1613499932,"path_taken":["M","$","?","?","?","E","R","?","T","M","E","?","E","M","R_BF","BOSS"],"items_purchased_type":["Card","Card"],"build_version":"2020-12-22","purchased_purges":0,"victory":false,"max_hp_per_floor":[80,80,80,81,81,82,82,82,82,83,84,85,86,87,87,87,87,87],"card_choices":[{"not_picked":["Guardian:WalkerClaw","Guardian:Gem_Red"],"picked":"Guardian:ArmoredProtocol","floor":1},{"not_picked":["Guardian:ShieldCharger","Guardian:Orbwalk"],"picked":"Guardian:Gem_Purple","floor":4},{"not_picked":["Guardian:StasisStrike","Guardian:BronzeArmor"],"picked":"Guardian:Gem_Fragmented","floor":6},{"not_picked":["Guardian:Gem_Green","Guardian:ChargeUp"],"picked":"Guardian:Gem_Cyan","floor":10},{"not_picked":["Guardian:WalkerClaw","Guardian:TimeBomb"],"picked":"Guardian:DonusPower","floor":11},{"not_picked":["Guardian:Recover","Guardian:Gem_Lightblue"],"picked":"Guardian:Gem_Crimson","floor":12},{"not_picked":["Guardian:GuardianWhirl","Guardian:ShieldCharger"],"picked":"Guardian:PrismaticBarrier","floor":13},{"not_picked":["Guardian:Planning","Guardian:Incinerate"],"picked":"Guardian:Gem_White","floor":14}],"player_experience":963425,"relics_obtained":[{"floor":6,"key":"infinitespire:Eraser"},{"floor":11,"key":"MealTicket"},{"floor":13,"key":"Potion Belt"}],"event_choices":[{"damage_healed":0,"gold_gain":0,"player_choice":"Grow","damage_taken":0,"max_hp_gain":0,"max_hp_loss":0,"event_name":"Living Wall","floor":0,"gold_loss":0,"cards_upgraded":["Guardian:CurlUp"]},{"damage_healed":0,"gold_gain":0,"player_choice":"Trade","damage_taken":0,"relics_obtained":["FaceOfCleric"],"max_hp_gain":0,"max_hp_loss":0,"event_name":"FaceTrader","floor":3,"gold_loss":0}],"is_beta":false,"boss_relics":[],"items_purged_floors":[],"is_endless":false,"potions_floor_spawned":[4,11,12,13],"killed_by":"Hexaghost","ascension_level":4}}