{"host":"t7mx8yfj1no5p62f","time":1613489372,"event":{"mods":["BaseMod","Colored Map","Colored Powertips","Curses Come First","Minty Spire (QoL Compilation)","Relic Stats","StSLib"],"gold_per_floor":[114,114,131,131,144,144,170,182,182,207,218,218,253,268,268,342,342,359,244,262,262,187,187,212,227,305,305,324,336,356,374,374,374,374],"floor_reached":33,"language":"ENG","playtime":1320,"items_purged":["Strike_R"],"score":562,"play_id":"7e829476-2cd0-4867-b0ea-c03c25c1df2d","local_time":"20210216102932","is_ascension_mode":true,"campfire_choices":[{"data":"Evolve","floor":6,"key":"SMITH"},{"data":"Intimidate","floor":12,"key":"SMITH"},{"data":"Anger","floor":15,"key":"SMITH"},{"data":"True Grit","floor":23,"key":"SMITH"},{"data":"Demon Form","floor":32,"key":"SMITH"}],"circlet_count":0,"master_deck":["AscendersBane","Strike_R","Strike_R","Strike_R","Defend_R","Defend_R","Defend_R","Defend_R","Bash","Perfected Strike","Rage+1","Evolve+1","Anger+1","Reckless Charge","Intimidate+1","Impervious","True Grit+1","Burning Pact","Demon Form+1","Pommel Strike+1","Power Through","Sentinel+1","Armaments"],"relics":["Burning Blood","Toy Ornithopter","Turnip","MealTicket","Akabeko","Bag of Marbles","Dream Catcher","Coffee Dripper","Enchiridion","StrikeDummy","Pear"],"acts_visited":["Exordium","TheCity"],"potions_floor_usage":[10,13,16,24,25,33],"damage_taken":[{"damage":7,"enemies":"Jaw Worm","floor":1,"turns":3},{"damage":6,"enemies":"2 Louse","floor":3,"turns":3},{"damage":12,"enemies":"Small Slimes","floor":5,"turns":3},{"damage":10,"enemies":"3 Louse","floor":8,"turns":4},{"damage":15,"enemies":"3 Sentries","floor":10,"turns":8},{"damage":16,"enemies":"Exordium Wildlife","floor":11,"turns":5},{"damage":15,"enemies":"Lagavulin","floor":13,"turns":5},{"damage":5,"enemies":"Gremlin Gang","floor":14,"turns":4},{"damage":29,"enemies":"Hexaghost","floor":16,"turns":8},{"damage":16,"enemies":"Spheric Guardian","floor":18,"turns":6},{"damage":9,"enemies":"3 Byrds","floor":20,"turns":7},{"damage":33,"enemies":"Slavers","floor":24,"turns":5},{"damage":18,"enemies":"Shelled Parasite and Fungi","floor":25,"turns":6},{"damage":3,"enemies":"3 Cultists","floor":28,"turns":6},{"damage":0,"enemies":"Snake Plant","floor":29,"turns":3},{"damage":17,"enemies":"Snecko","floor":30,"turns":4},{"damage":30,"enemies":"3 Cultists","floor":31,"turns":6},{"damage":17,"enemies":"Champ","floor":33,"turns":13}],"seed_played":"9148322104218214900","potions_obtained":[{"floor":3,"key":"DuplicationPotion"},{"floor":5,"key":"Block Potion"},{"floor":11,"key":"ElixirPotion"},{"floor":13,"key":"SkillPotion"},{"floor":20,"key":"PowerPotion"},{"floor":24,"key":"GamblersBrew"},{"floor":25,"key":"ElixirPotion"},{"floor":28,"key":"Block Potion"}],"is_trial":false,"path_per_floor":["M","?","M","?","M","R","T","M","T","E","M","R","E","M","R","B",null,"M","$","M","?","?","R","E","M","T","?","M","M","M","M","R","B"],"character_chosen":"IRONCLAD","items_purchased":["Burning Pact"],"campfire_rested":0,"item_purchase_floors":[19],"current_hp_per_floor":[67,56,56,56,50,50,50,46,46,42,32,32,28,29,29,11,59,49,64,61,40,40,40,18,11,21,38,41,47,36,12,12,0,0],"gold":374,"neow_bonus":"RANDOM_COMMON_RELIC","is_daily":false,"chose_seed":false,"campfire_upgraded":5,"win_rate":0.0,"timestamp":1613489372,"path_taken":["M","?","M","?","M","R","?","M","T","E","M","R","E","M","R","BOSS","M","$","M","?","?","R","E","M","T","?","M","?","M","M","R","BOSS"],"items_purchased_type":["Card"],"build_version":"2020-12-22","purchased_purges":1,"victory":false,"max_hp_per_floor":[75,75,75,75,75,75,75,75,75,75,75,75,75,75,75,75,75,75,75,75,75,75,75,75,75,85,85,85,85,85,85,85,85,85],"relic_stats":{"Dream Catcher":0,"counters":[18,99],"MealTicket":15,"Turnip":[17],"obtain_stats":[{"Dream Catcher":13,"Pear":26,"Enchiridion":21,"MealTicket":7,"Turnip":2,"Bag of Marbles":10,"Coffee Dripper":17,"StrikeDummy":24,"Burning Blood":0,"Toy Ornithopter":0,"Akabeko":9},{"Dream Catcher":7,"Pear":13,"Enchiridion":11,"MealTicket":3,"Turnip":1,"Bag of Marbles":5,"Coffee Dripper":9,"StrikeDummy":12,"Burning Blood":0,"Toy Ornithopter":0,"Akabeko":4},{"Dream Catcher":31,"Pear":67,"Enchiridion":56,"MealTicket":9,"Turnip":3,"Bag of Marbles":21,"Coffee Dripper":43,"StrikeDummy":61,"Burning Blood":0,"Toy Ornithopter":0,"Akabeko":13}],"Burning Blood":102,"Toy Ornithopter":30},"card_choices":[{"not_picked":["True Grit","Dual Wield"],"picked":"Perfected Strike","floor":1},{"not_picked":["Headbutt","Searing Blow"],"picked":"Rage","floor":3},{"not_picked":["Seeing Red","Armaments"],"picked":"Evolve","floor":5},{"not_picked":["Fire Breathing","Combust"],"picked":"Anger","floor":8},{"not_picked":["Sentinel","Iron Wave"],"picked":"Reckless Charge","floor":10},{"not_picked":["Cleave","Headbutt"],"picked":"Intimidate","floor":11},{"not_picked":["Perfected Strike","Whirlwind","Heavy Blade"],"picked":"SKIP","floor":13},{"not_picked":["Dropkick","Cleave","Twin Strike"],"picked":"SKIP","floor":14},{"not_picked":["Bludgeon","Fiend Fire"],"picked":"Impervious","floor":16},{"not_picked":["Iron Wave","Headbutt"],"picked":"True Grit","floor":18},{"not_picked":["Thunderclap","Iron Wave","Anger"],"picked":"SKIP","floor":20},{"not_picked":["Heavy Blade","Dual Wield"],"picked":"Demon Form","floor":24},{"not_picked":["Shrug It Off","Evolve"],"picked":"Pommel Strike+1","floor":25},{"not_picked":["Bloodletting","Disarm"],"picked":"Power Through","floor":28},{"not_picked":["Sever Soul","Rampage"],"picked":"Sentinel+1","floor":29},{"not_picked":["Clothesline","Pummel","Iron Wave"],"picked":"SKIP","floor":30},{"not_picked":["Armaments","Wild Strike","Intimidate"],"picked":"SKIP","floor":31},{"not_picked":["Wild Strike","Intimidate"],"picked":"Armaments","floor":31}],"player_experience":1969372,"relics_obtained":[{"floor":7,"key":"MealTicket"},{"floor":9,"key":"Akabeko"},{"floor":10,"key":"Bag of Marbles"},{"floor":13,"key":"Dream Catcher"},{"floor":21,"key":"Enchiridion"},{"floor":24,"key":"StrikeDummy"},{"floor":26,"key":"Pear"}],"event_choices":[{"damage_healed":0,"gold_gain":0,"player_choice":"Success","damage_taken":11,"relics_obtained":["Turnip"],"max_hp_gain":0,"max_hp_loss":0,"event_name":"Scrap Ooze","floor":2,"gold_loss":0},{"damage_healed":0,"gold_gain":0,"player_choice":"Grow","damage_taken":0,"max_hp_gain":0,"max_hp_loss":0,"event_name":"Living Wall","floor":4,"gold_loss":0,"cards_upgraded":["Rage"]},{"damage_healed":0,"gold_gain":0,"player_choice":"Obtained Book","damage_taken":21,"max_hp_gain":0,"max_hp_loss":0,"event_name":"Cursed Tome","floor":21,"gold_loss":0},{"cards_removed":["Strike_R"],"damage_healed":0,"gold_gain":0,"player_choice":"Gave Gold","damage_taken":0,"max_hp_gain":0,"max_hp_loss":0,"event_name":"Beggar","floor":22,"gold_loss":75},{"damage_healed":17,"gold_gain":0,"player_choice":"Heal","damage_taken":0,"max_hp_gain":0,"max_hp_loss":0,"event_name":"The Library","floor":27,"gold_loss":0}],"is_beta":false,"boss_relics":[{"not_picked":["Cursed Key","Calling Bell"],"picked":"Coffee Dripper"}],"items_purged_floors":[19],"is_endless":false,"potions_floor_spawned":[3,5,11,13,20,24,25,28],"killed_by":"Champ","ascension_level":20}}