{"host":"bf5upntvbdompq33","time":1613447164,"event":{"mods":["BaseMod","Bestiary","Colored Map","Colored Powertips","Curses Come First","Highlight Path","Minty Spire (QoL Compilation)","StSLib","ojb\u0027s Info Mod"],"gold_per_floor":[115,215,232,249,249,249,47,12,63,138,154,154,186,12,12,91,91,110,125,144,69,69,104,104,116,116,116,116,116,116,116,116],"floor_reached":31,"language":"ENG","playtime":1845,"items_purged":["Strike_R"],"score":597,"play_id":"ca61614d-e9d5-4470-ae9e-0544885ccca7","local_time":"20210215204604","is_ascension_mode":true,"campfire_choices":[{"data":"Iron Wave","floor":6,"key":"SMITH"},{"data":"Whirlwind","floor":12,"key":"SMITH"},{"data":"Madness","floor":15,"key":"SMITH"},{"floor":24,"key":"REST"},{"data":"Feed","floor":27,"key":"SMITH"},{"floor":29,"key":"REST"}],"circlet_count":0,"master_deck":["AscendersBane","Strike_R","Strike_R+1","Strike_R","Strike_R","Defend_R","Defend_R","Defend_R","Defend_R","Bash+1","Burning Pact","Reckless Charge","Iron Wave+1","Whirlwind+1","Hemokinesis","Flash of Steel","Uppercut","Barricade","Madness+1","Power Through","Feed+1","Spot Weakness","Wild Strike+1","Flex","Writhe","Juggernaut","Disarm","Shrug It Off"],"relics":["Burning Blood","Akabeko","Strawberry","Du-Vu Doll","Philosopher\u0027s Stone","Calipers","White Beast Statue","Dream Catcher","Enchiridion"],"acts_visited":["Exordium","TheCity"],"potions_floor_usage":[13,23,31,31],"damage_taken":[{"damage":5,"enemies":"Small Slimes","floor":1,"turns":3},{"damage":6,"enemies":"Cultist","floor":3,"turns":4},{"damage":12,"enemies":"Jaw Worm","floor":4,"turns":2},{"damage":0,"enemies":"3 Louse","floor":11,"turns":1},{"damage":46,"enemies":"Lagavulin","floor":13,"turns":8},{"damage":11,"enemies":"Slime Boss","floor":16,"turns":8},{"damage":0,"enemies":"Spheric Guardian","floor":18,"turns":1},{"damage":25,"enemies":"Shell Parasite","floor":19,"turns":4},{"damage":42,"enemies":"Centurion and Healer","floor":20,"turns":7},{"damage":20,"enemies":"Book of Stabbing","floor":23,"turns":4},{"damage":11,"enemies":"Snecko","floor":25,"turns":3},{"damage":40,"enemies":"Slavers","floor":31,"turns":2}],"seed_played":"525945046014628588","potions_obtained":[{"floor":1,"key":"LiquidBronze"},{"floor":11,"key":"Ancient Potion"},{"floor":19,"key":"ColorlessPotion"},{"floor":25,"key":"Dexterity Potion"}],"is_trial":false,"path_per_floor":["M","?","M","M","?","R","$","?","T","?","M","R","E","$","R","B",null,"M","M","M","$","?","E","R","M","T","R","?","R","?","E"],"character_chosen":"IRONCLAD","items_purchased":["Whirlwind","Hemokinesis","Flash of Steel","Madness","Power Through"],"campfire_rested":2,"item_purchase_floors":[7,7,7,14,14],"current_hp_per_floor":[69,69,69,63,48,48,48,66,73,62,68,68,28,28,28,23,67,73,54,21,21,21,7,32,27,27,27,11,36,36,0,0],"gold":116,"neow_bonus":"RANDOM_COMMON_RELIC","is_daily":false,"chose_seed":false,"campfire_upgraded":4,"win_rate":0.0,"timestamp":1613447164,"path_taken":["M","?","?","M","?","R","$","?","T","?","M","R","E","?","R","BOSS","M","M","M","$","?","E","R","M","T","R","?","R","?","E"],"items_purchased_type":["Card","Card","Card","Card","Card"],"build_version":"2020-12-22","purchased_purges":1,"victory":false,"max_hp_per_floor":[75,75,75,75,75,75,75,75,82,82,82,82,82,82,82,82,82,82,82,85,85,85,85,85,85,85,85,85,85,85,85,85],"card_choices":[{"not_picked":["True Grit","Second Wind"],"picked":"Burning Pact","floor":1},{"not_picked":["Rupture","Second Wind"],"picked":"Reckless Charge","floor":3},{"not_picked":["Havoc","Pummel"],"picked":"Iron Wave","floor":4},{"not_picked":["Anger","Armaments"],"picked":"Uppercut","floor":11},{"not_picked":["Reckless Charge","Clash"],"picked":"Barricade","floor":13},{"not_picked":["Corruption","Berserk"],"picked":"Feed","floor":16},{"not_picked":["Anger","Rupture"],"picked":"Spot Weakness","floor":18},{"not_picked":["Twin Strike","Second Wind"],"picked":"Wild Strike+1","floor":19},{"not_picked":["Thunderclap","Feel No Pain+1"],"picked":"Flex","floor":20},{"not_picked":["Thunderclap","Twin Strike","True Grit"],"picked":"SKIP","floor":23},{"not_picked":["Havoc+1","Heavy Blade"],"picked":"Juggernaut","floor":25},{"not_picked":["Perfected Strike","Armaments"],"picked":"Disarm","floor":29}],"player_experience":1596007,"relics_obtained":[{"floor":9,"key":"Strawberry"},{"floor":13,"key":"Du-Vu Doll"},{"floor":23,"key":"White Beast Statue"},{"floor":26,"key":"Dream Catcher"},{"floor":28,"key":"Enchiridion"}],"event_choices":[{"damage_healed":0,"gold_gain":100,"player_choice":"Gold","damage_taken":0,"max_hp_gain":0,"max_hp_loss":0,"event_name":"Wheel of Change","floor":2,"gold_loss":0},{"damage_healed":0,"gold_gain":0,"player_choice":"Entered Light","damage_taken":15,"max_hp_gain":0,"max_hp_loss":0,"event_name":"Shining Light","floor":5,"gold_loss":0,"cards_upgraded":["Strike_R","Bash"]},{"damage_healed":18,"gold_gain":0,"player_choice":"Healed","damage_taken":0,"max_hp_gain":0,"max_hp_loss":0,"event_name":"The Cleric","floor":8,"gold_loss":35},{"damage_healed":0,"gold_gain":75,"player_choice":"Gather Gold","damage_taken":11,"max_hp_gain":0,"max_hp_loss":0,"event_name":"World of Goop","floor":10,"gold_loss":0},{"damage_healed":0,"gold_gain":0,"player_choice":"Opened","damage_taken":0,"relics_obtained":["Calipers"],"max_hp_gain":0,"max_hp_loss":0,"event_name":"The Mausoleum","floor":22,"gold_loss":0,"cards_obtained":["Writhe"]},{"damage_healed":0,"gold_gain":0,"player_choice":"Obtained Book","damage_taken":16,"max_hp_gain":0,"max_hp_loss":0,"event_name":"Cursed Tome","floor":28,"gold_loss":0},{"damage_healed":0,"gold_gain":0,"player_choice":"Read","damage_taken":0,"max_hp_gain":0,"max_hp_loss":0,"event_name":"The Library","floor":30,"gold_loss":0,"cards_obtained":["Shrug It Off"]}],"is_beta":false,"boss_relics":[{"not_picked":["Velvet Choker","Runic Cube"],"picked":"Philosopher\u0027s Stone"}],"items_purged_floors":[21],"is_endless":false,"potions_floor_spawned":[1,11,19,20,25],"killed_by":"Slavers","ascension_level":14}}