{"host":"mgc7o2tpy0ck407l","time":1613502997,"event":{"mods":["Alarm Clock","BaseMod","Better Altar","Better Match","Better Note","Better Sensory Stone","Better Skull","Better Third Choice","Better Vampires","BetterRewards","Block Reminder","Bossed Relics","Challenge The Spire","Colored Map","Colored Powertips","Curses Come First","DeckTracker","Disable Question Mark Monsters","Displayed Cursed Tome","Infinite Spire","Key Reminder","Minty Spire (QoL Compilation)","Permanent Neow","Quick Restart","Rare Cards Sparkle","Relic Sorter","Reliquary","Reorder Act Four","Replay The Spire","Shop Mod","Smile Girya","Spicy Shops","StSLib","SuperFastMode","Transform Curses","Unceasing Turn Reminder"],"gold_per_floor":[117,117,40,215,225,225,225],"floor_reached":6,"language":"ENG","playtime":314,"items_purged":["Voices"],"score":36,"play_id":"928d353e-4bd3-490c-bf7a-0f785e82b937","local_time":"20210216141637","is_ascension_mode":true,"campfire_choices":[],"circlet_count":0,"master_deck":["Strike_B","Strike_B","Strike_B","Defend_B","Defend_B","Defend_B","Defend_B","Zap","Dualcast","ReplayTheSpireMod:Brewmster","Conserve Battery","ReplayTheSpireMod:System Scan","Reinforced Body","Loop+1","Doubt"],"relics":["Cracked Core","Chameleon Ring","Replay:Towering Pillar of Hats","reliquary:PurpleTingedLeaf"],"acts_visited":["Exordium"],"potions_floor_usage":[5,6,6,6],"damage_taken":[{"damage":9,"enemies":"2 Louse","floor":1,"turns":3},{"damage":7,"enemies":"Small Slimes","floor":5,"turns":8},{"damage":18,"enemies":"Lagavulin","floor":6,"turns":2}],"seed_played":"-5712526082238848457","potions_obtained":[{"floor":1,"key":"Death Potion"}],"is_trial":false,"path_per_floor":["M","?","$","?","M","E"],"character_chosen":"DEFECT","items_purchased":["ReplayTheSpireMod:CursedCoin","Loop+1"],"campfire_rested":0,"item_purchase_floors":[0,3],"current_hp_per_floor":[23,23,23,23,16,0,0],"gold":225,"neow_bonus":"","is_daily":false,"chose_seed":false,"campfire_upgraded":0,"win_rate":0.0,"timestamp":1613502997,"path_taken":["M","?","$","?","M","E"],"items_purchased_type":["Relic","Card"],"build_version":"2020-12-22","purchased_purges":1,"victory":false,"max_hp_per_floor":[75,75,75,75,75,75,75],"card_choices":[{"not_picked":["Reprogram","Redo"],"picked":"Reinforced Body","floor":1},{"not_picked":["Gash","Redo","ReplaySort"],"picked":"SKIP","floor":5}],"player_experience":774374,"relics_obtained":[],"event_choices":[{"damage_healed":0,"gold_gain":175,"player_choice":"AGREE","damage_taken":40,"max_hp_gain":0,"max_hp_loss":0,"event_name":"betterThird:BetterSerpent","floor":4,"gold_loss":0}],"is_beta":false,"boss_relics":[],"items_purged_floors":[0],"is_endless":false,"potions_floor_spawned":[1],"killed_by":"Lagavulin","ascension_level":1}}