{"host":"utqe55yv0jihe4d6","time":1613447083,"event":{"mods":["2.2 Compatiblity","AchievementEnabler","BaseMod","Block Reminder","Colored Map","Colored Powertips","Minty Spire (QoL Compilation)","Quick Restart","Rare Cards Sparkle","Relic Stats","SuperFastMode"],"gold_per_floor":[110,110,122,142,142,142,158,187,210,227,227,244,254,289,289,289,289],"floor_reached":16,"language":"ENG","playtime":378,"items_purged":[],"score":228,"play_id":"f57271eb-2b44-48e6-8791-b8d09b6b71fa","local_time":"20210215224443","is_ascension_mode":true,"campfire_choices":[{"data":"Uppercut","floor":6.0,"key":"SMITH"},{"data":"Inflame","floor":11.0,"key":"SMITH"},{"data":"1","floor":15.0,"key":"LIFT"}],"circlet_count":0,"master_deck":["AscendersBane","Strike_R","Strike_R","Strike_R","Strike_R","Defend_R","Defend_R","Defend_R","Defend_R","Bash+1","Uppercut+1","Feel No Pain","Inflame+1","Ghostly Armor","Brutality","Flame Barrier"],"relics":["Burning Blood","Centennial Puzzle","Toy Ornithopter","Anchor","Girya"],"acts_visited":["Exordium"],"potions_floor_usage":[16,16],"damage_taken":[{"damage":0.0,"enemies":"2 Louse","floor":1.0,"turns":3.0},{"damage":5.0,"enemies":"Small Slimes","floor":3.0,"turns":4.0},{"damage":7.0,"enemies":"Jaw Worm","floor":4.0,"turns":3.0},{"damage":15.0,"enemies":"Gremlin Gang","floor":7.0,"turns":7.0},{"damage":24.0,"enemies":"Gremlin Nob","floor":8.0,"turns":4.0},{"damage":11.0,"enemies":"Large Slime","floor":10.0,"turns":6.0},{"damage":3.0,"enemies":"Looter","floor":12.0,"turns":4.0},{"damage":0.0,"enemies":"Exordium Wildlife","floor":13.0,"turns":4.0},{"damage":18.0,"enemies":"Lagavulin","floor":14.0,"turns":6.0},{"damage":26,"enemies":"Slime Boss","floor":16,"turns":6}],"seed_played":"-3797398298592292919","potions_obtained":[{"floor":1.0,"key":"Weak Potion"},{"floor":3.0,"key":"SkillPotion"},{"floor":13.0,"key":"CultistPotion"},{"floor":14.0,"key":"Swift Potion"}],"is_trial":false,"path_per_floor":["M","?","M","M","?","R","M","E","T","M","R","M","M","E","R","B"],"character_chosen":"IRONCLAD","items_purchased":[],"campfire_rested":0,"item_purchase_floors":[],"current_hp_per_floor":[74,48,49,48,41,41,32,14,14,9,9,17,23,16,16,0,0],"gold":289,"neow_bonus":"UPGRADE_CARD","is_daily":false,"chose_seed":false,"campfire_upgraded":2,"win_rate":0.0,"timestamp":1613447083,"path_taken":["M","?","M","M","?","R","M","E","T","?","R","M","?","E","R","BOSS"],"items_purchased_type":[],"build_version":"2020-12-22","purchased_purges":0,"victory":false,"max_hp_per_floor":[75,75,75,75,75,75,75,75,75,75,75,75,75,75,75,75,75],"relic_stats":{"Centennial Puzzle":[24],"counters":[10,47],"obtain_stats":[{"Girya":14,"Centennial Puzzle":2,"Anchor":9,"Burning Blood":0,"Toy Ornithopter":8},{"Girya":9,"Centennial Puzzle":1,"Anchor":5,"Burning Blood":0,"Toy Ornithopter":5},{"Girya":41,"Centennial Puzzle":3,"Anchor":21,"Burning Blood":0,"Toy Ornithopter":21}],"Burning Blood":54,"Toy Ornithopter":20},"card_choices":[{"not_picked":["Bloodletting","Shrug It Off"],"picked":"Uppercut","floor":1.0},{"not_picked":["Sever Soul","Flex","Rampage"],"picked":"SKIP","floor":3.0},{"not_picked":["Anger","Cleave"],"picked":"Feel No Pain","floor":4.0},{"not_picked":["Intimidate","Armaments","Cleave"],"picked":"SKIP","floor":7.0},{"not_picked":["Thunderclap","Heavy Blade"],"picked":"Inflame","floor":8.0},{"not_picked":["Thunderclap","Armaments"],"picked":"Ghostly Armor","floor":10.0},{"not_picked":["Clothesline","Uppercut","Pummel"],"picked":"SKIP","floor":12.0},{"not_picked":["Wild Strike","Clothesline"],"picked":"Brutality","floor":13.0},{"not_picked":["Metallicize","Bloodletting"],"picked":"Flame Barrier","floor":14.0}],"player_experience":3073818,"relics_obtained":[{"floor":8.0,"key":"Toy Ornithopter"},{"floor":9.0,"key":"Anchor"},{"floor":14.0,"key":"Girya"}],"event_choices":[{"damage_healed":0.0,"max_hp_gain":0.0,"max_hp_loss":0.0,"gold_gain":0.0,"event_name":"Scrap Ooze","player_choice":"Success","floor":2.0,"gold_loss":0.0,"damage_taken":26.0,"relics_obtained":["Centennial Puzzle"]},{"cards_removed":["Strike_R"],"damage_healed":0.0,"max_hp_gain":0.0,"max_hp_loss":0.0,"gold_gain":0.0,"event_name":"Golden Wing","player_choice":"Card Removal","floor":5.0,"gold_loss":0.0,"damage_taken":7.0}],"is_beta":false,"boss_relics":[],"items_purged_floors":[],"is_endless":false,"potions_floor_spawned":[1,3,4,13,14],"killed_by":"Slime Boss","ascension_level":20}}