{"host":"neeznpvpgo0qgfkd","time":1613503114,"event":{"mods":["AchievementEnabler","BaseMod","BetterRewards","Colored Map","Colored Powertips","Exacting","Minty Spire (QoL Compilation)","Permanent Neow","Quick Restart","Shop Mod"],"gold_per_floor":[124,124,124,138,138,138,188,215,242,272,288,320,173,173,173,274,274,286,286,211,211,16,16,36,67,67,96,131,143,143,177,177,279,279,298,310,310,320,355,380,380,380,380,410,426,441,773,773,773,773,773],"floor_reached":50,"language":"ENG","playtime":2036,"items_purged":[],"score":1123,"play_id":"760965e5-7a4c-4e53-b99b-278a6e69c916","local_time":"20210216141834","is_ascension_mode":true,"campfire_choices":[{"data":"Thunderclap","floor":6.0,"key":"SMITH"},{"floor":15.0,"key":"REST"},{"data":"RitualDagger","floor":23.0,"key":"SMITH"},{"floor":30.0,"key":"REST"},{"floor":32.0,"key":"REST"},{"floor":41.0,"key":"REST"},{"floor":49,"key":"RECALL"}],"circlet_count":0,"master_deck":["Strike_R","Strike_R","Strike_R","Strike_R","Defend_R+1","Defend_R","Defend_R+1","Defend_R","Bash+1","Rupture+1","Ghostly Armor+1","Thunderclap+1","Combust+1","Blood for Blood","Dropkick","Inflame+1","Iron Wave","Brutality+1","Cleave","RitualDagger+1","Shame","Apotheosis+1","Twin Strike+1","Blood for Blood","Doubt","Blood for Blood","Cleave+1","Spot Weakness+1","Sword Boomerang+1","Impervious+1","Spot Weakness+1","Metallicize+1","Inflame+1","Perfected Strike+1","Regret","Iron Wave+1","Regret"],"relics":["Black Blood","Bird Faced Urn","Frozen Egg 2","Turnip","Toxic Egg 2","PreservedInsect","Paper Frog","WingedGreaves","Regal Pillow","War Paint","Du-Vu Doll","Cursed Key","Dream Catcher","Tiny Chest","Pantograph","Happy Flower","Shuriken","Mercury Hourglass","InkBottle","Singing Bowl","Bronze Scales","Old Coin","Nunchaku"],"acts_visited":["Exordium","TheCity","TheBeyond"],"potions_floor_usage":[50],"damage_taken":[{"damage":1.0,"enemies":"2 Louse","floor":1.0,"turns":3.0},{"damage":6.0,"enemies":"Cultist","floor":4.0,"turns":3.0},{"damage":18.0,"enemies":"3 Sentries","floor":7.0,"turns":3.0},{"damage":2.0,"enemies":"Small Slimes","floor":8.0,"turns":2.0},{"damage":17.0,"enemies":"Gremlin Nob","floor":10.0,"turns":3.0},{"damage":32.0,"enemies":"Exordium Thugs","floor":11.0,"turns":3.0},{"damage":25.0,"enemies":"3 Sentries","floor":12.0,"turns":3.0},{"damage":33.0,"enemies":"Hexaghost","floor":16.0,"turns":6.0},{"damage":16.0,"enemies":"Chosen","floor":18.0,"turns":3.0},{"damage":23.0,"enemies":"2 Thieves","floor":24.0,"turns":3.0},{"damage":22.0,"enemies":"Gremlin Leader","floor":25.0,"turns":4.0},{"damage":34.0,"enemies":"Slavers","floor":27.0,"turns":4.0},{"damage":24.0,"enemies":"Gremlin Leader","floor":28.0,"turns":3.0},{"damage":7.0,"enemies":"Snake Plant","floor":29.0,"turns":2.0},{"damage":20.0,"enemies":"Book of Stabbing","floor":31.0,"turns":3.0},{"damage":61.0,"enemies":"Champ","floor":33.0,"turns":5.0},{"damage":19.0,"enemies":"3 Darklings","floor":35.0,"turns":3.0},{"damage":14.0,"enemies":"Orb Walker","floor":36.0,"turns":3.0},{"damage":37.0,"enemies":"Maw","floor":38.0,"turns":5.0},{"damage":33.0,"enemies":"Writhing Mass","floor":39.0,"turns":4.0},{"damage":36.0,"enemies":"Reptomancer","floor":40.0,"turns":4.0},{"damage":68.0,"enemies":"Nemesis","floor":44.0,"turns":3.0},{"damage":1.0,"enemies":"Jaw Worm Horde","floor":45.0,"turns":2.0},{"damage":22.0,"enemies":"Transient","floor":46.0,"turns":5.0},{"damage":20.0,"enemies":"Reptomancer","floor":47.0,"turns":4.0},{"damage":74,"enemies":"Donu and Deca","floor":50,"turns":3}],"seed_played":"-5157621745155816272","potions_obtained":[{"floor":1.0,"key":"Dexterity Potion"},{"floor":7.0,"key":"ColorlessPotion"},{"floor":10.0,"key":"SteroidPotion"},{"floor":11.0,"key":"SkillPotion"},{"floor":25.0,"key":"Energy Potion"},{"floor":27.0,"key":"Block Potion"},{"floor":28.0,"key":"EntropicBrew"},{"floor":33.0,"key":"Explosive Potion"},{"floor":35.0,"key":"Dexterity Potion"},{"floor":35.0,"key":"Fruit Juice"},{"floor":40.0,"key":"Strength Potion"},{"floor":44.0,"key":"GamblersBrew"},{"floor":45.0,"key":"LiquidMemories"}],"is_trial":false,"path_per_floor":["M","?","?","M","?","R","E","M","T","E","M","E","$","?","R","B",null,"M","?","?","T","$","R","M","E","T","E","E","M","R","E","R","B",null,"M","M","?","M","M","E","R","?","T","E","M","M","E","T","R","B"],"character_chosen":"IRONCLAD","items_purchased":["Frozen Egg 2","Rupture+1","Toxic Egg 2","War Paint","Apotheosis+1"],"campfire_rested":4,"item_purchase_floors":[0,0,0,13,22],"current_hp_per_floor":[79,79,79,80,80,80,70,78,78,69,47,34,34,34,73,52,73,69,63,63,63,63,63,54,46,46,26,14,15,54,44,80,31,68,65,76,76,59,42,26,66,66,66,18,37,39,43,43,43,0,0],"gold":773,"neow_bonus":"","is_daily":false,"chose_seed":false,"campfire_upgraded":2,"win_rate":0.0,"timestamp":1613503114,"path_taken":["M","?","?","?","?","R","E","M","T","E","?","E","?","?","R","BOSS","M","?","?","?","?","R","M","E","T","E","E","?","R","E","R","BOSS","M","M","?","M","M","E","R","?","T","E","M","M","E","?","R","BOSS"],"items_purchased_type":["Relic","Card","Relic","Relic","Card"],"build_version":"2020-12-22","purchased_purges":0,"victory":false,"max_hp_per_floor":[80,80,80,80,80,80,80,80,80,80,80,80,80,80,80,80,80,80,80,80,80,80,80,80,80,80,80,80,80,80,80,80,80,80,80,85,85,85,85,85,85,85,85,87,89,91,91,91,91,91,91],"card_choices":[{"not_picked":["Wild Strike","Sentinel+1"],"picked":"Ghostly Armor+1","floor":1.0},{"not_picked":["Pummel","Rampage"],"picked":"Combust+1","floor":4.0},{"not_picked":["Flex+1","Wild Strike"],"picked":"Blood for Blood","floor":7.0},{"not_picked":["Thunderclap","Sever Soul"],"picked":"Dropkick","floor":8.0},{"not_picked":["Power Through+1","Armaments+1"],"picked":"Inflame+1","floor":10.0},{"not_picked":["Anger","Feel No Pain+1","Flame Barrier+1"],"picked":"SKIP","floor":11.0},{"not_picked":["Second Wind+1","Flex+1"],"picked":"Iron Wave","floor":12.0},{"not_picked":["Immolate","Barricade+1"],"picked":"Brutality+1","floor":16.0},{"not_picked":["Shrug It Off+1","Iron Wave"],"picked":"Cleave","floor":18.0},{"not_picked":["Clash","True Grit+1"],"picked":"Twin Strike+1","floor":24.0},{"not_picked":["Battle Trance+1","True Grit+1"],"picked":"Blood for Blood","floor":25.0},{"not_picked":["True Grit+1","Pommel Strike+1"],"picked":"Blood for Blood","floor":27.0},{"not_picked":["Entrench+1","True Grit+1"],"picked":"Cleave+1","floor":28.0},{"not_picked":["Dropkick","Fire Breathing+1"],"picked":"Spot Weakness+1","floor":29.0},{"not_picked":["Clash","Evolve+1"],"picked":"Sword Boomerang+1","floor":31.0},{"not_picked":["Reaper","Exhume+1"],"picked":"Impervious+1","floor":33.0},{"not_picked":["Clash","Reckless Charge","Carnage+1"],"picked":"SKIP","floor":35.0},{"not_picked":["Armaments+1","Wild Strike+1"],"picked":"Spot Weakness+1","floor":36.0},{"not_picked":["Iron Wave","Headbutt+1","Havoc+1"],"picked":"SKIP","floor":38.0},{"not_picked":["Iron Wave","Armaments+1"],"picked":"Metallicize+1","floor":39.0},{"not_picked":["Shrug It Off+1","Clothesline+1"],"picked":"Inflame+1","floor":40.0},{"not_picked":["Cleave+1","Blood for Blood"],"picked":"Perfected Strike+1","floor":41.0},{"not_picked":["Bludgeon","Ghostly Armor+1","Infernal Blade+1"],"picked":"Singing Bowl","floor":44.0},{"not_picked":["Headbutt","Warcry+1","Clash+1"],"picked":"Singing Bowl","floor":45.0},{"not_picked":["Wild Strike","Clash","Reckless Charge+1"],"picked":"Singing Bowl","floor":46.0},{"not_picked":["Thunderclap","Feed"],"picked":"Iron Wave+1","floor":47.0}],"player_experience":1422909,"relics_obtained":[{"floor":7.0,"key":"Paper Frog"},{"floor":10.0,"key":"WingedGreaves"},{"floor":12.0,"key":"Regal Pillow"},{"floor":21.0,"key":"Dream Catcher"},{"floor":25.0,"key":"Tiny Chest"},{"floor":26.0,"key":"Pantograph"},{"floor":27.0,"key":"Happy Flower"},{"floor":28.0,"key":"Shuriken"},{"floor":31.0,"key":"Mercury Hourglass"},{"floor":40.0,"key":"InkBottle"},{"floor":43.0,"key":"Singing Bowl"},{"floor":44.0,"key":"Bronze Scales"},{"floor":47.0,"key":"Old Coin"},{"floor":48.0,"key":"Nunchaku"}],"event_choices":[{"damage_healed":0.0,"max_hp_gain":0.0,"max_hp_loss":0.0,"gold_gain":0.0,"event_name":"Living Wall","player_choice":"Grow","floor":2.0,"gold_loss":0.0,"damage_taken":0.0,"cards_upgraded":["Bash"]},{"damage_healed":0.0,"max_hp_gain":0.0,"max_hp_loss":0.0,"gold_gain":0.0,"event_name":"Match and Keep!","player_choice":"1 cards matched","floor":3.0,"gold_loss":0.0,"damage_taken":0.0,"cards_obtained":["Thunderclap"]},{"damage_healed":0.0,"max_hp_gain":0.0,"max_hp_loss":0.0,"gold_gain":0.0,"event_name":"Transmorgrifier","player_choice":"Ignored","floor":5.0,"gold_loss":0.0,"damage_taken":0.0},{"damage_healed":0.0,"max_hp_gain":0.0,"max_hp_loss":0.0,"gold_gain":0.0,"event_name":"Big Fish","player_choice":"Box","floor":14.0,"gold_loss":0.0,"damage_taken":0.0,"relics_obtained":["Du-Vu Doll"],"cards_obtained":["Regret"]},{"damage_healed":0.0,"max_hp_gain":0.0,"max_hp_loss":0.0,"gold_gain":0.0,"event_name":"Nest","player_choice":"Joined the Cult","floor":19.0,"gold_loss":0.0,"damage_taken":6.0,"cards_obtained":["RitualDagger"]},{"cards_removed":["Regret"],"damage_healed":0.0,"max_hp_gain":0.0,"max_hp_loss":0.0,"gold_gain":0.0,"event_name":"Beggar","player_choice":"Gave Gold","floor":20.0,"gold_loss":75.0,"damage_taken":0.0},{"damage_healed":0.0,"max_hp_gain":0.0,"max_hp_loss":0.0,"gold_gain":0.0,"event_name":"SensoryStone","player_choice":"Memory 1","floor":37.0,"gold_loss":0.0,"damage_taken":0.0},{"cards_removed":["Strike_R"],"damage_healed":0.0,"max_hp_gain":0.0,"max_hp_loss":0.0,"gold_gain":0.0,"event_name":"Falling","player_choice":"Removed Attack","floor":42.0,"gold_loss":0.0,"damage_taken":0.0}],"is_beta":false,"boss_relics":[{"not_picked":["Astrolabe","Sozu"],"picked":"Cursed Key"},{"not_picked":["Runic Cube","Velvet Choker"],"picked":"Black Blood"}],"items_purged_floors":[],"is_endless":false,"potions_floor_spawned":[1,7,10,11,25,27,28,33,35,40,44,45],"killed_by":"Donu and Deca","ascension_level":7}}