{"host":"qhn6g0owdgjb77rz","time":1613484528,"event":{"mods":["BaseMod","BetterRewards","Colored Map","Downfall","Minty Spire (QoL Compilation)","Relic Sorter","Reliquary","Spire Arcade","StSLib"],"gold_per_floor":[111,123,123,123,143,143,155,155,180,180,196,213,233,263,263,336,336,349,368,243,274,274,274,299,299,299,299,329,124,124,124,124,195,195,215,215,215,215,437,463,463,494,494,494,494],"floor_reached":44,"language":"ENG","playtime":1891,"items_purged":["Zap","Dualcast","Strike_B","Strike_B"],"score":1380,"play_id":"8d8acab2-78fe-4a7c-a098-c5c0c288741f","local_time":"20210216230848","is_ascension_mode":true,"campfire_choices":[{"data":"Reprogram","floor":6,"key":"SMITH"},{"floor":8,"key":"DIG"},{"floor":10,"key":"DIG"},{"floor":15,"key":"DIG"},{"floor":23,"key":"DIG"},{"floor":25,"key":"DIG"},{"floor":27,"key":"DIG"},{"floor":30,"key":"DIG"},{"data":"Seek","floor":32,"key":"SMITH"},{"data":"Seek","floor":41,"key":"SMITH"}],"circlet_count":0,"master_deck":["AscendersBane","Strike_B","Strike_B","Defend_B","Defend_B","Defend_B","Reprogram+1","Fusion","Reprogram+1","Steam","Master of Strategy","BootSequence","Beam Cell","Barrage","Hyperbeam","Echo Form","Echo Form","Seek+1","Seek+1","Rip and Tear"],"relics":["Cracked Core","Happy Flower","Nunchaku","reliquary:JackalopeAntler","Turnip","TheAbacus","Juzu Bracelet","Ancient Tea Set","PreservedInsect","DollysMirror","WingedGreaves","Omamori","Potion Belt","Shovel","DataDisk","reliquary:Boomerang","Art of War","reliquary:Knoch","Blood Vial","sneckomod:SneckoTalon","Red Mask","Smiling Mask","hexamod:BolsterEngine","bronze:BronzeIdol","Eternal Feather","Vajra","reliquary:ThirdArm","MealTicket","reliquary:TuningFork","Torii","reliquary:Vitrine"],"acts_visited":["Exordium","TheCity","TheBeyond"],"potions_floor_usage":[14,21,21,40,42,44],"damage_taken":[{"damage":0,"enemies":"Small Slimes","floor":1,"turns":5},{"damage":0,"enemies":"Cultist","floor":2,"turns":6},{"damage":0,"enemies":"Jaw Worm","floor":5,"turns":3},{"damage":0,"enemies":"Large Slime","floor":7,"turns":7},{"damage":0,"enemies":"Exordium Wildlife","floor":11,"turns":4},{"damage":3,"enemies":"Looter","floor":12,"turns":3},{"damage":0,"enemies":"Exordium Thugs","floor":13,"turns":3},{"damage":4,"enemies":"Lagavulin","floor":14,"turns":5},{"damage":16,"enemies":"Hexaghost","floor":16,"turns":8},{"damage":4,"enemies":"Spheric Guardian","floor":18,"turns":5},{"damage":9,"enemies":"Shell Parasite","floor":19,"turns":5},{"damage":0,"enemies":"Masked Bandits","floor":21,"turns":3},{"damage":0,"enemies":"Book of Stabbing","floor":24,"turns":5},{"damage":0,"enemies":"Gremlin Leader","floor":28,"turns":5},{"damage":16,"enemies":"Automaton","floor":33,"turns":5},{"damage":0,"enemies":"Orb Walker","floor":35,"turns":3},{"damage":7,"enemies":"Giant Head","floor":40,"turns":6},{"damage":36,"enemies":"Nemesis","floor":42,"turns":9},{"damage":39,"enemies":"Reptomancer","floor":44,"turns":2}],"seed_played":"395329287890922418","potions_obtained":[{"floor":5,"key":"SpeedPotion"},{"floor":7,"key":"Dexterity Potion"},{"floor":12,"key":"champ:CounterPotion"},{"floor":18,"key":"Regen Potion"},{"floor":24,"key":"Swift Potion"},{"floor":28,"key":"Block Potion"}],"is_trial":false,"path_per_floor":["M","M","$","?","M","R","M","R","T","R","M","M","M","E","R","B",null,"M","M","$","?","?","R","E","R","T","R","E","$","R","?","R","B",null,"M","?","?","?","?","E","R","E","T","E"],"character_chosen":"DEFECT","items_purchased":["Reprogram","TheAbacus","Juzu Bracelet","Fusion","Ancient Tea Set","PreservedInsect","DollysMirror","Steam","Master of Strategy","Omamori","Potion Belt","Swift Potion","Seek"],"campfire_rested":0,"item_purchase_floors":[0,0,0,0,0,0,0,0,0,0,0,0,29],"current_hp_per_floor":[64,64,64,64,64,64,64,64,64,64,64,61,61,57,57,43,64,62,55,55,66,66,66,68,68,68,71,71,71,71,71,71,55,67,69,67,67,67,67,60,67,31,31,0,0],"gold":494,"neow_bonus":"","is_daily":false,"chose_seed":false,"campfire_upgraded":3,"win_rate":0.0,"timestamp":1613484528,"path_taken":["M","M","$","?","M","R","M","R","T","R","M","M","M","E","R","BOSS","M","M","$","?","?","R","E","R","T","R","E","$","R","?","R","BOSS","M","?","?","?","?","E","R","E","T","E"],"items_purchased_type":["Card","Relic","Relic","Card","Relic","Relic","Relic","Card","Card","Relic","Relic","Potion","Card"],"build_version":"2020-12-22","purchased_purges":4,"victory":false,"max_hp_per_floor":[71,71,71,71,71,71,71,71,71,71,71,71,71,71,71,71,71,71,71,71,71,71,71,71,71,71,71,71,71,71,71,71,71,71,71,67,67,67,67,67,67,67,67,67,67],"card_choices":[{"not_picked":["Capacitor","Steam"],"picked":"BootSequence","floor":1},{"not_picked":["Cold Snap","Blizzard"],"picked":"Beam Cell","floor":2},{"not_picked":["Streamline","Chaos","Go for the Eyes"],"picked":"SKIP","floor":5},{"not_picked":["Leap","Steam","Stack"],"picked":"SKIP","floor":7},{"not_picked":["Compile Driver","Scrape"],"picked":"Barrage","floor":11},{"not_picked":["Coolheaded","Barrage"],"picked":"Hyperbeam","floor":12},{"not_picked":["Gash","Glacier","Aggregate"],"picked":"SKIP","floor":13},{"not_picked":["Darkness","Rebound","Streamline"],"picked":"SKIP","floor":14},{"not_picked":["Electrodynamics","Biased Cognition"],"picked":"Echo Form","floor":16},{"not_picked":["Cold Snap","Leap","Scrape"],"picked":"SKIP","floor":18},{"not_picked":["Loop","Turbo","Aggregate"],"picked":"SKIP","floor":19},{"not_picked":["Chill","Beam Cell"],"picked":"Echo Form","floor":24},{"not_picked":["Steam","Leap+1","Stack"],"picked":"SKIP","floor":28},{"not_picked":["Amplify","Thunder Strike"],"picked":"Seek","floor":33},{"not_picked":["Genetic Algorithm+1","Barrage","Go for the Eyes"],"picked":"SKIP","floor":35},{"not_picked":["Reinforced Body","Defragment+1","Barrage"],"picked":"SKIP","floor":40},{"not_picked":["Beam Cell","Gash"],"picked":"Rip and Tear","floor":42}],"player_experience":696610,"relics_obtained":[{"floor":8,"key":"DataDisk"},{"floor":9,"key":"reliquary:Boomerang"},{"floor":10,"key":"Art of War"},{"floor":14,"key":"reliquary:Knoch"},{"floor":15,"key":"Blood Vial"},{"floor":21,"key":"Red Mask"},{"floor":23,"key":"Smiling Mask"},{"floor":24,"key":"hexamod:BolsterEngine"},{"floor":25,"key":"bronze:BronzeIdol"},{"floor":26,"key":"Eternal Feather"},{"floor":27,"key":"Vajra"},{"floor":28,"key":"Happy Flower"},{"floor":30,"key":"Nunchaku"},{"floor":40,"key":"reliquary:TuningFork"},{"floor":42,"key":"Torii"},{"floor":43,"key":"reliquary:Vitrine"}],"event_choices":[{"damage_healed":0,"gold_gain":0,"player_choice":"Forge","damage_taken":0,"max_hp_gain":0,"max_hp_loss":0,"event_name":"Accursed Blacksmith","floor":4,"gold_loss":0,"cards_upgraded":["Reprogram"]},{"damage_healed":0,"gold_gain":0,"player_choice":"Fought Bandits","damage_taken":0,"max_hp_gain":0,"max_hp_loss":0,"event_name":"Masked Bandits","floor":21,"gold_loss":0},{"damage_healed":0,"gold_gain":0,"player_choice":"Opened","damage_taken":0,"relics_obtained":["reliquary:JackalopeAntler"],"max_hp_gain":0,"max_hp_loss":0,"event_name":"The Mausoleum","floor":31,"gold_loss":0,"cards_obtained":["Writhe"]},{"damage_healed":0,"gold_gain":0,"player_choice":"Max HP","damage_taken":0,"max_hp_gain":0,"max_hp_loss":4,"event_name":"Winding Halls","floor":36,"gold_loss":0},{"damage_healed":0,"gold_gain":0,"player_choice":"Gave Potion","damage_taken":0,"relics_obtained":["MealTicket"],"max_hp_gain":0,"max_hp_loss":0,"event_name":"WeMeetAgain","floor":38,"gold_loss":0},{"damage_healed":0,"gold_gain":222,"player_choice":"Wore Mask","damage_taken":0,"max_hp_gain":0,"max_hp_loss":0,"event_name":"Tomb of Lord Red Mask","floor":39,"gold_loss":0}],"is_beta":false,"boss_relics":[{"not_picked":["Astrolabe","Ectoplasm"],"picked":"sneckomod:SneckoTalon"},{"not_picked":["Velvet Choker","reliquary:RedPaperclip"],"picked":"reliquary:ThirdArm"}],"items_purged_floors":[0,0,20,29],"is_endless":false,"potions_floor_spawned":[5,7,12,18,24,28,35],"killed_by":"Reptomancer","ascension_level":18}}