{"host":"9j472d1lqxyi8fmj","time":1613518580,"event":{"mods":["AchievementEnabler","Aspiration","BaseMod","Better Note","BetterRewards","Block Reminder","Card Filter","Colored Powertips","Downfall","Googly Eyes","Halation","Hermit","Hubris","Infinite Spire","Minty Spire (QoL Compilation)","Potion Indicator Mod","Rare Cards Sparkle","Relic Filter","Reliquary","Replay The Spire","Spicy Shops","StSLib","The Runesmith","Virulent Crown"],"gold_per_floor":[109,119,322,322,340,340,366,366,366,379,391,406,406,433,433,536,536,551,563,573,573,586,586,605,119,119,119,138,152,3,21,21,122,122,134,134,148,159,170,196,14,14,14,14,30,30,30,30,30,130],"floor_reached":51,"language":"ENG","playtime":1807,"items_purged":["hubris:Wrath"],"score":933,"play_id":"696abaa3-3fe3-4855-8cd7-ea6272ec0db8","local_time":"20210216183620","is_ascension_mode":false,"campfire_choices":[{"data":"Infinite Blades","floor":6,"key":"SMITH"},{"data":"Blade Dance","floor":13,"key":"SMITH"},{"floor":15,"key":"REST"},{"floor":23,"key":"REST"},{"floor":27,"key":"REST"},{"floor":32,"key":"REST"},{"floor":42,"key":"REST"},{"floor":46,"key":"REST"},{"floor":49,"key":"REST"}],"circlet_count":0,"master_deck":["Strike_G","Strike_G","Strike_G","Strike_G","Strike_G","Defend_G","Survivor","Neutralize","Infinite Blades+1","Cloak And Dagger","Deflect","Blade Dance+1","Footwork","ReplayTheSpireMod:Speed Training","Deflect","Dagger Spray","A Thousand Cuts","Catalyst+1","Flying Knee+1","Burst","Cloak And Dagger","Cloak And Dagger","infinitespire:Starlight","Accuracy","After Image","Accuracy","Cloak And Dagger","Accuracy","Cloak And Dagger","Bullet Time","Hidden Blade","Blade Dance","Hidden Blade+1","Hidden Blade+1"],"relics":["Ninja Scroll","hubris:Towel","Shuriken","Gremlin Horn","halation:PromiseList","Astrolabe","Bird Faced Urn","Fusion Hammer","ReplayTheSpireMod:CursedCoin","Pear","reliquary:Stiletto","halation:Diary","infinitespire:CheckeredPen","halation:Sosunser","Replay:Drink Me","Kunai","Pen Nib","InkBottle","halation:EternalFortune","hubris:Icosahedron"],"acts_visited":["Exordium","TheCity","TheBeyond"],"potions_floor_usage":[16],"damage_taken":[{"damage":2,"enemies":"Small Slimes","floor":1,"turns":4},{"damage":1,"enemies":"Jaw Worm","floor":2,"turns":3},{"damage":0,"enemies":"Cultist","floor":5,"turns":2},{"damage":16,"enemies":"Gremlin Nob","floor":7,"turns":5},{"damage":0,"enemies":"Exordium Wildlife","floor":10,"turns":3},{"damage":0,"enemies":"Lots of Slimes","floor":11,"turns":3},{"damage":1,"enemies":"2 Fungi Beasts","floor":12,"turns":3},{"damage":11,"enemies":"Fading Forest","floor":16,"turns":11},{"damage":12,"enemies":"Shell Parasite","floor":18,"turns":3},{"damage":10,"enemies":"Spheric Guardian","floor":19,"turns":3},{"damage":29,"enemies":"Centurion and Healer","floor":20,"turns":5},{"damage":9,"enemies":"Shelled Parasite and Fungi","floor":22,"turns":4},{"damage":0,"enemies":"Snecko","floor":24,"turns":3},{"damage":10,"enemies":"Centurion and Healer","floor":28,"turns":3},{"damage":0,"enemies":"Sentry and Sphere","floor":29,"turns":2},{"damage":0,"enemies":"Cultist and Chosen","floor":31,"turns":1},{"damage":30,"enemies":"Automaton","floor":33,"turns":7},{"damage":0,"enemies":"Orb Walker","floor":35,"turns":3},{"damage":5,"enemies":"3 Shapes","floor":37,"turns":1},{"damage":4,"enemies":"Jaw Worm Horde","floor":38,"turns":2},{"damage":0,"enemies":"Sphere and 2 Shapes","floor":39,"turns":2},{"damage":16,"enemies":"R_Hoarder","floor":40,"turns":5},{"damage":18,"enemies":"4 Shapes","floor":45,"turns":3},{"damage":29,"enemies":"infinitespire:MassOfShapes","floor":50,"turns":6}],"seed_played":"-6562426293757383257","potions_obtained":[{"floor":10,"key":"SpeedPotion"},{"floor":12,"key":"Poison Potion"},{"floor":24,"key":"Poison Potion"},{"floor":29,"key":"Slimebound:ThreeZeroPotion"},{"floor":31,"key":"EntropicBrew"},{"floor":33,"key":"LiquidMemories"}],"is_trial":false,"path_per_floor":["M","M","?","?","M","R","E","?","T","M","M","M","R","T","R","B",null,"M","M","M","AVR","M","R","M","$","T","R","M","M","$","M","R","B",null,"M","?","M","M","M","E","$","R","T","?","M","R","?","?","R","B",null],"character_chosen":"THE_SILENT","items_purchased":["Ninja Scroll","Infinite Blades","Cloak And Dagger","Deflect","Accuracy","ReplayTheSpireMod:CursedCoin","Pear","reliquary:Stiletto","Cloak And Dagger","halation:Diary","halation:Sosunser","Pen Nib","Hidden Blade+1"],"campfire_rested":7,"item_purchase_floors":[0,0,0,0,25,25,25,25,25,25,30,41,41],"current_hp_per_floor":[51,50,34,34,34,34,18,18,18,18,18,17,17,17,36,35,65,53,43,14,14,7,26,40,50,50,72,67,71,71,75,75,50,57,57,54,49,49,54,46,46,54,54,54,44,54,57,57,57,38],"gold":130,"neow_bonus":"","is_daily":false,"chose_seed":false,"campfire_upgraded":2,"win_rate":0.0,"timestamp":1613518580,"path_taken":["M","M","?","?","M","R","E","?","T","M","M","?","R","?","R","BOSS","M","M","M","AVR","M","R","M","$","T","R","M","M","?","M","R","BOSS","M","?","M","M","M","E","$","R","T","?","?","R","?","?","R","BOSS"],"items_purchased_type":["Relic","Card","Card","Card","Card","Relic","Relic","Relic","Card","Relic","Relic","Relic","Card"],"build_version":"2020-12-22","purchased_purges":1,"victory":true,"max_hp_per_floor":[65,65,65,65,65,65,65,65,65,65,65,65,65,65,65,65,65,65,65,65,65,65,65,65,75,75,75,75,75,75,75,75,75,57,57,54,54,54,54,54,54,54,54,54,54,54,57,57,57,57],"card_choices":[{"not_picked":["Slice","Hidden Blade"],"picked":"Blade Dance","floor":1},{"not_picked":["Deflect","Skewer"],"picked":"Quick Slash","floor":2},{"not_picked":["Reflex","Choke"],"picked":"Fluid Movement","floor":3},{"not_picked":["Hidden Blade","Die Die Die"],"picked":"Footwork","floor":5},{"not_picked":["Fluid Movement","Well Laid Plans"],"picked":"ReplayTheSpireMod:Speed Training","floor":7},{"not_picked":["Outmaneuver","Draining Mist"],"picked":"Deflect","floor":10},{"not_picked":["Skewer","Deadly Poison","Glass Knife"],"picked":"SKIP","floor":11},{"not_picked":["Quick Slash","Fluid Movement"],"picked":"Dagger Spray","floor":12},{"not_picked":["Corpse Explosion","infinitespire:Neurotoxin"],"picked":"A Thousand Cuts","floor":16},{"not_picked":["Quick Slash","Poisoned Stab"],"picked":"Burst","floor":18},{"not_picked":["Endless Agony","Terror"],"picked":"Cloak And Dagger","floor":19},{"not_picked":["Bouncing Flask+1","Bane"],"picked":"Cloak And Dagger","floor":20},{"not_picked":["Eviscerate","Cloak And Dagger"],"picked":"Accuracy","floor":22},{"not_picked":["hubris:Counter+1","Dodge and Roll"],"picked":"After Image","floor":24},{"not_picked":["Prepared","Flying Knee","Concentrate"],"picked":"SKIP","floor":28},{"not_picked":["Backstab+1","Hidden Blade"],"picked":"Accuracy","floor":29},{"not_picked":["Underhanded Strike","Eviscerate"],"picked":"Cloak And Dagger","floor":31},{"not_picked":["aspiration:Lunge","ReplayTheSpireMod:Necrosis"],"picked":"Bullet Time","floor":33},{"not_picked":["Deadly Poison+1","Underhanded Strike","Dagger Throw"],"picked":"SKIP","floor":35},{"not_picked":["Poisoned Stab","Masterful Stab+1","Tactician+1"],"picked":"SKIP","floor":37},{"not_picked":["Backflip+1","Dagger Spray"],"picked":"Hidden Blade","floor":38},{"not_picked":["Predator+1","Caltrops+1"],"picked":"Blade Dance","floor":39},{"not_picked":["Eviscerate","Heel Hook+1"],"picked":"Hidden Blade+1","floor":40},{"not_picked":["Fluid Movement","Noxious Fumes+1","hubris:SlightOfHand"],"picked":"SKIP","floor":45}],"player_experience":391418,"relics_obtained":[{"floor":7,"key":"Shuriken"},{"floor":9,"key":"Gremlin Horn"},{"floor":14,"key":"halation:PromiseList"},{"floor":26,"key":"infinitespire:CheckeredPen"},{"floor":40,"key":"Kunai"},{"floor":43,"key":"InkBottle"}],"event_choices":[{"cards_removed":["Defend_G"],"damage_healed":0,"gold_gain":0,"player_choice":"Purged","damage_taken":0,"max_hp_gain":0,"max_hp_loss":0,"event_name":"Purifier","floor":8,"gold_loss":0},{"damage_healed":0,"gold_gain":0,"player_choice":"Max HP","damage_taken":0,"max_hp_gain":0,"max_hp_loss":3,"event_name":"Winding Halls","floor":36,"gold_loss":0},{"damage_healed":0,"gold_gain":0,"player_choice":"Ignored","damage_taken":0,"max_hp_gain":0,"max_hp_loss":0,"event_name":"Transmorgrifier","floor":44,"gold_loss":0}],"is_beta":false,"boss_relics":[{"not_picked":["halation:CatFaceCupcake","halation:Prosthetics"],"picked":"Astrolabe"},{"not_picked":["aspiration:FutureDiary","hubris:ScarierMask"],"picked":"Replay:Drink Me"}],"items_purged_floors":[25],"is_endless":false,"potions_floor_spawned":[10,12,24,29,31,33,35,38,39],"ascension_level":0}}