{"host":"clf2hd4adhiiw0zf","time":1613438665,"event":{"mods":["AchievementEnabler","BaseMod","Beaked The Cultist","Bestiary","Dark Map","Downfall","Gremlin Mod","Hermit","Jorbs\u0027s Wanderer Trilogy","Marisa????????","Minty Spire (QoL Compilation)","Shop Mod","StSLib","The Cursed","Wide Potions"],"gold_per_floor":[0,19,30,46,146,146,170,170,70,220,220,231,86,104,119,193,193,193,210,210,27,44,144,144,44,29,57,71,87,107,119,134,209,209,209,222,239,264,276,276,276,276,310,210,81,81,81,91,106,106,106,137,25,25,25,25,25],"floor_reached":55,"language":"ENG","playtime":2063,"items_purged":["Doubt","downfall:Icky"],"score":1465,"play_id":"22d23f04-8fed-4782-a1b5-0d88f601698a","local_time":"20210215182425","is_ascension_mode":true,"campfire_choices":[{"data":"champ:Execute","floor":1.0,"key":"SMITH"},{"floor":6.0,"key":"RECALL"},{"data":"champ:BladeFlurry","floor":9.0,"key":"SMITH"},{"data":"champ:Improvising","floor":18.0,"key":"SMITH"},{"data":"champ:LastStand","floor":25.0,"key":"SMITH"},{"data":"champ:IgnorePain","floor":35,"key":"SMITH"},{"data":"1","floor":42,"key":"LIFT"},{"data":"2","floor":44,"key":"LIFT"},{"data":"3","floor":47,"key":"LIFT"},{"floor":54,"key":"REST"}],"circlet_count":0,"master_deck":["AscendersBane","champ:Strike","champ:Strike","champ:Strike","champ:Strike","champ:Defend","champ:Defend","champ:Defend","champ:Defend","champ:Execute+1","champ:Taunt","champ:BringItOn","champ:BladeFlurry+1","champ:Circumvent","champ:TornadoPunch","champ:LastStand+1","champ:PerfectedStrike+1","champ:Endure","champ:LastStand","champ:Improvising+1","champ:Backstep+1","champ:EnGarde","champ:ShieldThrow","champ:IgnorePain+1","champ:GladiatorStyle+1"],"relics":["champ:ChampionCrown","Mango","Potion Belt","hexamod:BolsterEngine","downfall:HeartBlessingRed","champ:LiftRelic","bronze:MakeshiftBattery","Pen Nib","champ:BlackKnightHelmet","Singing Bowl","downfall:HeartBlessingBlue","beaked:ShinyBauble","expansioncontent:StudyCardRelic","Girya","champ:DeflectingBracers","downfall:HeartBlessingGreen","Torii","Unceasing Top"],"acts_visited":["Exordium","TheCity","TheBeyond","TheEnding"],"potions_floor_usage":[33,33,33,33,33,33,33,37,49,50,52,55,55,55],"damage_taken":[{"damage":10.0,"enemies":"Small Slimes","floor":2.0,"turns":3.0},{"damage":12.0,"enemies":"2 Louse","floor":3.0,"turns":3.0},{"damage":10.0,"enemies":"Cultist","floor":4.0,"turns":3.0},{"damage":5.0,"enemies":"2 Fungi Beasts","floor":12.0,"turns":3.0},{"damage":20.0,"enemies":"downfall:FleeingMerchant","floor":13.0,"turns":4.0},{"damage":0.0,"enemies":"Blue Slaver","floor":14.0,"turns":4.0},{"damage":37.0,"enemies":"Gremlin Gang","floor":15.0,"turns":4.0},{"damage":10.0,"enemies":"SI_SHIV_ARCHETYPE","floor":16.0,"turns":5.0},{"damage":1.0,"enemies":"Chosen","floor":19.0,"turns":3.0},{"damage":20.0,"enemies":"downfall:FleeingMerchant","floor":21.0,"turns":4.0},{"damage":18.0,"enemies":"downfall:LooterAlt2","floor":22.0,"turns":5.0},{"damage":23.0,"enemies":"downfall:LooterAlt2","floor":23.0,"turns":7.0},{"damage":23.0,"enemies":"downfall:FleeingMerchant","floor":26.0,"turns":4.0},{"damage":10.0,"enemies":"Slavers","floor":27.0,"turns":5.0},{"damage":26.0,"enemies":"Centurion and Healer","floor":28.0,"turns":6.0},{"damage":0.0,"enemies":"Snecko","floor":29.0,"turns":2.0},{"damage":8.0,"enemies":"Snake Plant","floor":30.0,"turns":2.0},{"damage":18.0,"enemies":"3 Cultists","floor":31.0,"turns":4.0},{"damage":14.0,"enemies":"Chosen and Byrds","floor":32.0,"turns":4.0},{"damage":29,"enemies":"IC_MUSHROOM_ARCHETYPE","floor":33,"turns":9},{"damage":10,"enemies":"Orb Walker","floor":36,"turns":2},{"damage":32,"enemies":"3 Darklings","floor":37,"turns":9},{"damage":34,"enemies":"Jaw Worm Horde","floor":39,"turns":7},{"damage":0,"enemies":"Nemesis","floor":43,"turns":5},{"damage":35,"enemies":"downfall:FleeingMerchant","floor":45,"turns":4},{"damage":22,"enemies":"4 Shapes","floor":48,"turns":5},{"damage":25,"enemies":"Spire Growth","floor":49,"turns":4},{"damage":53,"enemies":"WA_ARCHETYPE_DIVINITY","floor":50,"turns":7},{"damage":86,"enemies":"downfall:CharBossMerchant","floor":52,"turns":8},{"damage":41,"enemies":"downfall:NeowBoss","floor":55,"turns":10}],"seed_played":"-3694873385228993952","potions_obtained":[{"floor":2.0,"key":"SpeedPotion"},{"floor":3.0,"key":"Weak Potion"},{"floor":12.0,"key":"SteroidPotion"},{"floor":16.0,"key":"Ancient Potion"},{"floor":19.0,"key":"SteroidPotion"},{"floor":23.0,"key":"EntropicBrew"},{"floor":27.0,"key":"Fire Potion"},{"floor":28.0,"key":"Explosive Potion"},{"floor":30.0,"key":"Energy Potion"},{"floor":32.0,"key":"Ancient Potion"},{"floor":38,"key":"downfall:CursedFountainPotion"},{"floor":43,"key":"EssenceOfSteel"},{"floor":48,"key":"champ:OpenerPotion"},{"floor":49,"key":"AttackPotion"}],"is_trial":false,"path_per_floor":["R","M","M","M","?","R","T","?","R","?","?","M","$","M","M","B",null,"R","M","?","$","M","?","T","R","$","E","M","M","M","M","M","B",null,"R","M","M","?","M","?","T","R","E","R","$","?","R","M","M","B",null,"E","$","R","B"],"character_chosen":"THE_CHAMP","items_purchased":["champ:PerfectedStrike","Pen Nib","Torii","champ:GladiatorStyle","CultistPotion"],"campfire_rested":1,"item_purchase_floors":[13,21,45,45,53],"current_hp_per_floor":[87,87,85,85,85,85,85,80,80,80,80,75,65,65,38,38,81,81,80,80,70,62,61,61,71,60,62,48,50,44,36,34,25,96,96,98,73,73,51,102,102,102,104,104,81,81,81,76,63,35,91,7,7,40,0,0,0],"gold":25,"neow_bonus":"ONE_RARE_RELIC","is_daily":false,"chose_seed":false,"campfire_upgraded":5,"win_rate":0.0,"timestamp":1613438665,"path_taken":["R","M","M","M","?","R","T","?","R","?","?","M","$","M","M","BOSS","R","M","?","?","M","?","T","R","$","E","?","M","M","?","M","BOSS","R","M","M","?","?","?","T","R","E","R","$","?","R","?","M","BOSS","E","$","R","BOSS"],"items_purchased_type":["Card","Relic","Relic","Card","Potion"],"build_version":"2020-12-22","purchased_purges":2,"victory":false,"max_hp_per_floor":[95,95,95,95,95,95,95,95,95,95,95,95,95,95,95,95,95,95,95,95,95,95,97,97,107,109,111,113,115,117,117,119,119,119,119,121,123,123,125,102,102,102,104,104,106,106,106,108,110,110,110,112,112,112,112,112,112],"card_choices":[{"not_picked":["champ:GutPunch","champ:FalseCounter"],"picked":"champ:BringItOn","floor":2.0},{"not_picked":["champ:BringItOn","champ:IronFortress"],"picked":"champ:BladeFlurry","floor":3.0},{"not_picked":["champ:AdrenalArmor","champ:StanceDance"],"picked":"champ:Circumvent","floor":4.0},{"not_picked":["champ:RageSigil","champ:FlashCut"],"picked":"champ:TornadoPunch","floor":12.0},{"not_picked":["champ:AdrenalArmor","champ:PreciseThrust"],"picked":"champ:LastStand","floor":13.0},{"not_picked":["champ:CrownThrow","champ:Circumvent"],"picked":"champ:Endure","floor":14.0},{"not_picked":["champ:AdrenalArmor","champ:PerfectedStrike"],"picked":"champ:LastStand","floor":15.0},{"not_picked":["champ:VampiricStrike","champ:UltimateStance"],"picked":"champ:Improvising","floor":16.0},{"not_picked":["champ:FocusedBerserking","champ:FancyFootwork"],"picked":"champ:Backstep+1","floor":19.0},{"not_picked":["champ:CrookedStrike","champ:SwordSigil"],"picked":"champ:EnGarde","floor":21.0},{"not_picked":["champ:BladeFlurry","champ:FocusedDefense","champ:ShieldSlam"],"picked":"SKIP","floor":22.0},{"not_picked":["champ:BringItOn","champ:FocusedDefense","champ:EndlessRage+1"],"picked":"Singing Bowl","floor":23.0},{"not_picked":["champ:Circumvent","champ:Haymaker","champ:PreciseThrust"],"picked":"Singing Bowl","floor":26.0},{"not_picked":["champ:ViciousMockery","champ:FalseCounter+1","champ:RageSigil"],"picked":"Singing Bowl","floor":27.0},{"not_picked":["champ:RapidStrikes","champ:Haymaker","champ:SwordSigil"],"picked":"Singing Bowl","floor":28.0},{"not_picked":["champ:Shatter","champ:RapidStrikes","champ:DefensiveShout"],"picked":"Singing Bowl","floor":29.0},{"not_picked":["champ:EnGarde","champ:ViciousMockery+1","champ:DeathBlow"],"picked":"Singing Bowl","floor":30.0},{"not_picked":["champ:StanceDance","champ:FlashCut"],"picked":"champ:ShieldThrow","floor":31.0},{"not_picked":["champ:BerserkersShout","champ:Haymaker","champ:PerfectedStrike"],"picked":"Singing Bowl","floor":32.0},{"not_picked":["champ:GladiatorForm","champ:DancingMaster"],"picked":"champ:IgnorePain","floor":33},{"not_picked":["champ:Haymaker","champ:StanceDance+1","champ:CalledShot+1"],"picked":"Singing Bowl","floor":36},{"not_picked":["champ:DefensiveShout","champ:Haymaker","champ:EnGarde"],"picked":"Singing Bowl","floor":37},{"not_picked":["champ:RisingSlash","champ:ArenaPreparation","champ:PreemptiveStrike"],"picked":"Singing Bowl","floor":39},{"not_picked":["champ:DefensiveShout","champ:AdrenalArmor","champ:DefensiveStyle+1"],"picked":"Singing Bowl","floor":43},{"not_picked":["champ:EndlessRage","champ:Backstep","champ:FancyFootwork+1"],"picked":"Singing Bowl","floor":45},{"not_picked":["champ:AdrenalArmor","champ:SkillfulDodge","champ:BladeFlurry+1"],"picked":"Singing Bowl","floor":48},{"not_picked":["champ:CalledShot","champ:StanceDance","champ:Duel"],"picked":"Singing Bowl","floor":49},{"not_picked":["champ:CheapShot","champ:Duel+1","champ:EnGarde+1"],"picked":"Singing Bowl","floor":52}],"player_experience":312189,"relics_obtained":[{"floor":7.0,"key":"Potion Belt"},{"floor":23.0,"key":"champ:BlackKnightHelmet"},{"floor":23.0,"key":"Singing Bowl"},{"floor":27.0,"key":"beaked:ShinyBauble"},{"floor":41,"key":"Girya"},{"floor":43,"key":"champ:DeflectingBracers"},{"floor":52,"key":"Unceasing Top"}],"event_choices":[{"damage_healed":0.0,"max_hp_gain":0.0,"max_hp_loss":0.0,"gold_gain":0.0,"event_name":"Scrap Ooze","player_choice":"Success","floor":8.0,"gold_loss":0.0,"damage_taken":5.0,"relics_obtained":["hexamod:BolsterEngine"]}],"is_beta":false,"boss_relics":[{"not_picked":["champ:ChampionCrownUpgraded","Runic Dome"],"picked":"bronze:MakeshiftBattery"},{"not_picked":["Sozu","Astrolabe"],"picked":"expansioncontent:StudyCardRelic"}],"items_purged_floors":[13,45],"is_endless":false,"potions_floor_spawned":[2,3,12,16,19,23,27,28,30,32,43,48,49],"killed_by":"downfall:NeowBoss","ascension_level":16}}