{"host":"juqmwis5balotvcq","time":1613438917,"event":{"mods":["AchievementEnabler","Aspiration","BaseMod","Better Altar","Better Match","Better Note","Better Sensory Stone","Better Skull","Better Third Choice","BetterRewards","CCEM2","Colored Map","Conspire","Downfall","GifTheSpireLib","Googly Eyes","Highlight Path","Minty Spire (QoL Compilation)","Permanent Neow","Replay The Spire","Spicy Shops","StSLib","The IronCluck","Unceasing Turn Reminder","everything is the same but u backflip on backflip"],"gold_per_floor":[99,111,36,90,106,140,140,49,66,66,66,94,94,128,138,239,239,139,156,156,156,156],"floor_reached":20,"language":"ENG","playtime":1811,"items_purged":[],"score":226,"play_id":"82ae24ad-bcf1-4f29-9073-6c8f32bfd590","local_time":"20210215172837","is_ascension_mode":true,"campfire_choices":[{"data":"ReplayTheSpireMod:Brewmster","floor":1,"key":"SMITH"},{"data":"champ:ShieldWall","floor":11,"key":"SMITH"},{"data":"champ:EnragedBash","floor":13,"key":"SMITH"}],"circlet_count":0,"master_deck":["champ:Strike","champ:Strike","champ:Strike","champ:Strike","champ:Defend","champ:Defend","champ:Defend","champ:Defend","champ:Execute","champ:Taunt","ReplayTheSpireMod:Brewmster+1","champ:EnragedBash+1","champ:SkillfulDodge+1","ReplayTheSpireMod:Splinters","champ:StanceDance+1","champ:LastStand","champ:ShieldWall+1","champ:FlashCut","champ:DancingMaster","champ:Lariat"],"relics":["Vajra","Lantern","CCEMRelics:IronFruit","Juzu Bracelet","m_IronCrown","WingedGreaves","Meat on the Bone","Black Star","downfall:HeartBlessingGreen"],"acts_visited":["Exordium","TheCity"],"potions_floor_usage":[2,2,5,5,5,6,6,8,9,9,12,12,12,12,12,12,12,12,14,14,15,15,15,16,16,16,16,16,16,16,16,19,19,19,20,20,20],"damage_taken":[{"damage":5,"enemies":"conspire:RoseBush","floor":2,"turns":5},{"damage":10,"enemies":"Jaw Worm","floor":5,"turns":5},{"damage":24,"enemies":"Gremlin Nob","floor":6,"turns":3},{"damage":34,"enemies":"downfall:FleeingMerchant","floor":8,"turns":5},{"damage":1,"enemies":"2 Louse","floor":9,"turns":4},{"damage":40,"enemies":"Lagavulin","floor":12,"turns":5},{"damage":14,"enemies":"3 Sentries","floor":14,"turns":6},{"damage":7,"enemies":"Exordium Wildlife","floor":15,"turns":4},{"damage":32,"enemies":"IC_STATUS_ARCHETYPE","floor":16,"turns":6},{"damage":65,"enemies":"downfall:LooterAlt2","floor":19,"turns":4},{"damage":83,"enemies":"downfall:Augmenter","floor":20,"turns":6}],"seed_played":"-5144474650493887322","potions_obtained":[{"floor":2,"key":"Weak Potion"},{"floor":14,"key":"DistilledChaos"},{"floor":16,"key":"Weak Potion"}],"is_trial":false,"path_per_floor":["R","M","?","?","M","E","T","$","M","?","R","E","R","E","M","B",null,"R","M","?"],"character_chosen":"THE_CHAMP","items_purchased":["Juzu Bracelet"],"campfire_rested":0,"item_purchase_floors":[8],"current_hp_per_floor":[63,63,63,63,63,49,54,45,44,44,44,50,50,47,63,59,95,95,63,0,0,0],"gold":156,"neow_bonus":"RANDOM_COLORLESS_2","is_daily":false,"chose_seed":false,"campfire_upgraded":3,"win_rate":0.0,"timestamp":1613438917,"path_taken":["R","M","?","?","M","E","T","$","M","?","R","E","R","E","M","BOSS","R","M","?"],"items_purchased_type":["Relic"],"build_version":"2020-12-22","purchased_purges":0,"victory":false,"max_hp_per_floor":[90,90,90,90,90,90,95,95,95,95,95,95,95,95,95,95,95,95,95,95,95,95],"card_choices":[{"not_picked":["HandOfGreed","Secret Weapon"],"picked":"ReplayTheSpireMod:Brewmster","floor":0},{"not_picked":["champ:Haymaker","champ:Backstep"],"picked":"champ:EnragedBash","floor":2},{"not_picked":["champ:FancyFootwork+1","champ:RisingSlash+1"],"picked":"champ:SkillfulDodge+1","floor":3},{"not_picked":["champ:AdrenalArmor","champ:SetATrap"],"picked":"champ:StanceDance","floor":5},{"not_picked":["champ:EnGarde","champ:RecklessLeap"],"picked":"champ:LastStand","floor":6},{"not_picked":["champ:BladeFlurry","champ:Shatter"],"picked":"champ:ShieldWall","floor":8},{"not_picked":["champ:Haymaker","champ:CrownThrow","champ:BladeFlurry"],"picked":"SKIP","floor":9},{"not_picked":["champ:BladeFlurry","champ:Haymaker","champ:CrookedStrike"],"picked":"SKIP","floor":12},{"not_picked":["champ:PreciseThrust","Whirlwind"],"picked":"champ:FlashCut","floor":14},{"not_picked":["Twin Strike","champ:FanOfKnives","champ:FlashCut"],"picked":"SKIP","floor":15},{"not_picked":["champ:TripleStrike","Reaper"],"picked":"champ:DancingMaster","floor":16},{"not_picked":["champ:PreemptiveStrike","champ:Shatter+1"],"picked":"champ:Lariat","floor":19}],"player_experience":329377,"relics_obtained":[{"floor":4,"key":"Vajra"},{"floor":6,"key":"Lantern"},{"floor":7,"key":"CCEMRelics:IronFruit"},{"floor":12,"key":"WingedGreaves"},{"floor":14,"key":"Meat on the Bone"}],"event_choices":[{"damage_healed":0,"gold_gain":0,"player_choice":"2","damage_taken":0,"max_hp_gain":0,"max_hp_loss":0,"event_name":"betterMatch:BetterMatch","floor":3,"gold_loss":0,"cards_obtained":["betterMatch:UncommonCard"]}],"is_beta":false,"boss_relics":[{"not_picked":["aspiration:RitualDagger","Snecko Eye"],"picked":"Black Star"}],"items_purged_floors":[],"is_endless":false,"potions_floor_spawned":[2,9,14,16],"killed_by":"downfall:Augmenter","ascension_level":1}}