{"host":"0xtpc43j5kblke7u","time":1613454549,"event":{"mods":["AchievementEnabler","BaseMod","Colored Map","Highlight Path","Minty Spire (QoL Compilation)"],"gold_per_floor":[11,27,27,39,55,55,87,0,0,29,61,79,79,6,6,103,103,116,131,144,59,158,190,190,215,215,215,235,8,21,34,34,133,133,151,169,186,186,236,251,251,281,281,281,307,318,318,336,336,336],"floor_reached":51,"language":"ENG","playtime":3877,"items_purged":["Strike_B"],"score":993,"play_id":"5099698c-80e9-4e35-985c-2dfe8dd7071a","local_time":"20210216004909","is_ascension_mode":true,"campfire_choices":[{"data":"Apotheosis","floor":6.0,"key":"SMITH"},{"data":"Echo Form","floor":13.0,"key":"SMITH"},{"floor":15.0,"key":"REST"},{"data":"Capacitor","floor":27.0,"key":"SMITH"},{"data":"Rip and Tear","floor":32.0,"key":"SMITH"},{"floor":41.0,"key":"REST"},{"floor":44.0,"key":"REST"},{"data":"Seek","floor":49,"key":"SMITH"}],"circlet_count":0,"master_deck":["Strike_B","Strike_B","Defend_B","Defend_B","Defend_B","Defend_B","Zap","Dualcast","Apotheosis+1","Conserve Battery","Compile Driver","Seek+1","Glacier","Rip and Tear+1","Cold Snap+1","Sweeping Beam+1","FTL+1","Echo Form+1","Capacitor+1","Steam","Conserve Battery","Cold Snap+1","Go for the Eyes+1","Conserve Battery","Loop+1","Barrage+1","Ball Lightning+1","Gash+1","Impatience","Auto Shields+1","Leap+1","Consume+1","Deep Breath"],"relics":["Cracked Core","Molten Egg 2","Bird Faced Urn","Odd Mushroom","StoneCalendar","Velvet Choker","Happy Flower","Gremlin Horn","Pocketwatch","Mercury Hourglass","Vajra","Sozu","Incense Burner","Bag of Preparation","Frozen Egg 2","Question Card"],"acts_visited":["Exordium","TheCity","TheBeyond"],"potions_floor_usage":[50],"damage_taken":[{"damage":8.0,"enemies":"Small Slimes","floor":1.0,"turns":3.0},{"damage":0.0,"enemies":"Cultist","floor":2.0,"turns":3.0},{"damage":0.0,"enemies":"2 Louse","floor":4.0,"turns":2.0},{"damage":0.0,"enemies":"Blue Slaver","floor":5.0,"turns":3.0},{"damage":4.0,"enemies":"3 Sentries","floor":7.0,"turns":7.0},{"damage":12.0,"enemies":"The Mushroom Lair","floor":10.0,"turns":3.0},{"damage":27.0,"enemies":"Gremlin Nob","floor":11.0,"turns":4.0},{"damage":0.0,"enemies":"2 Fungi Beasts","floor":12.0,"turns":2.0},{"damage":15.0,"enemies":"The Guardian","floor":16.0,"turns":10.0},{"damage":0.0,"enemies":"Spheric Guardian","floor":18.0,"turns":3.0},{"damage":17.0,"enemies":"Shell Parasite","floor":19.0,"turns":6.0},{"damage":0.0,"enemies":"Snecko","floor":20.0,"turns":6.0},{"damage":47.0,"enemies":"Slavers","floor":23.0,"turns":6.0},{"damage":20.0,"enemies":"Gremlin Leader","floor":25.0,"turns":7.0},{"damage":0.0,"enemies":"Centurion and Healer","floor":28.0,"turns":5.0},{"damage":21.0,"enemies":"Snake Plant","floor":30.0,"turns":5.0},{"damage":0.0,"enemies":"Shelled Parasite and Fungi","floor":31.0,"turns":5.0},{"damage":31.0,"enemies":"Collector","floor":33.0,"turns":7.0},{"damage":13.0,"enemies":"3 Shapes","floor":35.0,"turns":5.0},{"damage":11.0,"enemies":"3 Darklings","floor":36.0,"turns":5.0},{"damage":16.0,"enemies":"4 Shapes","floor":37.0,"turns":7.0},{"damage":0.0,"enemies":"Mind Bloom Boss Battle","floor":39.0,"turns":3.0},{"damage":17.0,"enemies":"Transient","floor":40.0,"turns":5.0},{"damage":22.0,"enemies":"Reptomancer","floor":42.0,"turns":7.0},{"damage":10,"enemies":"Nemesis","floor":45,"turns":7},{"damage":5,"enemies":"Maw","floor":46,"turns":7},{"damage":0,"enemies":"Spire Growth","floor":48,"turns":6},{"damage":10,"enemies":"Time Eater","floor":50,"turns":13}],"seed_played":"-8755426419498188717","potions_obtained":[{"floor":1.0,"key":"SkillPotion"},{"floor":11.0,"key":"Energy Potion"},{"floor":16.0,"key":"DuplicationPotion"},{"floor":19.0,"key":"SkillPotion"},{"floor":20.0,"key":"EssenceOfSteel"},{"floor":25.0,"key":"GamblersBrew"},{"floor":30.0,"key":"Dexterity Potion"},{"floor":33.0,"key":"GamblersBrew"}],"is_trial":false,"path_per_floor":["M","M","?","M","M","R","E","$","T","?","E","M","R","$","R","B",null,"M","M","M","?","?","E","?","E","T","R","M","$","M","M","R","B",null,"M","M","M","?","?","M","R","E","T","R","E","M","?","M","R","B",null],"character_chosen":"DEFECT","items_purchased":["Sweeping Beam+1","FTL+1","Conserve Battery","Cold Snap+1","Vajra"],"campfire_rested":3,"item_purchase_floors":[8,8,14,14,29],"current_hp_per_floor":[60,60,60,60,60,60,56,56,56,44,19,21,21,21,43,34,65,67,54,56,56,56,15,85,69,69,69,75,75,60,66,66,43,75,66,59,49,49,53,40,65,49,49,74,70,73,73,77,77,75],"gold":336,"neow_bonus":"RANDOM_COLORLESS_2","is_daily":false,"chose_seed":false,"campfire_upgraded":5,"win_rate":0.0,"timestamp":1613454549,"path_taken":["M","M","?","?","M","R","E","?","T","?","E","M","R","$","R","BOSS","M","M","M","?","?","E","?","E","T","R","?","$","M","?","R","BOSS","M","?","M","?","?","M","R","E","T","R","E","?","?","M","R","BOSS"],"items_purchased_type":["Card","Card","Card","Card","Relic"],"build_version":"2020-12-22","purchased_purges":1,"victory":true,"max_hp_per_floor":[75,75,75,75,75,75,75,75,75,75,75,75,75,75,75,75,75,75,75,75,75,75,75,85,85,85,85,85,85,85,85,85,85,85,85,85,85,85,85,85,85,85,85,85,85,85,85,85,85,85],"card_choices":[{"not_picked":["Panache","Transmutation"],"picked":"Apotheosis","floor":0.0},{"not_picked":["Streamline","Barrage"],"picked":"Conserve Battery","floor":1.0},{"not_picked":["Gash","Steam Power"],"picked":"Compile Driver","floor":2.0},{"not_picked":["Streamline","Leap"],"picked":"Glacier","floor":4.0},{"not_picked":["Recycle","Leap"],"picked":"Rip and Tear","floor":5.0},{"not_picked":["Conserve Battery","Auto Shields"],"picked":"Cold Snap+1","floor":7.0},{"not_picked":["Self Repair","Barrage+1"],"picked":"Echo Form","floor":10.0},{"not_picked":["Self Repair","Coolheaded"],"picked":"Capacitor","floor":11.0},{"not_picked":["Meteor Strike+1","Blizzard+1"],"picked":"Steam","floor":12.0},{"not_picked":["Buffer","Rainbow"],"picked":"Core Surge+1","floor":16.0},{"not_picked":["Gash+1","Leap"],"picked":"Go for the Eyes+1","floor":18.0},{"not_picked":["Recycle","Streamline+1"],"picked":"Conserve Battery","floor":19.0},{"not_picked":["Doom and Gloom+1","Conserve Battery","Hologram"],"picked":"SKIP","floor":20.0},{"not_picked":["Cold Snap+1","Gash+1"],"picked":"Loop+1","floor":23.0},{"not_picked":["Ball Lightning+1","Stack+1"],"picked":"Barrage+1","floor":25.0},{"not_picked":["FTL+1","Fusion","Go for the Eyes+1"],"picked":"SKIP","floor":28.0},{"not_picked":["Streamline+1","Sweeping Beam+1"],"picked":"Ball Lightning+1","floor":30.0},{"not_picked":["Steam","Reinforced Body+1","Barrage+1"],"picked":"SKIP","floor":31.0},{"not_picked":["Steam","Reinforced Body+1","Barrage+1"],"picked":"SKIP","floor":31.0},{"not_picked":["Cold Snap+1","Go for the Eyes+1"],"picked":"Gash+1","floor":35.0},{"not_picked":["Loop+1","Tempest","Rebound+1"],"picked":"SKIP","floor":36.0},{"not_picked":["Rip and Tear+1","Gash+1","Aggregate"],"picked":"SKIP","floor":37.0},{"not_picked":["The Bomb","Purity"],"picked":"Impatience","floor":38.0},{"not_picked":["Rebound+1","Redo"],"picked":"Auto Shields+1","floor":39.0},{"not_picked":["Beam Cell+1","Redo"],"picked":"Leap+1","floor":40.0},{"not_picked":["Turbo","Undo","Scrape+1"],"picked":"SKIP","floor":42.0},{"not_picked":["Rainbow","Fusion+1","Static Discharge+1"],"picked":"SKIP","floor":45},{"not_picked":["Leap+1","Storm+1","Self Repair+1"],"picked":"Consume+1","floor":46},{"not_picked":["Doom and Gloom+1","Redo","FTL+1","Reinforced Body+1"],"picked":"SKIP","floor":48}],"player_experience":688742,"relics_obtained":[{"floor":7.0,"key":"Molten Egg 2"},{"floor":9.0,"key":"Bird Faced Urn"},{"floor":10.0,"key":"Odd Mushroom"},{"floor":11.0,"key":"StoneCalendar"},{"floor":23.0,"key":"Gremlin Horn"},{"floor":25.0,"key":"Pocketwatch"},{"floor":26.0,"key":"Mercury Hourglass"},{"floor":39.0,"key":"Incense Burner"},{"floor":42.0,"key":"Bag of Preparation"},{"floor":43.0,"key":"Frozen Egg 2"},{"floor":45,"key":"Question Card"}],"event_choices":[{"damage_healed":0.0,"max_hp_gain":0.0,"max_hp_loss":0.0,"gold_gain":0.0,"cards_transformed":["Strike_B"],"event_name":"Transmorgrifier","player_choice":"Transformed","floor":3.0,"gold_loss":0.0,"damage_taken":0.0,"cards_obtained":["Seek"]},{"damage_healed":0.0,"max_hp_gain":0.0,"max_hp_loss":0.0,"gold_gain":0.0,"event_name":"Mushrooms","player_choice":"Fought Mushrooms","floor":10.0,"gold_loss":0.0,"damage_taken":0.0},{"damage_healed":0.0,"max_hp_gain":0.0,"max_hp_loss":0.0,"gold_gain":0.0,"event_name":"Addict","player_choice":"Obtained Relic","floor":21.0,"gold_loss":85.0,"damage_taken":0.0,"relics_obtained":["Happy Flower"]},{"damage_healed":0.0,"max_hp_gain":0.0,"max_hp_loss":0.0,"gold_gain":99.0,"event_name":"Nest","player_choice":"Stole From Cult","floor":22.0,"gold_loss":0.0,"damage_taken":0.0},{"cards_removed":["Core Surge"],"damage_healed":60.0,"max_hp_gain":10.0,"max_hp_loss":0.0,"gold_gain":0.0,"event_name":"Bonfire Elementals","player_choice":"Offered Rare","floor":24.0,"gold_loss":0.0,"damage_taken":0.0},{"damage_healed":0.0,"max_hp_gain":0.0,"max_hp_loss":0.0,"gold_gain":0.0,"event_name":"SensoryStone","player_choice":"Memory 1","floor":38.0,"gold_loss":0.0,"damage_taken":0.0},{"damage_healed":0.0,"max_hp_gain":0.0,"max_hp_loss":0.0,"gold_gain":0.0,"event_name":"MindBloom","player_choice":"Fight","floor":39.0,"gold_loss":0.0,"damage_taken":0.0},{"damage_healed":0,"gold_gain":0,"player_choice":"1 cards matched","damage_taken":0,"max_hp_gain":0,"max_hp_loss":0,"event_name":"Match and Keep!","floor":47,"gold_loss":0,"cards_obtained":["Deep Breath"]}],"is_beta":false,"boss_relics":[{"not_picked":["Busted Crown","Tiny House"],"picked":"Velvet Choker"},{"not_picked":["Cursed Key","Philosopher\u0027s Stone"],"picked":"Sozu"}],"items_purged_floors":[29],"is_endless":false,"potions_floor_spawned":[1,11,16,19,20,25,30,33,36,45,46,48],"ascension_level":8}}