{"host":"t9h87jftyp6v51pz","time":1613472544,"event":{"mods":["Act Like it!","Ascension Reborn","BaseMod","Gensokyo","Minty Spire (QoL Compilation)","MostiFishMod","Remilia（蕾米莉亚）","RumiaBox-露米娅的神秘盒子","Shop Mod","StSLib","Waifu the Spire"],"gold_per_floor":[119,11,11,11,11,11,45,45,45,26,39,76,90,104,118,252,266,303,340,174,141,163,199,199,227,227,107,107,124,137,151,151,270,270,283,283,296,319,331,372,372,403,433,455,230,270,270,310,310,310],"floor_reached":51,"language":"ZHS","playtime":2657,"items_purged":["Strike_RM+1"],"score":335,"play_id":"d6534516-c20a-4899-8350-6a063b01bb4a","local_time":"20210216184904","is_ascension_mode":true,"campfire_choices":[{"data":"HunterOfTheNight","floor":6,"key":"SMITH"},{"data":"ScarletDevilSign","floor":8,"key":"SMITH"},{"data":"BloodHunter","floor":13,"key":"SMITH"},{"data":"DiffusionOfMisfortune","floor":15,"key":"SMITH"},{"data":"DemonKingCradle","floor":24,"key":"SMITH"},{"data":"BatForm","floor":32,"key":"SMITH"},{"floor":49,"key":"REST"}],"circlet_count":0,"master_deck":["Strike_RM+1","Strike_RM+1","Strike_RM+1","Defend_RM+1","Defend_RM+1","Defend_RM+1","Defend_RM+1","RedMoon+1","ScarletShoot+1","HunterOfTheNight+1","ScarletNetherworld","ScarletDevilSign+1","BloodHunter+1","ForbiddenFruit","ScarletImprint","DemonKingCradle+1","EternalNight","RedRainbow","BloodHunter","EndlessAdversity","NightDance","BloodySeventeenLaser+1","BombardNight","Night Terror","BloodAndWine","ScarletDream","BatForm+1","DemonKingCradle","BloodHunter","RedRainbow+1","BloodHunter+1","ScarletDream+1","ScarletDevil+1","QueenOfMidnight","EndlessAdversity+1","Gensokyo:TurboGranny","Gensokyo:TrainingManual","BloodHunter+1","BombardNight"],"relics":["ScarletHat","DaveBox","RhineSuit","SynthV:TestCard","Lantern","Blood Vial","Bag of Marbles","CaptainsWheel","MawBank","Torii","SlaversCollar","SynthV:C4","Happy Flower","MerchantsRug","Ancient Tea Set","ScarletDevilRocket","Nunchaku","MealTicket","Regal Pillow","Gensokyo:LionMask","Girya","TimeKeys","ImprovedEquipment","MagicDraw4","WingedGreaves","FossilizedHelix","LastBattle","Vajra","Boot","BionicSphere","GodSword5"],"acts_visited":["Exordium","Gensokyo:Gensokyo","Gensokyo:Gensokyoer"],"potions_floor_usage":[23,33,33],"damage_taken":[{"damage":0,"enemies":"Gensokyo:2_Kodama","floor":1,"turns":2},{"damage":0,"enemies":"Gensokyo:Cirno","floor":7,"turns":5},{"damage":0,"enemies":"Gensokyo:Gryphon","floor":11,"turns":1},{"damage":0,"enemies":"Gensokyo:Aya","floor":12,"turns":1},{"damage":0,"enemies":"Gensokyo:Reimu","floor":16,"turns":3},{"damage":0,"enemies":"Gensokyo:AngelMirror","floor":18,"turns":3},{"damage":5,"enemies":"Gensokyo:Chomper","floor":19,"turns":3},{"damage":0,"enemies":"Gensokyo:Swordslinger","floor":22,"turns":2},{"damage":5,"enemies":"Gensokyo:Tenshi","floor":23,"turns":2},{"damage":5,"enemies":"Gensokyo:Wraith","floor":29,"turns":3},{"damage":5,"enemies":"Gensokyo:3_Gloops","floor":30,"turns":2},{"damage":0,"enemies":"Gensokyo:Slime_Group","floor":31,"turns":1},{"damage":5,"enemies":"Gensokyo:Eternal_Rivals","floor":33,"turns":5},{"damage":0,"enemies":"Gensokyo:3_Boulders","floor":35,"turns":2},{"damage":0,"enemies":"Gensokyo:AncientGuardian","floor":37,"turns":1},{"damage":0,"enemies":"Gensokyo:AtlasGolem","floor":38,"turns":3},{"damage":0,"enemies":"Gensokyo:Dusk_and_Dawn","floor":39,"turns":2},{"damage":0,"enemies":"Gensokyo:Kasen","floor":40,"turns":1},{"damage":0,"enemies":"Gensokyo:Doremy","floor":42,"turns":3},{"damage":0,"enemies":"Gensokyo:3_Boulders","floor":44,"turns":2},{"damage":0,"enemies":"Gensokyo:Kasen","floor":46,"turns":4},{"damage":0,"enemies":"Gensokyo:Marisa","floor":48,"turns":2},{"damage":49,"enemies":"Gensokyo:Yuyuko","floor":50,"turns":3}],"seed_played":"-158056556088615183","potions_obtained":[{"floor":1,"key":"Swift Potion"},{"floor":7,"key":"Block Potion"},{"floor":7,"key":"Swift Potion"},{"floor":18,"key":"SkillPotion"},{"floor":22,"key":"SpeedPotion"},{"floor":23,"key":"BlessingOfTheForge"},{"floor":23,"key":"DuplicationPotion"},{"floor":30,"key":"DistilledChaos"},{"floor":33,"key":"Regen Potion"},{"floor":35,"key":"LiquidMemories"},{"floor":37,"key":"Weak Potion"},{"floor":46,"key":"DestinyDice"}],"is_trial":false,"path_per_floor":["M","$","?","$","COS","R","E","R","T","$","M","E","R","?","R","B",null,"M","M","$","COS","M","E","R","T","T","?","?","M","M","M","R","B",null,"M","T","M","M","M","E","?","E","T","M","COS","E","?","E","R","B",null],"character_chosen":"REMILIA","items_purchased":["Lantern","BloodHunter","BloodHunter","MerchantsRug","EndlessAdversity"],"campfire_rested":1,"item_purchase_floors":[2,10,20,20,20],"current_hp_per_floor":[80,80,80,80,80,80,80,80,80,80,80,80,80,88,88,93,93,93,93,93,93,93,93,93,93,93,93,84,83,81,88,88,98,98,98,98,98,98,98,98,98,98,98,98,98,98,59,66,98,65],"gold":310,"neow_bonus":"RANDOM_COLORLESS","is_daily":false,"chose_seed":false,"campfire_upgraded":6,"win_rate":0.0,"timestamp":1613472544,"path_taken":["M","$","?","?","COS","R","E","R","T","?","M","E","R","?","R","BOSS","M","?","?","COS","M","E","R","?","T","?","?","M","?","M","R","BOSS","M","?","M","M","M","E","?","E","T","?","COS","E","?","E","R","BOSS"],"items_purchased_type":["Relic","Card","Card","Relic","Card"],"build_version":"2020-12-22","purchased_purges":1,"victory":true,"max_hp_per_floor":[80,80,80,80,80,80,80,80,80,80,80,80,80,88,88,93,93,93,93,93,93,93,93,93,93,93,93,93,93,93,93,93,98,98,98,98,98,98,98,98,98,98,98,98,98,98,98,98,98,103],"card_choices":[{"not_picked":["CharismaGuard","Maim"],"picked":"DiffusionOfMisfortune","floor":1},{"not_picked":["NightDance","SuperhumanBloodyKnife","BlasphemousPunishment","FavorOfDestiny"],"picked":"HunterOfTheNight","floor":3},{"not_picked":["DiffusionOfMisfortune","CharismaGuard","ScarletDream","CurseOfVladTepes"],"picked":"ScarletNetherworld","floor":3},{"not_picked":["DiffusionOfMisfortune","EmergencyRegeneration","HeartBreak","UnstableMagic"],"picked":"ScarletDevilSign","floor":7},{"not_picked":["CharismaGuard","FavorOfDestiny","DiffusionOfMisfortune","RedMagic"],"picked":"ForbiddenFruit","floor":11},{"not_picked":["VampireKiss","UnstableMagic","EmergencyRegeneration","ScarletDevil"],"picked":"ScarletImprint","floor":12},{"not_picked":["ScarletCoffin","BloodyCatastrophe","EquivalentExchange","BatForm"],"picked":"DemonKingCradle","floor":16},{"not_picked":["ScarletImprint","GlobalNightmare","BlasphemousPunishment","Septette+1"],"picked":"EternalNight","floor":18},{"not_picked":["MastersStateliness+1","ForbiddenFruit","BloodHunter","EndlessAdversity"],"picked":"RedRainbow","floor":19},{"not_picked":["StarOfDavid","BadLadyScramble+1","BlasphemousPunishment+1","GlobalNightmare"],"picked":"NightDance","floor":22},{"not_picked":["Septette+1","Stigmanizer+1","UnstableMagic+1","ScarletImprint+1"],"picked":"BloodySeventeenLaser+1","floor":23},{"not_picked":["CharismaGuard","MastersStateliness","NightLord","ScarletSymphony"],"picked":"BombardNight","floor":23},{"not_picked":["HunterOfTheNight+1","MiserableFate","UnderTheZenith","ScarletSymphony"],"picked":"BloodAndWine","floor":29},{"not_picked":["Stigmanizer","MillenniumVampire+1","AfternoonTea+1","ScarletDevil"],"picked":"ScarletDream","floor":30},{"not_picked":["GlobalNightmare","CharismaGuard+1","ScarletNetherworld","UnstableMagic+1"],"picked":"BatForm","floor":31},{"not_picked":["EquivalentExchange","ScarletMeister","BatForm","ForecastOfChange"],"picked":"DemonKingCradle","floor":33},{"not_picked":["DiffusionOfMisfortune","VampireKiss","UnstableMagic","ScarletDevil"],"picked":"BloodHunter","floor":35},{"not_picked":["ScarletGensokyo+1","ScarletImprint","UnstableMagic+1","ScarletDevil"],"picked":"RedRainbow+1","floor":37},{"not_picked":["ForbiddenFruit","UltimateOffering","GlobalNightmare+1","DiffusionOfMisfortune"],"picked":"BloodHunter+1","floor":38},{"not_picked":["MastersStateliness","MiserableFate+1","BlasphemousPunishment","Maim"],"picked":"ScarletDream+1","floor":39},{"not_picked":["Septette+1","Stigmanizer+1","MiserableFate+1","ScarletImprint+1"],"picked":"ScarletDevil+1","floor":40},{"not_picked":["Stigmanizer","HellCatastrophe","HunterOfTheNight","VampirishNight+1"],"picked":"QueenOfMidnight","floor":42},{"not_picked":["AfternoonTea+1","ScarletGensokyo","NightDance+1","ReincarnationDial+1"],"picked":"EndlessAdversity+1","floor":44},{"not_picked":["FavorOfDestiny+1","Stigmanizer","BlasphemousPunishment","RedRainbow"],"picked":"BloodHunter+1","floor":46},{"not_picked":["UltimateOffering","ForbiddenFruit","HeartBreak","MiserableFate+1"],"picked":"BombardNight","floor":48}],"player_experience":6896,"relics_obtained":[{"floor":1,"key":"SynthV:TestCard"},{"floor":7,"key":"Blood Vial"},{"floor":9,"key":"Bag of Marbles"},{"floor":9,"key":"CaptainsWheel"},{"floor":12,"key":"MawBank"},{"floor":16,"key":"Torii"},{"floor":18,"key":"SynthV:C4"},{"floor":19,"key":"Happy Flower"},{"floor":23,"key":"Ancient Tea Set"},{"floor":25,"key":"ScarletDevilRocket"},{"floor":25,"key":"Nunchaku"},{"floor":26,"key":"MealTicket"},{"floor":26,"key":"Regal Pillow"},{"floor":33,"key":"Girya"},{"floor":36,"key":"ImprovedEquipment"},{"floor":36,"key":"MagicDraw4"},{"floor":40,"key":"WingedGreaves"},{"floor":42,"key":"FossilizedHelix"},{"floor":43,"key":"LastBattle"},{"floor":43,"key":"Vajra"},{"floor":46,"key":"Boot"},{"floor":48,"key":"GodSword5"}],"event_choices":[],"is_beta":false,"boss_relics":[{"not_picked":["Astrolabe","SacredBark"],"picked":"SlaversCollar"},{"not_picked":["HereWithMe","Tiny House"],"picked":"TimeKeys"}],"items_purged_floors":[20],"is_endless":false,"potions_floor_spawned":[7,11,16,23,29,31,37,39,42,44,48],"ascension_level":-20}}