{"host":"0bl8lf938r434xzd","time":1613479202,"event":{"mods":["AchievementEnabler","BaseMod","Downfall","GifTheSpireLib","Googly Eyes","Minty Spire (QoL Compilation)","Shop Mod","StSLib","The Cursed","The IronCluck","Waifu the Spire"],"gold_per_floor":[99,117,134,309,4,4,30,30,30,45,45,64,64,84,97,192,192,192,204,223,127,143,143,193,222,222,222,222,222],"floor_reached":27,"language":"ENG","playtime":1572,"items_purged":["Doubt"],"score":223,"play_id":"0140533c-170e-4832-afa5-a3eb1229459f","local_time":"20210216224002","is_ascension_mode":false,"campfire_choices":[{"data":"Guardian:CurlUp","floor":1,"key":"SMITH"},{"data":"Guardian:RollAttack","floor":8,"key":"SMITH"},{"data":"Guardian:Recover","floor":23,"key":"SMITH"}],"circlet_count":0,"master_deck":["Guardian:Strike_Guardian","Guardian:Strike_Guardian","Guardian:Strike_Guardian","Guardian:Strike_Guardian","Guardian:Defend_Guardian","Guardian:Defend_Guardian","Guardian:Defend_Guardian","Guardian:Defend_Guardian","Guardian:CurlUp+1","Guardian:TwinSlam+1","Guardian:TemporalStrike","Guardian:RollAttack+1","Guardian:PiercingHide","Guardian:VentSteam","Flash of Steel","Guardian:SpikerProtocol","Guardian:ConstructionForm","Guardian:Gem_Blue","Guardian:DecasProtection","Guardian:FastForward","Guardian:Preprogram","Guardian:Recover+1"],"relics":["Guardian:ModeShifter","PreservedInsect","Guardian:PickAxe","MealTicket","Molten Egg 2","SlaversCollar","Bottled Flame","downfall:RedIOU"],"acts_visited":["Exordium","TheCity"],"potions_floor_usage":[16,16,25,25],"damage_taken":[{"damage":1,"enemies":"Cultist","floor":2,"turns":4},{"damage":1,"enemies":"Jaw Worm","floor":3,"turns":4},{"damage":0,"enemies":"downfall:FleeingMerchant","floor":5,"turns":4},{"damage":0,"enemies":"Small Slimes","floor":10,"turns":3},{"damage":13,"enemies":"Exordium Wildlife","floor":12,"turns":6},{"damage":0,"enemies":"downfall:LooterAlt","floor":14,"turns":3},{"damage":7,"enemies":"3 Louse","floor":15,"turns":3},{"damage":23,"enemies":"IC_STATUS_ARCHETYPE","floor":16,"turns":9},{"damage":5,"enemies":"Shell Parasite","floor":19,"turns":5},{"damage":4,"enemies":"Spheric Guardian","floor":20,"turns":5},{"damage":0,"enemies":"downfall:FleeingMerchant","floor":21,"turns":4},{"damage":19,"enemies":"Snake Plant","floor":22,"turns":5},{"damage":55,"enemies":"Gremlin Leader","floor":25,"turns":7},{"damage":7,"enemies":"3 Cultists","floor":27,"turns":3}],"seed_played":"-1085025576397617563","potions_obtained":[{"floor":12,"key":"SteroidPotion"},{"floor":14,"key":"Strength Potion"},{"floor":15,"key":"Dexterity Potion"},{"floor":16,"key":"sneckomod:MuddlingPotion"},{"floor":19,"key":"LiquidBronze"},{"floor":22,"key":"AttackPotion"}],"is_trial":false,"path_per_floor":["R","M","M","?","$","R","T","R","?","M","?","M","T","M","M","B",null,"R","M","M","$","M","R","T","E","?","M"],"character_chosen":"GUARDIAN","items_purchased":["Guardian:Gem_Purple","Guardian:PickAxe","Guardian:Preprogram"],"campfire_rested":0,"item_purchase_floors":[5,5,21],"current_hp_per_floor":[80,79,78,78,78,78,78,78,78,78,78,65,65,65,58,35,80,80,75,71,80,61,61,61,6,6,0,0,0],"gold":222,"neow_bonus":"RANDOM_COMMON_RELIC","is_daily":false,"chose_seed":false,"campfire_upgraded":3,"win_rate":0.0,"timestamp":1613479202,"path_taken":["R","M","?","?","$","R","T","R","?","?","?","?","?","M","M","BOSS","R","M","M","$","M","R","T","E","?","M"],"items_purchased_type":["Card","Relic","Card"],"build_version":"2020-12-22","purchased_purges":1,"victory":false,"max_hp_per_floor":[80,80,80,80,80,80,80,80,80,80,80,80,80,80,80,80,80,80,80,80,80,80,80,80,80,80,80,80,80],"card_choices":[{"not_picked":["Guardian:VentSteam","Guardian:TemporalShield"],"picked":"Guardian:TemporalStrike","floor":2},{"not_picked":["Guardian:ShieldCharger","Guardian:CrystalBeam"],"picked":"Guardian:Gem_Fragmented","floor":3},{"not_picked":["Guardian:BaubleBeam","Guardian:TemporalStrike"],"picked":"Guardian:RollAttack","floor":5},{"not_picked":["Guardian:TimeCapacitor","Guardian:PrismaticBarrier"],"picked":"Guardian:PiercingHide","floor":10},{"not_picked":["Guardian:PrismaticBarrier","Guardian:RefractedBeam"],"picked":"Guardian:Gem_Fragmented","floor":12},{"not_picked":["Guardian:BodySlam+1","Guardian:TemporalStrike+1"],"picked":"Guardian:SpikerProtocol","floor":14},{"not_picked":["Guardian:VentSteam","Guardian:RollAttack+1","Guardian:ShieldCharger"],"picked":"SKIP","floor":15},{"not_picked":["Guardian:ExploitGems","Guardian:SphericShield"],"picked":"Guardian:ConstructionForm","floor":16},{"not_picked":["Guardian:DonusPower","Guardian:PolyBeam+1"],"picked":"Guardian:DecasProtection","floor":19},{"not_picked":["Guardian:Reroute+1","Guardian:ChargeCore+1"],"picked":"Guardian:Gem_Purple","floor":20},{"not_picked":["Guardian:Gem_Green","Guardian:Gem_Crimson"],"picked":"Guardian:FastForward","floor":21},{"not_picked":["Guardian:Gem_Green","Guardian:Gem_Crimson"],"picked":"Guardian:Recover","floor":22},{"not_picked":["Guardian:HyperBeam_Guardian+1","Guardian:Suspension+1","Guardian:Gem_Cyan"],"picked":"SKIP","floor":25}],"player_experience":330859,"relics_obtained":[{"floor":7,"key":"MealTicket"},{"floor":13,"key":"Molten Egg 2"},{"floor":24,"key":"Orichalcum"},{"floor":25,"key":"Bottled Flame"}],"event_choices":[],"is_beta":false,"boss_relics":[{"not_picked":["Runic Dome","Fusion Hammer"],"picked":"SlaversCollar"}],"items_purged_floors":[5],"is_endless":false,"potions_floor_spawned":[12,14,15,16,19,20,22],"killed_by":"3 Cultists","ascension_level":0}}