{"host":"f76wcztdlwlduum6","time":1613442581,"event":{"mods":["BaseMod","BetterRewards","Colored Powertips","Minty Spire (QoL Compilation)","Quick Restart","Rare Cards Sparkle","Relic Stats","StSLib","SuperFastMode","everything is the same but u backflip on backflip"],"gold_per_floor":[117,267,282,292,53,53,53],"floor_reached":6,"language":"ENG","playtime":280,"items_purged":["Strike_G"],"score":72,"play_id":"e79a8caa-60b0-4cee-99b7-b1e77e2ebe35","local_time":"20210215202941","is_ascension_mode":true,"campfire_choices":[],"circlet_count":0,"master_deck":["AscendersBane","Strike_G","Strike_G","Strike_G","Strike_G","Defend_G","Defend_G","Defend_G","Defend_G","Defend_G","Survivor","Neutralize","Backflip","Doubt","A Thousand Cuts","Backflip","Acrobatics","Escape Plan","Backstab","Cloak And Dagger","Leg Sweep"],"relics":["SlaversCollar","Orrery"],"acts_visited":["Exordium"],"potions_floor_usage":[4],"damage_taken":[{"damage":0,"enemies":"2 Louse","floor":1,"turns":3},{"damage":31,"enemies":"Jaw Worm","floor":3,"turns":9},{"damage":3,"enemies":"Small Slimes","floor":4,"turns":6},{"damage":37,"enemies":"Gremlin Nob","floor":6,"turns":4}],"seed_played":"-5574330292393885966","potions_obtained":[{"floor":3,"key":"EssenceOfSteel"}],"is_trial":false,"path_per_floor":["M","?","M","M","$","E"],"character_chosen":"THE_SILENT","items_purchased":["Orrery"],"campfire_rested":0,"item_purchase_floors":[5],"current_hp_per_floor":[59,59,28,25,25,0,0],"gold":53,"neow_bonus":"BOSS_RELIC","is_daily":false,"chose_seed":false,"campfire_upgraded":0,"win_rate":0.0,"timestamp":1613442581,"path_taken":["M","?","M","M","$","E"],"items_purchased_type":["Relic"],"build_version":"2020-12-22","purchased_purges":1,"victory":false,"max_hp_per_floor":[66,66,66,66,66,66,66],"relic_stats":{"counters":[4,22],"obtain_stats":[{"SlaversCollar":0,"Orrery":5,"Ring of the Snake":0},{"SlaversCollar":0,"Orrery":3,"Ring of the Snake":0},{"SlaversCollar":0,"Orrery":18,"Ring of the Snake":0}]},"card_choices":[{"not_picked":["Deflect","Dagger Throw"],"picked":"Backflip","floor":1},{"not_picked":["Blur","Choke"],"picked":"A Thousand Cuts","floor":3},{"not_picked":["All Out Attack","Crippling Poison"],"picked":"Backflip","floor":4},{"not_picked":["Flying Knee","Outmaneuver"],"picked":"Acrobatics","floor":5},{"not_picked":["Poisoned Stab","Caltrops"],"picked":"Escape Plan","floor":5},{"not_picked":["Prepared","Bane"],"picked":"Backstab","floor":5},{"not_picked":["Deadly Poison","Blur"],"picked":"Cloak And Dagger","floor":5},{"not_picked":["Masterful Stab","Quick Slash"],"picked":"Leg Sweep","floor":5}],"player_experience":336738,"relics_obtained":[],"event_choices":[{"damage_healed":0,"gold_gain":150,"player_choice":"AGREE","damage_taken":0,"max_hp_gain":0,"max_hp_loss":0,"event_name":"Liars Game","floor":2,"gold_loss":0,"cards_obtained":["Doubt"]}],"is_beta":false,"boss_relics":[],"items_purged_floors":[5],"is_endless":false,"potions_floor_spawned":[3],"killed_by":"Gremlin Nob","ascension_level":20}}