{"host":"sf9jac3ppl7h88gj","time":1613495613,"event":{"mods":["AchievementEnabler","Ascension Unlocker","BaseMod","Colored Map","Custom Start","Force Act Four","Minty Spire (QoL Compilation)","Replay The Spire","StSLib"],"gold_per_floor":[113,125,136,136,147,182,194,194,194,194,206,241,266,281,281,281,281],"floor_reached":16,"language":"ENG","playtime":1157,"items_purged":[],"score":228,"play_id":"79e01192-52f9-4f23-971a-8fff1a824115","local_time":"20210216121333","is_ascension_mode":true,"campfire_choices":[{"data":"Replay:Undeath\u0027s Touch","floor":8,"key":"SMITH"},{"data":"Run Through","floor":10,"key":"SMITH"},{"data":"Rage","floor":15,"key":"SMITH"}],"circlet_count":0,"master_deck":["AscendersBane","Strike_R","Strike_R","Strike_R","Strike_R","Defend_R","Defend_R","Defend_R","Defend_R","Bash","Vigilance","Strike_R","Run Through+1","Wild Strike","Seeing Red","Clash","Replay:Undeath\u0027s Touch+1","Warcry","Cleave","Body Slam","Rage+1","Clash"],"relics":["Burning Blood","Charon\u0027s Ashes","Blue Doll","Centennial Puzzle","PreservedInsect"],"acts_visited":["Exordium"],"potions_floor_usage":[6,6,12,13,16,16],"damage_taken":[{"damage":10,"enemies":"Cultist","floor":1,"turns":5},{"damage":4,"enemies":"Small Slimes","floor":2,"turns":4},{"damage":1,"enemies":"2 Louse","floor":3,"turns":2},{"damage":1,"enemies":"Exordium Wildlife","floor":5,"turns":3},{"damage":24,"enemies":"Lagavulin","floor":6,"turns":6},{"damage":8,"enemies":"Blue Slaver","floor":7,"turns":4},{"damage":5,"enemies":"Red Slaver","floor":11,"turns":3},{"damage":15,"enemies":"3 Sentries","floor":13,"turns":5},{"damage":0,"enemies":"Gremlin Gang","floor":14,"turns":4},{"damage":54,"enemies":"Hexaghost","floor":16,"turns":8}],"seed_played":"-1725086827952423959","potions_obtained":[{"floor":3,"key":"DuplicationPotion"},{"floor":5,"key":"SteroidPotion"},{"floor":6,"key":"Fire Potion"},{"floor":11,"key":"FearPotion"},{"floor":12,"key":"BloodPotion"},{"floor":12,"key":"Regen Potion"},{"floor":14,"key":"SkillPotion"}],"is_trial":false,"path_per_floor":["M","M","M","?","M","E","M","R","T","R","M","?","E","M","R","B"],"character_chosen":"IRONCLAD","items_purchased":[],"campfire_rested":0,"item_purchase_floors":[],"current_hp_per_floor":[64,66,71,64,69,51,49,49,49,49,50,35,40,46,46,0,0],"gold":281,"neow_bonus":"ONE_RARE_RELIC","is_daily":false,"chose_seed":false,"campfire_upgraded":3,"win_rate":0.0,"timestamp":1613495613,"path_taken":["M","?","M","?","M","E","M","R","T","R","M","?","E","M","R","BOSS"],"items_purchased_type":[],"build_version":"2020-12-22","purchased_purges":0,"victory":false,"max_hp_per_floor":[75,75,75,75,75,75,75,75,75,75,75,75,75,75,75,75,75],"card_choices":[{"not_picked":["Rupture","Iron Wave"],"picked":"Run Through","floor":1},{"not_picked":["Combust","Warcry"],"picked":"Wild Strike","floor":2},{"not_picked":["Twin Strike","Ghostly Armor"],"picked":"Seeing Red","floor":3},{"not_picked":["Armaments","Flex"],"picked":"Clash","floor":5},{"not_picked":["Iron Wave","Entrench"],"picked":"Replay:Undeath\u0027s Touch","floor":6},{"not_picked":["Rupture","Pommel Strike"],"picked":"Warcry","floor":7},{"not_picked":["Replay:Many Hands","Clothesline"],"picked":"Cleave","floor":11},{"not_picked":["Hemokinesis","Heavy Blade"],"picked":"Body Slam","floor":12},{"not_picked":["Armaments","ReplayTheSpireMod:Strike From Hell"],"picked":"Rage","floor":13},{"not_picked":["Searing Blow","Headbutt"],"picked":"Clash","floor":14}],"player_experience":1303897,"relics_obtained":[{"floor":6,"key":"Blue Doll"},{"floor":9,"key":"Centennial Puzzle"},{"floor":13,"key":"PreservedInsect"}],"event_choices":[{"cards_removed":["Strike_R"],"damage_healed":0,"gold_gain":0,"player_choice":"Card Removal","damage_taken":7,"max_hp_gain":0,"max_hp_loss":0,"event_name":"Golden Wing","floor":4,"gold_loss":0}],"is_beta":false,"boss_relics":[],"items_purged_floors":[],"is_endless":false,"potions_floor_spawned":[3,5,6,11,14],"killed_by":"Hexaghost","ascension_level":20}}