{"host":"vl29iwkwnyytuw8q","time":1613490321,"event":{"mods":["BaseMod","Minty Spire (QoL Compilation)","Permanent Neow","Relic Stats","StSLib"],"gold_per_floor":[112,112,130,142,155,155,170,170,195,207,225,250,250,325,325,402,402,412,42,60,60,60,60],"floor_reached":22,"language":"ENG","playtime":811,"items_purged":["Strike_R"],"score":367,"play_id":"93c2efa9-a855-4e8b-b99a-0a0b210b3b9c","local_time":"20210216164521","is_ascension_mode":true,"campfire_choices":[{"data":"Armaments","floor":6,"key":"SMITH"},{"floor":8,"key":"REST"},{"floor":13,"key":"REST"},{"floor":15,"key":"REST"}],"circlet_count":0,"master_deck":["AscendersBane","Strike_R","Strike_R","Strike_R","Strike_R","Defend_R","Defend_R","Defend_R","Defend_R","Bash","Clothesline","Sever Soul","Seeing Red","Armaments+1","Spot Weakness","Shockwave","Barricade","Limit Break","Iron Wave","Dark Embrace","Flame Barrier","Pommel Strike","Limit Break"],"relics":["Runic Pyramid","Nunchaku","Orichalcum","Mark of Pain","Lantern"],"acts_visited":["Exordium","TheCity"],"potions_floor_usage":[3,12,12],"damage_taken":[{"damage":1.0,"enemies":"Small Slimes","floor":1.0,"turns":4.0},{"damage":1,"enemies":"Cultist","floor":3,"turns":4},{"damage":14,"enemies":"2 Louse","floor":4,"turns":3},{"damage":17,"enemies":"Large Slime","floor":5,"turns":5},{"damage":12,"enemies":"Lots of Slimes","floor":7,"turns":6},{"damage":9,"enemies":"3 Louse","floor":10,"turns":4},{"damage":4,"enemies":"Looter","floor":11,"turns":3},{"damage":31,"enemies":"Gremlin Nob","floor":12,"turns":4},{"damage":15,"enemies":"Slime Boss","floor":16,"turns":7},{"damage":37,"enemies":"3 Byrds","floor":18,"turns":6},{"damage":19,"enemies":"Spheric Guardian","floor":20,"turns":6},{"damage":11,"enemies":"Chosen and Byrds","floor":22,"turns":3}],"seed_played":"-1845115270417661250","potions_obtained":[{"floor":2.0,"key":"FairyPotion"},{"floor":2.0,"key":"DuplicationPotion"},{"floor":3,"key":"Block Potion"},{"floor":10,"key":"BloodPotion"}],"is_trial":false,"path_per_floor":["M","?","M","M","M","R","M","R","T","M","M","E","R","?","R","B",null,"M","$","M","?","M"],"character_chosen":"IRONCLAD","items_purchased":["Dark Embrace","Flame Barrier","Lantern"],"campfire_rested":3,"item_purchase_floors":[19,19,19],"current_hp_per_floor":[67,67,66,52,35,35,23,45,45,36,32,16,38,27,49,34,65,28,28,9,9,0,0],"gold":60,"neow_bonus":"BOSS_RELIC","is_daily":false,"chose_seed":false,"campfire_upgraded":1,"win_rate":0.0,"timestamp":1613490321,"path_taken":["M","?","M","M","M","R","M","R","T","?","M","E","R","?","R","BOSS","M","$","M","?","?"],"items_purchased_type":["Card","Card","Relic"],"build_version":"2020-12-22","purchased_purges":1,"victory":false,"max_hp_per_floor":[75,75,75,75,75,75,75,75,75,75,75,75,75,75,75,75,75,75,75,75,75,75,75],"relic_stats":{"Nunchaku":[4],"counters":[12,55],"Orichalcum":[36],"obtain_stats":[{"Nunchaku":9,"Lantern":19,"Mark of Pain":17,"Orichalcum":12,"Burning Blood":0,"Runic Pyramid":0},{"Nunchaku":5,"Lantern":10,"Mark of Pain":9,"Orichalcum":8,"Burning Blood":0,"Runic Pyramid":0},{"Nunchaku":22,"Lantern":46,"Mark of Pain":40,"Orichalcum":33,"Burning Blood":0,"Runic Pyramid":0}]},"card_choices":[{"not_picked":["Wild Strike","Pommel Strike"],"picked":"Clothesline","floor":1.0},{"not_picked":["Infernal Blade","Feel No Pain"],"picked":"Sever Soul","floor":3},{"not_picked":["Havoc","Perfected Strike"],"picked":"Seeing Red","floor":4},{"not_picked":["Clothesline","Havoc"],"picked":"Armaments","floor":5},{"not_picked":["Double Tap","Cleave"],"picked":"Spot Weakness","floor":7},{"not_picked":["Rupture","Burning Pact"],"picked":"Shockwave","floor":10},{"not_picked":["Wild Strike","Searing Blow","Armaments"],"picked":"SKIP","floor":11},{"not_picked":["Dual Wield","Sword Boomerang"],"picked":"Barricade","floor":12},{"not_picked":["Demon Form","Offering"],"picked":"Limit Break","floor":16},{"not_picked":["Rampage","Warcry"],"picked":"Iron Wave","floor":18},{"not_picked":["Wild Strike","Armaments"],"picked":"Pommel Strike","floor":20}],"player_experience":689220,"relics_obtained":[{"floor":9,"key":"Nunchaku"},{"floor":12,"key":"Orichalcum"}],"event_choices":[{"damage_healed":0.0,"max_hp_gain":0.0,"max_hp_loss":0.0,"gold_gain":0.0,"event_name":"Lab","player_choice":"Got Potions","floor":2.0,"gold_loss":0.0,"damage_taken":0.0},{"damage_healed":0,"gold_gain":75,"player_choice":"Gather Gold","damage_taken":11,"max_hp_gain":0,"max_hp_loss":0,"event_name":"World of Goop","floor":14,"gold_loss":0},{"damage_healed":0,"gold_gain":0,"player_choice":"Copied","damage_taken":0,"max_hp_gain":0,"max_hp_loss":0,"event_name":"Duplicator","floor":21,"gold_loss":0,"cards_obtained":["Limit Break"]}],"is_beta":false,"boss_relics":[{"not_picked":["Tiny House","Busted Crown"],"picked":"Mark of Pain"}],"items_purged_floors":[19],"is_endless":false,"potions_floor_spawned":[3,5,10,11],"killed_by":"Chosen and Byrds","ascension_level":19}}