{"host":"0s686iw3hprdrk8c","time":1613438111,"event":{"mods":["BaseMod","Bestiary","Downfall","Marisa????????","Minty Spire (QoL Compilation)","Replay The Spire","StSLib","The Hierophant","The Servant 0.9.4"],"gold_per_floor":[117,117,134,309,325,325,359,359,359,359,382,417,442,456,456,456,456],"floor_reached":16,"language":"ENG","playtime":1413,"items_purged":[],"score":112,"play_id":"11497e9f-2de4-41ab-8a42-4b1533264154","local_time":"20210215201511","is_ascension_mode":false,"campfire_choices":[{"floor":6.0,"key":"RECALL"},{"data":"DeceiveReality","floor":8.0,"key":"SMITH"}],"circlet_count":0,"master_deck":["Strike_P","Strike_P","Strike_P","Defend_P","Defend_P","Defend_P","Defend_P","Eruption","Vigilance","CrushJoints","BowlingBash","Doubt","Replay:ManipulateFuture","DeceiveReality+1","Injury","Nirvana+1","FlurryOfBlows","PathToVictory","MasterReality"],"relics":["PureWater","Strawberry","Shuriken","Replay:Multitool","Golden Idol","Orichalcum"],"acts_visited":["Exordium"],"potions_floor_usage":[],"damage_taken":[{"damage":0.0,"enemies":"Small Slimes","floor":1.0,"turns":2.0},{"damage":0.0,"enemies":"2 Louse","floor":3.0,"turns":2.0},{"damage":7.0,"enemies":"Cultist","floor":5.0,"turns":3.0},{"damage":24.0,"enemies":"Lagavulin","floor":7.0,"turns":6.0},{"damage":4.0,"enemies":"Large Slime","floor":11.0,"turns":8.0},{"damage":1.0,"enemies":"3 Sentries","floor":12.0,"turns":8.0},{"damage":10.0,"enemies":"Exordium Wildlife","floor":13.0,"turns":7.0},{"damage":0.0,"enemies":"3 Louse","floor":14.0,"turns":4.0},{"damage":62,"enemies":"Hexaghost","floor":16,"turns":9}],"seed_played":"-8419736701663942922","potions_obtained":[{"floor":1.0,"key":"SkillPotion"},{"floor":3.0,"key":"LiquidBronze"},{"floor":11.0,"key":"AttackPotion"}],"is_trial":false,"path_per_floor":["M","?","M","?","M","R","E","R","T","R","M","E","M","M","R","B"],"character_chosen":"WATCHER","items_purchased":[],"campfire_rested":0,"item_purchase_floors":[],"current_hp_per_floor":[79,79,79,79,72,72,48,48,48,48,44,43,33,33,56,0,0],"gold":456,"neow_bonus":"RANDOM_COMMON_RELIC","is_daily":false,"chose_seed":false,"campfire_upgraded":1,"win_rate":0.0,"timestamp":1613438111,"path_taken":["M","?","M","?","M","R","E","R","T","R","M","E","M","M","R","BOSS"],"items_purchased_type":[],"build_version":"2020-12-22","purchased_purges":0,"victory":false,"max_hp_per_floor":[79,79,79,79,79,79,79,79,79,79,79,79,79,79,79,79,79],"card_choices":[{"not_picked":["Replay:Cycle","Protect"],"picked":"CrushJoints","floor":1.0},{"not_picked":["CrushJoints","Evaluate"],"picked":"BowlingBash","floor":3.0},{"not_picked":["PathToVictory","Pray"],"picked":"Replay:ManipulateFuture","floor":5.0},{"not_picked":["EmptyFist","FollowUp"],"picked":"DeceiveReality","floor":7.0},{"not_picked":["Crescendo","Evaluate"],"picked":"Nirvana","floor":11.0},{"not_picked":["Replay:Vibes","Prostrate"],"picked":"FlurryOfBlows","floor":12.0},{"not_picked":["Replay:BluntJabs","Crescendo"],"picked":"PathToVictory","floor":13.0},{"not_picked":["Replay:AtTheReady","DeceiveReality"],"picked":"MasterReality","floor":14.0}],"player_experience":249677,"relics_obtained":[{"floor":7.0,"key":"Shuriken"},{"floor":9.0,"key":"Replay:Multitool"},{"floor":12.0,"key":"Orichalcum"}],"event_choices":[{"damage_healed":0.0,"max_hp_gain":0.0,"max_hp_loss":0.0,"gold_gain":175.0,"event_name":"Liars Game","player_choice":"AGREE","floor":4.0,"gold_loss":0.0,"damage_taken":0.0,"cards_obtained":["Doubt"]},{"damage_healed":0.0,"max_hp_gain":0.0,"max_hp_loss":0.0,"gold_gain":0.0,"event_name":"Golden Idol","player_choice":"Take Wound","floor":10.0,"gold_loss":0.0,"damage_taken":0.0,"relics_obtained":["Golden Idol"],"cards_obtained":["Injury"]}],"is_beta":false,"boss_relics":[],"items_purged_floors":[],"is_endless":false,"potions_floor_spawned":[1,3,11],"killed_by":"Hexaghost","ascension_level":0}}