{"host":"aapp7ew3jk5k1bvd","time":1613491385,"event":{"mods":["AchievementEnabler","BaseMod","Colored Map","Custom Start","Keyboard Shortcuts","Minty Spire (QoL Compilation)","Permanent Neow","Quick Restart","StSLib","SuperFastMode"],"gold_per_floor":[360,43,43,43,43,43,76,94,169,201,217,245,259,278,278,377,377,364,364,263,263,163,198,198,0,69,69,0,25,41,60,60,159,159,171,171,171,183,183,183,257,257,257,607,414,428,428,137,137,137],"floor_reached":51,"language":"KOR","playtime":1574,"items_purged":["Strike_G","Strike_G","Riddle With Holes","Defend_G"],"score":922,"play_id":"c86b7260-3df4-4589-b1f5-b5afcca5493e","local_time":"20210217010305","is_ascension_mode":true,"campfire_choices":[{"data":"After Image","floor":6.0,"key":"SMITH"},{"floor":15.0,"key":"REST"},{"data":"Noxious Fumes","floor":24.0,"key":"SMITH"},{"data":"Cloak And Dagger","floor":27.0,"key":"SMITH"},{"floor":32.0,"key":"REST"},{"data":"Envenom","floor":40,"key":"SMITH"},{"data":"Noxious Fumes","floor":42,"key":"SMITH"},{"floor":49,"key":"REST"}],"circlet_count":0,"master_deck":["Defend_G","Defend_G","Defend_G","Defend_G","Survivor","Neutralize","Cloak And Dagger+1","After Image+1","Deflect+1","Noxious Fumes+1","Deflect+1","Dodge and Roll+1","Burst+1","Distraction+1","Blade Dance+1","Noxious Fumes+1","Catalyst+1","Envenom+1","Accuracy","Madness+1","Madness+1","Adrenaline+1","Footwork"],"relics":["Ring of the Serpent","PreservedInsect","Toxic Egg 2","Du-Vu Doll","StrikeDummy","Bag of Preparation","Snake Skull","HoveringKite","Matryoshka","Meat on the Bone","Bottled Flame","Centennial Puzzle","Kunai","Molten Egg 2","Pocketwatch","Old Coin"],"acts_visited":["Exordium","TheCity","TheBeyond"],"potions_floor_usage":[46,50,50],"damage_taken":[{"damage":1.0,"enemies":"Small Slimes","floor":1.0,"turns":4.0},{"damage":15.0,"enemies":"Gremlin Nob","floor":7.0,"turns":4.0},{"damage":0.0,"enemies":"2 Louse","floor":8.0,"turns":4.0},{"damage":0.0,"enemies":"Lagavulin","floor":10.0,"turns":7.0},{"damage":0.0,"enemies":"Jaw Worm","floor":11.0,"turns":2.0},{"damage":0.0,"enemies":"3 Sentries","floor":12.0,"turns":6.0},{"damage":8.0,"enemies":"Exordium Thugs","floor":13.0,"turns":7.0},{"damage":2.0,"enemies":"3 Louse","floor":14.0,"turns":4.0},{"damage":13.0,"enemies":"The Guardian","floor":16.0,"turns":13.0},{"damage":3.0,"enemies":"2 Thieves","floor":18.0,"turns":5.0},{"damage":0.0,"enemies":"Gremlin Leader","floor":23.0,"turns":7.0},{"damage":2.0,"enemies":"Book of Stabbing","floor":29.0,"turns":6.0},{"damage":0.0,"enemies":"Shell Parasite","floor":30.0,"turns":5.0},{"damage":10.0,"enemies":"Chosen and Byrds","floor":31.0,"turns":6.0},{"damage":4.0,"enemies":"Collector","floor":33.0,"turns":6.0},{"damage":0,"enemies":"3 Shapes","floor":35,"turns":5},{"damage":1,"enemies":"3 Darklings","floor":38,"turns":6},{"damage":0,"enemies":"Mind Bloom Boss Battle","floor":44,"turns":4},{"damage":4,"enemies":"4 Shapes","floor":46,"turns":5},{"damage":17,"enemies":"Awakened One","floor":50,"turns":12}],"seed_played":"-3406308384412750608","potions_obtained":[{"floor":1.0,"key":"Fire Potion"},{"floor":7.0,"key":"BlessingOfTheForge"},{"floor":8.0,"key":"SpeedPotion"},{"floor":14.0,"key":"AttackPotion"},{"floor":29.0,"key":"Block Potion"},{"floor":33.0,"key":"Strength Potion"}],"is_trial":false,"path_per_floor":["M","$","?","?","T","R","E","M","T","E","M","E","M","M","R","B",null,"M","?","$","?","$","E","R","?","T","R","$","E","M","M","R","B",null,"M","?","?","M","?","R","T","R","T","?","$","M","?","$","R","B",null],"character_chosen":"THE_SILENT","items_purchased":["After Image","PreservedInsect","Blade Dance+1","Noxious Fumes","Accuracy","Adrenaline+1","Footwork"],"campfire_rested":3,"item_purchase_floors":[2,2,20,28,45,48,48],"current_hp_per_floor":[62,62,62,67,67,67,52,52,52,52,52,52,44,42,62,49,68,65,65,65,53,53,53,53,53,53,53,53,51,51,41,62,58,73,73,73,73,72,72,72,72,72,72,72,72,68,59,59,73,56],"gold":137,"neow_bonus":"TWO_FIFTY_GOLD","is_daily":false,"chose_seed":false,"campfire_upgraded":5,"win_rate":0.0,"timestamp":1613491385,"path_taken":["M","$","?","?","?","R","E","M","T","E","M","E","M","?","R","BOSS","M","?","$","?","$","E","R","?","T","R","?","E","?","M","R","BOSS","M","?","?","M","?","R","?","R","T","?","$","?","?","$","R","BOSS"],"items_purchased_type":["Card","Relic","Card","Card","Card","Card","Card"],"build_version":"2020-12-22","purchased_purges":4,"victory":true,"max_hp_per_floor":[63,63,63,68,68,68,68,68,68,68,68,68,68,68,68,68,68,68,68,68,73,73,73,73,73,73,73,73,73,73,73,73,73,73,73,73,73,73,73,73,73,73,73,73,73,73,73,73,73,73],"card_choices":[{"not_picked":["Dagger Throw","Dodge and Roll"],"picked":"Cloak And Dagger","floor":1.0},{"not_picked":["Bouncing Flask+1","Concentrate+1"],"picked":"Deflect+1","floor":7.0},{"not_picked":["Bouncing Flask+1","Poisoned Stab"],"picked":"Noxious Fumes","floor":8.0},{"not_picked":["Dagger Spray","Terror+1"],"picked":"Deflect+1","floor":10.0},{"not_picked":["Crippling Poison+1","Glass Knife","Deadly Poison+1"],"picked":"SKIP","floor":11.0},{"not_picked":["Calculated Gamble+1","Dodge and Roll+1","Sucker Punch"],"picked":"SKIP","floor":12.0},{"not_picked":["Masterful Stab","Prepared+1"],"picked":"Dodge and Roll+1","floor":13.0},{"not_picked":["Quick Slash","Acrobatics+1","Bane"],"picked":"SKIP","floor":14.0},{"not_picked":["Tools of the Trade","Malaise+1"],"picked":"Burst+1","floor":16.0},{"not_picked":["Acrobatics+1","Dagger Throw","Quick Slash"],"picked":"SKIP","floor":18.0},{"not_picked":["Acrobatics+1","Wraith Form v2","Dodge and Roll+1"],"picked":"SKIP","floor":23.0},{"not_picked":["Burst+1","Deadly Poison+1","Concentrate+1"],"picked":"SKIP","floor":29.0},{"not_picked":["Flying Knee+1","Quick Slash"],"picked":"Catalyst+1","floor":30.0},{"not_picked":["Deadly Poison+1","Prepared+1","Acrobatics+1"],"picked":"SKIP","floor":31.0},{"not_picked":["Unload","Wraith Form v2"],"picked":"Envenom","floor":33.0},{"not_picked":["Predator+1","Dagger Throw","Deflect+1"],"picked":"SKIP","floor":35},{"not_picked":["Caltrops+1","PiercingWail+1","Flying Knee+1"],"picked":"SKIP","floor":38},{"not_picked":["Quick Slash+1","Dagger Spray+1","Bane+1"],"picked":"SKIP","floor":46}],"player_experience":1014439,"relics_obtained":[{"floor":5.0,"key":"Toxic Egg 2"},{"floor":7.0,"key":"Du-Vu Doll"},{"floor":9.0,"key":"StrikeDummy"},{"floor":10.0,"key":"Bag of Preparation"},{"floor":12.0,"key":"Snake Skull"},{"floor":23.0,"key":"Matryoshka"},{"floor":26.0,"key":"Meat on the Bone"},{"floor":26.0,"key":"Bottled Flame"},{"floor":29.0,"key":"Centennial Puzzle"},{"floor":41,"key":"Kunai"},{"floor":41,"key":"Molten Egg 2"},{"floor":43,"key":"Pocketwatch"},{"floor":44,"key":"Old Coin"}],"event_choices":[{"damage_healed":0.0,"max_hp_gain":0.0,"max_hp_loss":0.0,"gold_gain":0.0,"event_name":"The Cleric","player_choice":"Leave","floor":3.0,"gold_loss":0.0,"damage_taken":0.0},{"damage_healed":0.0,"max_hp_gain":5.0,"max_hp_loss":0.0,"gold_gain":0.0,"event_name":"Big Fish","player_choice":"Donut","floor":4.0,"gold_loss":0.0,"damage_taken":0.0},{"damage_healed":0.0,"max_hp_gain":0.0,"max_hp_loss":0.0,"gold_gain":0.0,"cards_transformed":["Strike_G","Strike_G"],"event_name":"Drug Dealer","player_choice":"Became Test Subject","floor":19.0,"gold_loss":0.0,"damage_taken":0.0,"cards_obtained":["Distraction","Riddle With Holes"]},{"damage_healed":0.0,"max_hp_gain":5.0,"max_hp_loss":0.0,"gold_gain":0.0,"event_name":"Forgotten Altar","player_choice":"Shed Blood","floor":21.0,"gold_loss":0.0,"damage_taken":17.0},{"damage_healed":0.0,"max_hp_gain":0.0,"max_hp_loss":0.0,"gold_gain":0.0,"event_name":"Masked Bandits","player_choice":"Paid Fearfully","floor":25.0,"gold_loss":198.0,"damage_taken":0.0},{"damage_healed":0,"gold_gain":0,"player_choice":"Ignored","damage_taken":0,"max_hp_gain":0,"max_hp_loss":0,"event_name":"Mysterious Sphere","floor":36,"gold_loss":0},{"damage_healed":0,"gold_gain":0,"player_choice":"Ignored","damage_taken":0,"max_hp_gain":0,"max_hp_loss":0,"event_name":"Tomb of Lord Red Mask","floor":37,"gold_loss":0},{"cards_removed":["Strike_G"],"damage_healed":0,"gold_gain":0,"player_choice":"Removed Attack","damage_taken":0,"max_hp_gain":0,"max_hp_loss":0,"event_name":"Falling","floor":39,"gold_loss":0},{"damage_healed":0,"gold_gain":0,"player_choice":"Fight","damage_taken":0,"max_hp_gain":0,"max_hp_loss":0,"event_name":"MindBloom","floor":44,"gold_loss":0},{"damage_healed":0,"gold_gain":0,"player_choice":"Embrace Madness","damage_taken":9,"max_hp_gain":0,"max_hp_loss":0,"event_name":"Winding Halls","floor":47,"gold_loss":0,"cards_obtained":["Madness","Madness"]}],"is_beta":false,"boss_relics":[{"not_picked":["Philosopher\u0027s Stone","Coffee Dripper"],"picked":"HoveringKite"},{"not_picked":["Pandora\u0027s Box","Busted Crown"],"picked":"Ring of the Serpent"}],"items_purged_floors":[20,22,45,48],"is_endless":false,"potions_floor_spawned":[1,7,8,14,18,29,33,35,44],"ascension_level":2}}