{"host":"blnmo1e2jbqugfxh","time":1613497363,"event":{"mods":["2.2 Compatiblity","Astrologer","Bard","BaseMod","Beaked The Cultist","Colored Powertips","Conspire","Downfall","Friendly Minions","Googly Eyes","Hermit","Highlight Path","Hubris","Infinite Spire","Lobotomy","Marisa????????","Mimic Mod","Minty Spire (QoL Compilation)","Prisma Mod","Quick Restart","Rare Cards Sparkle","Replay The Spire","Shop Mod","StSLib","The Construct","The Cursed","The Disciple","The Exalted","The Hierophant","The Mystic","The Servant 0.9.4"],"gold_per_floor":[117,117,6,17,17,17,36,36,36,53,66,96,109,135,135,239,239,255,255,255,255],"floor_reached":20,"language":"ENG","playtime":930,"items_purged":[],"score":202,"play_id":"d5733f05-b8b7-49a0-9e23-520671912879","local_time":"20210216124243","is_ascension_mode":true,"campfire_choices":[{"data":"ReplayTheSpireMod:Shiv Toss","floor":6,"key":"SMITH"},{"data":"hubris:DuctTapeCard","floor":8,"key":"SMITH"},{"floor":15,"key":"REST"}],"circlet_count":0,"master_deck":["Strike_G","Strike_G","Strike_G","Strike_G","Strike_G","Defend_G","Defend_G+1","Defend_G","Defend_G","Defend_G","Survivor","Neutralize","AbeCurse","ReplayTheSpireMod:Shiv Toss+1","Hidden Blade","hubris:DuctTapeCard+2","Backstab","Dagger Throw","Cloak And Dagger","Hidden Blade","Adrenaline","CurseOfTheBell","Dash+1"],"relics":["Abe\u0027s Treasure","hubris:DuctTape","hubris:SlimyHat","infinitespire:Satchel","Replay:Accelerometer","Calling Bell","ReplayTheSpireMod:Lightbulb","Bromod:ArcaneTrickery","Basket Of Snakes","FaceOfCleric"],"acts_visited":["Exordium","TheCity"],"potions_floor_usage":[12,12],"damage_taken":[{"damage":0,"enemies":"2 Louse","floor":1,"turns":3},{"damage":0,"enemies":"Jaw Worm","floor":4,"turns":6},{"damage":10,"enemies":"Small Slimes","floor":7,"turns":4},{"damage":6,"enemies":"Red Slaver","floor":10,"turns":4},{"damage":3,"enemies":"Large Slime","floor":11,"turns":5},{"damage":19,"enemies":"Gremlin Nob","floor":12,"turns":5},{"damage":1,"enemies":"2 Fungi Beasts","floor":13,"turns":3},{"damage":8,"enemies":"Lagavulin","floor":14,"turns":7},{"damage":20,"enemies":"Fading Forest","floor":16,"turns":11},{"damage":10,"enemies":"Chosen","floor":18,"turns":5},{"damage":0,"enemies":"Shell Parasite","floor":20,"turns":1}],"seed_played":"7996667483172345165","potions_obtained":[{"floor":1,"key":"Dexterity Potion"},{"floor":7,"key":"Ancient Potion"},{"floor":12,"key":"PowerPotion"}],"is_trial":false,"path_per_floor":["M","?","$","M","?","R","M","R","T","M","M","E","M","E","R","B",null,"M","?","M"],"character_chosen":"THE_SILENT","items_purchased":["ReplayTheSpireMod:Shiv Toss","Block Potion"],"campfire_rested":1,"item_purchase_floors":[3,3],"current_hp_per_floor":[70,70,70,70,70,70,60,60,60,54,51,32,31,23,44,34,70,60,60,60,60],"gold":255,"neow_bonus":"BOSS_RELIC","is_daily":false,"chose_seed":false,"campfire_upgraded":2,"win_rate":0.0,"timestamp":1613497363,"path_taken":["M","?","$","M","?","R","?","R","T","M","M","E","M","E","R","BOSS","M","?","?"],"items_purchased_type":["Card","Potion"],"build_version":"2020-12-22","purchased_purges":0,"victory":false,"max_hp_per_floor":[70,70,70,70,70,70,70,70,70,70,70,70,70,70,70,70,70,70,70,70,70],"card_choices":[{"not_picked":["Sneak Up","Deadly Poison"],"picked":"Infinite Blades","floor":1},{"not_picked":["Acrobatics","Quick Slash"],"picked":"Hidden Blade","floor":4},{"not_picked":["ReplayTheSpireMod:Necrosis","Dagger Spray"],"picked":"Backstab","floor":7},{"not_picked":["ReplayTheSpireMod:Exploit Weakness","Heel Hook"],"picked":"Dagger Throw","floor":10},{"not_picked":["Dagger Spray","Slice","hubris:Counter"],"picked":"SKIP","floor":11},{"not_picked":["ReplayTheSpireMod:Exploit Weakness","Bane"],"picked":"Cloak And Dagger","floor":12},{"not_picked":["Sucker Punch","Slice"],"picked":"Hidden Blade","floor":13},{"not_picked":["Poisoned Stab","hubris:Sniper"],"picked":"Adrenaline","floor":14},{"not_picked":["Backflip","Sucker Punch"],"picked":"Dash+1","floor":18}],"player_experience":49452,"relics_obtained":[{"floor":5,"key":"hubris:DuctTape"},{"floor":9,"key":"hubris:SlimyHat"},{"floor":12,"key":"infinitespire:Satchel"},{"floor":14,"key":"Replay:Accelerometer"},{"floor":17,"key":"ReplayTheSpireMod:Lightbulb"},{"floor":17,"key":"Bromod:ArcaneTrickery"},{"floor":17,"key":"Basket Of Snakes"}],"event_choices":[{"damage_healed":0,"gold_gain":0,"player_choice":"Trade","damage_taken":0,"relics_obtained":["FaceOfCleric"],"max_hp_gain":0,"max_hp_loss":0,"event_name":"FaceTrader","floor":19,"gold_loss":0}],"is_beta":false,"boss_relics":[{"not_picked":["Replay:Bronze Core","hubris:HollowSoul"],"picked":"Calling Bell"}],"items_purged_floors":[],"is_endless":false,"potions_floor_spawned":[1,7,12],"killed_by":"Shell Parasite","ascension_level":2}}