{"host":"w4c9oc640fn2feul","time":1613478088,"event":{"mods":["AchievementEnabler","Act Like it!","Aspiration","BaseMod","BetterRewards","Conspire","Custom Start","Defuse TimeMaze Blight","Energized Spire","Gensokyo","GifTheSpireLib","Halation","Hubris","Infinite Spire","Marked Mod","Minty Spire (QoL Compilation)","Quarter Circle Forward PUNCH!","Reliquary","Replay The Spire","Shop Mod","StSLib","Stuff the Spire","The Animator","The Cursed","The Jungle"],"gold_per_floor":[114,114,128,128,146,173,190,190,213,230,230,230,28,46,46,145,145,164,149,149,149],"floor_reached":20,"language":"ENG","playtime":1609,"items_purged":["Choke"],"score":176,"play_id":"d0671201-b2f3-4853-aa91-0f2c54f9c233","local_time":"20210216132128","is_ascension_mode":false,"campfire_choices":[{"floor":8,"key":"REST"},{"floor":12,"key":"REST"},{"floor":15,"key":"REST"}],"circlet_count":0,"master_deck":["Strike_R","Strike_R","Strike_R","Defend_R","Defend_R","Defend_R","Bash","Sword Boomerang","Terror","Inflame","Flex"],"relics":["Burning Blood"],"acts_visited":["Exordium","TheCity"],"potions_floor_usage":[16,16,16,18],"damage_taken":[{"damage":10,"enemies":"Small Slimes","floor":1,"turns":4},{"damage":0,"enemies":"2 Louse","floor":3,"turns":2},{"damage":1,"enemies":"Cultist","floor":5,"turns":3},{"damage":67,"enemies":"3 Sentries","floor":6,"turns":17},{"damage":2,"enemies":"3 Louse","floor":7,"turns":4},{"damage":28,"enemies":"Gremlin Gang","floor":10,"turns":7},{"damage":11,"enemies":"Exordium Wildlife","floor":14,"turns":5},{"damage":59,"enemies":"Hexaghost","floor":16,"turns":10},{"damage":71,"enemies":"conspire:FuzzyDice","floor":18,"turns":11},{"damage":25,"enemies":"2 Thieves","floor":19,"turns":4},{"damage":0,"enemies":"Centurion and Healer","floor":20,"turns":1}],"seed_played":"6996657278904227189","potions_obtained":[{"floor":1,"key":"Weak Potion"},{"floor":6,"key":"Venom Potion"},{"floor":10,"key":"SkillPotion"},{"floor":16,"key":"BloodPotion"},{"floor":19,"key":"Reflective Coating"}],"is_trial":false,"path_per_floor":["M","?","M","?","M","E","M","R","T","M","?","R","$","M","R","B",null,"M","M","M"],"character_chosen":"IRONCLAD","items_purchased":["Inflame","Flex"],"campfire_rested":3,"item_purchase_floors":[13,13],"current_hp_per_floor":[84,84,88,88,88,27,31,57,57,35,35,61,61,56,82,29,88,40,21,21,21],"gold":149,"neow_bonus":"TEN_PERCENT_HP_BONUS","is_daily":false,"chose_seed":false,"campfire_upgraded":0,"win_rate":0.0,"timestamp":1613478088,"path_taken":["M","?","M","?","M","E","M","R","T","?","?","R","$","M","R","BOSS","M","M","?"],"items_purchased_type":["Card","Card"],"build_version":"2020-12-22","purchased_purges":1,"victory":false,"max_hp_per_floor":[88,88,88,88,88,88,88,88,88,88,88,88,88,88,88,88,88,88,88,88,88],"card_choices":[{"not_picked":["infinitespire:OneForAll","StuffTheSpire:Resist"],"picked":"Sword Boomerang","floor":1},{"not_picked":["Clothesline","Run Through","Twin Strike"],"picked":"SKIP","floor":3},{"not_picked":["hubris:StunningStrike","Anger","Shrug It Off"],"picked":"SKIP","floor":5},{"not_picked":["Blood for Blood","Clash","Pommel Strike"],"picked":"SKIP","floor":6},{"not_picked":["StuffTheSpire:Resist","Sword Boomerang","ReplayTheSpireMod:Strike From Hell"],"picked":"SKIP","floor":7},{"not_picked":["Armaments","hubris:StunningStrike","Feel No Pain"],"picked":"SKIP","floor":10},{"not_picked":["StuffTheSpire:Pyroclast","conspire:ExplosiveBarrier","StuffTheSpire:Slingshot"],"picked":"SKIP","floor":14},{"not_picked":["Headbutt","Clash","ReplayTheSpireMod:Limb From Limb"],"picked":"SKIP","floor":18},{"not_picked":["Abandon","Berserk","Headbutt"],"picked":"SKIP","floor":19}],"player_experience":482195,"relics_obtained":[],"event_choices":[{"cards_removed":["Strike_G"],"damage_healed":0,"gold_gain":0,"player_choice":"Purged","damage_taken":0,"max_hp_gain":0,"max_hp_loss":0,"event_name":"Purifier","floor":11,"gold_loss":0}],"is_beta":false,"boss_relics":[{"not_picked":["Coffee Dripper","halation:MonkeysPaw","hubris:ScarierMask"]}],"items_purged_floors":[13],"is_endless":false,"potions_floor_spawned":[1,6,10,14,16,19],"killed_by":"Centurion and Healer","ascension_level":0}}