{"host":"gk9qdtkqd8dwfeg2","time":1613485306,"event":{"mods":["Act Like it!","Aspiration","BaseMod","Colored Powertips","Gensokyo","Minty Spire (QoL Compilation)","Quick Restart","Replay The Spire","Shop Mod","StSLib","TestMod","The Servant 0.9.4","Waifu the Spire","WarShipGirlsR/’ΩΩ¢…Ÿ≈ÆR mod"],"gold_per_floor":[112,212,226,226,312,344,16,16,16,16,42,52,52,72,72,144,144,161,436,450,469,88,88,88,115,115,148,159,159,170,186,186,257,257,271,10,0,0,16,48,66,66,66,93,111,111,125,142,142,142,142,142,142,30,61,61],"floor_reached":57,"language":"ZHS","playtime":1634,"items_purged":["Defend_R","Defend_R"],"score":3224,"play_id":"5889b536-2611-4ec0-90c9-3bfc8bc5d0b0","local_time":"20210216222146","is_ascension_mode":true,"campfire_choices":[{"data":"Pummel","floor":8.0,"key":"SMITH"},{"data":"Feed","floor":15.0,"key":"SMITH"},{"floor":23.0,"key":"REST"},{"data":"Body Slam","floor":29.0,"key":"SMITH"},{"data":"Rupture","floor":32.0,"key":"SMITH"},{"floor":46.0,"key":"RECALL"},{"data":"Strike_R","floor":49.0,"key":"PURGE"},{"data":"Limit Break","floor":53.0,"key":"SMITH"}],"circlet_count":0,"master_deck":["AscendersBane","Strike_R","Strike_R","Defend_R","Defend_R","Bash","Pride","testmod-Lust","testmod-Wrath","testmod-Sloth","testmod-Envy","testmod-Greed","testmod-Gluttony","testmod-Gluttony","Cleave","Pummel+1","Spot Weakness","Pain","testmod-Gluttony","Battle Trance","Heavy Blade","Anger","Burning Pact","Feed+1","testmod-Gluttony","Berserk","CommonCold","testmod-Gluttony","ReplayTheSpireMod:Splinters","testmod-Gluttony","testmod-Gluttony","testmod-Gluttony","Evolve","Regret","testmod-Gluttony","Feel No Pain","Sever Soul","Limit Break+1","Body Slam+1","Heavy Blade+1","testmod-Gluttony","Rupture+1","Replay:Many Hands","Reaper","Second Wind+1","testmod-Gluttony","rmod:u235","testmod-Gluttony","Fire Breathing","testmod-Gluttony","rmod:ridicule"],"relics":["Burning Blood","testmod-TestBox","testmod-SevenDeadlySins","Du-Vu Doll","Darkstone Periapt","Blue Candle","NeowsBlessing","aspiration:ChemicalBlood","Mummified Hand","Medical Kit","MerchantsRug","Lantern","Red Skull","testmod-SaigiyounoYou","Toy Ornithopter","testmod-HeartOfDaVinci","testmod-Fortitude","testmod-Hope","MealTicket","Pen Nib","Bottled Flame","Happy Flower","testmod-Recursion","testmod-Nine","Red Mask","ReplayTheSpireMod:Lightbulb","rmod:equipmentrecovery","rmod:extraamm"],"acts_visited":["Exordium","TheCity","TheBeyond","TheEnding"],"potions_floor_usage":[56,56,56,56,56,56],"damage_taken":[{"damage":0.0,"enemies":"Jaw Worm","floor":1.0,"turns":1.0},{"damage":0.0,"enemies":"Cultist","floor":3.0,"turns":2.0},{"damage":0.0,"enemies":"Replay:BlueRogue","floor":6.0,"turns":1.0},{"damage":53.0,"enemies":"Lagavulin","floor":11.0,"turns":5.0},{"damage":6.0,"enemies":"2 Louse","floor":12.0,"turns":2.0},{"damage":1.0,"enemies":"Looter","floor":14.0,"turns":1.0},{"damage":2.0,"enemies":"Slime Boss","floor":16.0,"turns":2.0},{"damage":32.0,"enemies":"Chosen","floor":18.0,"turns":5.0},{"damage":122.0,"enemies":"3 Byrds","floor":20.0,"turns":10.0},{"damage":58.0,"enemies":"Centurion and Healer","floor":21.0,"turns":7.0},{"damage":51.0,"enemies":"Slavers","floor":25.0,"turns":4.0},{"damage":10.0,"enemies":"Gremlin Leader","floor":27.0,"turns":1.0},{"damage":6.0,"enemies":"Chosen and Byrds","floor":28.0,"turns":2.0},{"damage":1.0,"enemies":"Snecko","floor":30.0,"turns":2.0},{"damage":24.0,"enemies":"Centurion and Healer","floor":31.0,"turns":2.0},{"damage":40.0,"enemies":"Champ","floor":33.0,"turns":5.0},{"damage":11.0,"enemies":"3 Shapes","floor":35.0,"turns":1.0},{"damage":0.0,"enemies":"Orb Walker","floor":39.0,"turns":1.0},{"damage":16.0,"enemies":"Reptomancer","floor":40.0,"turns":2.0},{"damage":4.0,"enemies":"3 Darklings","floor":41.0,"turns":1.0},{"damage":0.0,"enemies":"Nemesis","floor":44.0,"turns":1.0},{"damage":0.0,"enemies":"Spire Growth","floor":45.0,"turns":2.0},{"damage":52.0,"enemies":"Jaw Worm Horde","floor":47.0,"turns":6.0},{"damage":44.0,"enemies":"Sphere and 2 Shapes","floor":48.0,"turns":5.0},{"damage":152.0,"enemies":"Awakened One","floor":50.0,"turns":5.0},{"damage":110.0,"enemies":"Donu and Deca","floor":51.0,"turns":7.0},{"damage":4.0,"enemies":"Shield and Spear","floor":55.0,"turns":2.0},{"damage":144,"enemies":"The Heart","floor":56,"turns":6}],"seed_played":"-7706960464025046897","potions_obtained":[{"floor":6.0,"key":"Strength Potion"},{"floor":16.0,"key":"Fruit Juice"},{"floor":20.0,"key":"SteroidPotion"},{"floor":21.0,"key":"AttackPotion"},{"floor":25.0,"key":"LiquidBronze"},{"floor":30.0,"key":"testmod-SpacePotion"},{"floor":35.0,"key":"LiquidMemories"},{"floor":44.0,"key":"SkillPotion"},{"floor":45.0,"key":"SteroidPotion"},{"floor":47.0,"key":"Regen Potion"},{"floor":48.0,"key":"Swift Potion"}],"is_trial":false,"path_per_floor":["M","?","M","?","?","E","$","R","T","$","E","M","$","M","R","B",null,"M","?","M","M","$","R","?","E","T","E","M","R","M","M","R","B",null,"M","$","?","?","M","E","M","$","T","E","M","R","M","M","R","B","B",null,"R","$","E","B",null],"character_chosen":"IRONCLAD","items_purchased":["Medical Kit","MerchantsRug","testmod-Hope","MealTicket","Reaper","HeartOfIron"],"campfire_rested":1,"item_purchase_floors":[7,7,22,22,36,54],"current_hp_per_floor":[122,122,123,123,135,135,135,135,135,135,88,88,88,93,93,108,173,151,163,68,28,28,86,86,59,59,194,194,194,194,189,189,169,195,193,204,204,204,204,198,214,214,214,214,214,214,175,184,184,224,139,203,203,218,233,126],"gold":61,"neow_bonus":"THREE_ENEMY_KILL","is_daily":false,"chose_seed":false,"campfire_upgraded":5,"win_rate":0.0,"timestamp":1613485306,"path_taken":["M","?","?","?","?","E","$","R","T","$","E","M","?","M","R","BOSS","M","?","M","?","$","R","?","E","T","E","?","R","M","M","R","BOSS","M","$","?","?","M","E","M","?","T","E","M","R","M","?","R","BOSS","BOSS","R","$","E","BOSS"],"items_purchased_type":["Relic","Relic","Relic","Relic","Card","Potion"],"build_version":"2020-12-22","purchased_purges":2,"victory":true,"max_hp_per_floor":[123,123,123,123,135,135,135,135,135,135,135,135,135,135,135,146,182,182,194,194,194,194,194,194,194,194,194,194,194,194,204,204,204,204,204,204,204,204,204,204,214,214,214,214,214,214,214,224,224,224,224,224,224,224,234,234],"card_choices":[{"not_picked":["Pommel Strike","Bloodletting"],"picked":"Cleave","floor":1.0},{"not_picked":["ReplayReversal","Twin Strike"],"picked":"Pummel","floor":3.0},{"not_picked":["Replay:Undeath\u0027s Touch","Heavy Blade"],"picked":"Battle Trance","floor":5.0},{"not_picked":["Thunderclap","Shrug It Off"],"picked":"Heavy Blade","floor":5.0},{"not_picked":["Havoc","Metallicize"],"picked":"Anger","floor":6.0},{"not_picked":["Metallicize","ReplayReversal","Searing Blow"],"picked":"SKIP","floor":11.0},{"not_picked":["Headbutt","Sentinel"],"picked":"Burning Pact","floor":12.0},{"not_picked":["Pommel Strike","Replay:Undeath\u0027s Touch"],"picked":"Feed","floor":14.0},{"not_picked":["Demon Form","Bludgeon"],"picked":"Berserk","floor":16.0},{"not_picked":["Hallucinations","AbeCurse"],"picked":"CommonCold","floor":17.0},{"not_picked":["AbeCurse","testmod-Envy"],"picked":"ReplayTheSpireMod:Splinters","floor":17.0},{"not_picked":["ReplayTheSpireMod:Restless Dread","testmod-Sloth"],"picked":"testmod-Gluttony","floor":17.0},{"not_picked":["Clothesline","True Grit"],"picked":"Evolve","floor":18.0},{"not_picked":["Twin Strike","Anger"],"picked":"Feel No Pain","floor":20.0},{"not_picked":["Evolve+1","Anger"],"picked":"Sever Soul","floor":21.0},{"not_picked":["Seeing Red","Perfected Strike","Combust"],"picked":"SKIP","floor":25.0},{"not_picked":["Juggernaut","Clothesline","Warcry"],"picked":"SKIP","floor":27.0},{"not_picked":["Combust","Run Through+1"],"picked":"Body Slam","floor":28.0},{"not_picked":["Hemokinesis","Body Slam"],"picked":"Heavy Blade+1","floor":30.0},{"not_picked":["ReplayTheSpireMod:Limb From Limb+1","Perfected Strike"],"picked":"Rupture","floor":31.0},{"not_picked":["Limit Break","Impervious"],"picked":"Replay:Many Hands","floor":33.0},{"not_picked":["Flex","Headbutt","Spot Weakness"],"picked":"SKIP","floor":35.0},{"not_picked":["Wild Strike","Clothesline+1","Pommel Strike"],"picked":"SKIP","floor":39.0},{"not_picked":["Headbutt","Clothesline"],"picked":"Second Wind+1","floor":40.0},{"not_picked":["Battle Trance","Body Slam","Burning Pact"],"picked":"SKIP","floor":41.0},{"not_picked":["ReplayTheSpireMod:Strike From Hell","Hemokinesis","Thunderclap"],"picked":"SKIP","floor":44.0},{"not_picked":["Blood for Blood","Double Tap","Flex"],"picked":"SKIP","floor":45.0},{"not_picked":["Inflame","Wild Strike","Heavy Blade+1"],"picked":"SKIP","floor":47.0},{"not_picked":["Run Through","Dual Wield+1"],"picked":"Fire Breathing","floor":48.0},{"not_picked":["Hemokinesis+1","Reckless Charge+1","Thunderclap"],"picked":"SKIP","floor":55.0}],"player_experience":739184,"relics_obtained":[{"floor":5.0,"key":"aspiration:ChemicalBlood"},{"floor":6.0,"key":"Mummified Hand"},{"floor":9.0,"key":"Lantern"},{"floor":11.0,"key":"Red Skull"},{"floor":25.0,"key":"Pen Nib"},{"floor":26.0,"key":"Bottled Flame"},{"floor":27.0,"key":"Happy Flower"},{"floor":40.0,"key":"ReplayTheSpireMod:Lightbulb"},{"floor":44.0,"key":"rmod:equipmentrecovery"},{"floor":55.0,"key":"rmod:extraamm"}],"event_choices":[{"damage_healed":0.0,"max_hp_gain":0.0,"max_hp_loss":0.0,"gold_gain":100.0,"event_name":"Wheel of Change","player_choice":"Gold","floor":2.0,"gold_loss":0.0,"damage_taken":0.0},{"damage_healed":0.0,"max_hp_gain":0.0,"max_hp_loss":0.0,"gold_gain":0.0,"cards_transformed":["Strike_R"],"event_name":"Living Wall","player_choice":"Change","floor":4.0,"gold_loss":0.0,"damage_taken":0.0,"cards_obtained":["Spot Weakness"]},{"damage_healed":0.0,"max_hp_gain":0.0,"max_hp_loss":0.0,"gold_gain":275.0,"event_name":"Golden Shrine","player_choice":"Desecrate","floor":19.0,"gold_loss":0.0,"damage_taken":0.0,"cards_obtained":["Regret"]},{"damage_healed":0.0,"max_hp_gain":0.0,"max_hp_loss":0.0,"gold_gain":0.0,"cards_transformed":["Strike_R"],"event_name":"Transmorgrifier","player_choice":"Transformed","floor":24.0,"gold_loss":0.0,"damage_taken":0.0,"cards_obtained":["Limit Break"]},{"damage_healed":0.0,"max_hp_gain":0.0,"max_hp_loss":0.0,"gold_gain":0.0,"event_name":"Tomb of Lord Red Mask","player_choice":"Paid","floor":37.0,"gold_loss":10.0,"damage_taken":0.0,"relics_obtained":["Red Mask"]},{"damage_healed":0.0,"max_hp_gain":0.0,"max_hp_loss":0.0,"gold_gain":0.0,"event_name":"SensoryStone","player_choice":"Memory 1","floor":38.0,"gold_loss":0.0,"damage_taken":0.0}],"is_beta":false,"boss_relics":[{"not_picked":["Replay:Wanted Poster","aspiration:WatcherSkillbook"],"picked":"Replay:Ancient Bell"},{"not_picked":["Replay:Mystery Machine","Ancient Tea Set"],"picked":"Toy Ornithopter"},{"not_picked":["Self Forming Clay","aspiration:FrozenJewel"],"picked":"testmod-HeartOfDaVinci"},{"not_picked":["Gambling Chip","Prayer Wheel"],"picked":"testmod-Fortitude"},{"not_picked":["testmod-BatchProcessingSystem","Ooze Armor"],"picked":"testmod-Nine"}],"items_purged_floors":[22,36],"is_endless":false,"potions_floor_spawned":[6,12,14,16,18,20,25,27,30,35,44,45,47],"ascension_level":20}}