{"host":"q786d26vp7h4gpli","time":1613487602,"event":{"mods":["BaseMod","Downfall","Minty Spire (QoL Compilation)","Quick Restart","Remove Card Discount Mod","StSLib","Td1madao Mod"],"gold_per_floor":[118,25,125,72,72,103,115,137,172,209,236,248,271,283,295,411,423,450,387,399,411,434,446,458,470,482,494,21,0,0,0,0,104,104,122,139,139,139],"floor_reached":37,"language":"ENG","playtime":1369,"items_purged":[],"score":448,"play_id":"e0ee62d4-a541-4f4b-a8a8-4ccb8eaa136b","local_time":"20210216230002","is_ascension_mode":false,"campfire_choices":[{"data":"PathToVictory","floor":7.0,"key":"SMITH"},{"data":"CrushJoints","floor":12.0,"key":"SMITH"},{"data":"Vigilance","floor":15.0,"key":"SMITH"},{"floor":23.0,"key":"REST"},{"floor":25.0,"key":"REST"},{"data":"Prostrate","floor":27.0,"key":"SMITH"},{"floor":30.0,"key":"DIG"},{"floor":32.0,"key":"DIG"}],"circlet_count":0,"master_deck":["Strike_P","Strike_P","Strike_P","Strike_P","Defend_P","Defend_P","Defend_P","Defend_P","Eruption+1","Vigilance+1","Prostrate+1","FollowUp","CrushJoints+1","PathToVictory+1","JustLucky","ReachHeaven","ClearTheMind","Conclude","Protect","Wish","EmptyBody","Prostrate+1","WreathOfFlame+1","BattleHymn","Shame","Brilliance","SandsOfTime","ClearTheMind+1"],"relics":["PureWater","NeowsBlessing","MawBank","Orichalcum","Bag of Marbles","WarpedTongs","Bottled Lightning","Juzu Bracelet","Shovel","Torii","Lizard Tail","VioletLotus"],"acts_visited":["Exordium","TheCity","TheBeyond"],"potions_floor_usage":[33,33],"damage_taken":[{"damage":0.0,"enemies":"Cultist","floor":1.0,"turns":1.0},{"damage":0.0,"enemies":"3 Sentries","floor":6.0,"turns":1.0},{"damage":0.0,"enemies":"Small Slimes","floor":8.0,"turns":2.0},{"damage":12.0,"enemies":"Gremlin Nob","floor":10.0,"turns":3.0},{"damage":0.0,"enemies":"Jaw Worm","floor":11.0,"turns":1.0},{"damage":0.0,"enemies":"Red Slaver","floor":13.0,"turns":3.0},{"damage":4.0,"enemies":"Slime Boss","floor":16.0,"turns":4.0},{"damage":1.0,"enemies":"Chosen","floor":18.0,"turns":3.0},{"damage":12.0,"enemies":"2 Thieves","floor":22.0,"turns":3.0},{"damage":14.0,"enemies":"Chosen and Byrds","floor":24.0,"turns":5.0},{"damage":112,"enemies":"Collector","floor":33,"turns":9},{"damage":3,"enemies":"Orb Walker","floor":35,"turns":6},{"damage":33,"enemies":"3 Darklings","floor":36,"turns":4},{"damage":43,"enemies":"Sphere and 2 Shapes","floor":37,"turns":5}],"seed_played":"2341351910879723122","potions_obtained":[{"floor":8.0,"key":"champ:CounterPotion"},{"floor":13.0,"key":"sneckomod:MuddlingPotion"},{"floor":18.0,"key":"FearPotion"},{"floor":20.0,"key":"LiquidMemories"},{"floor":20.0,"key":"ColorlessPotion"},{"floor":36,"key":"SteroidPotion"}],"is_trial":false,"path_per_floor":["M","$","?","$","?","E","R","M","T","E","M","R","M","?","R","B",null,"M","?","?","$","M","R","M","R","T","R","$","?","R","?","R","B",null,"M","M","M"],"character_chosen":"WATCHER","items_purchased":["FollowUp","CrushJoints","PathToVictory","Juzu Bracelet","Shovel","BattleHymn"],"campfire_rested":2,"item_purchase_floors":[2,2,4,28,28,28],"current_hp_per_floor":[72,72,72,72,72,72,72,72,72,60,60,60,60,60,60,56,72,71,71,71,71,59,72,58,72,72,72,72,72,72,72,72,2,72,69,36,0,0],"gold":139,"neow_bonus":"THREE_ENEMY_KILL","is_daily":false,"chose_seed":false,"campfire_upgraded":4,"win_rate":0.0,"timestamp":1613487602,"path_taken":["M","$","?","?","?","E","R","M","T","E","?","R","M","?","R","BOSS","M","?","?","$","M","R","M","R","T","R","$","?","R","?","R","BOSS","M","M","M"],"items_purchased_type":["Card","Card","Card","Relic","Relic","Card"],"build_version":"2020-12-22","purchased_purges":0,"victory":false,"max_hp_per_floor":[72,72,72,72,72,72,72,72,72,72,72,72,72,72,72,72,72,72,72,72,72,72,72,72,72,72,72,72,72,72,72,72,72,72,72,72,72,72],"card_choices":[{"not_picked":["Meditate","BattleHymn"],"picked":"Prostrate","floor":1.0},{"not_picked":["WheelKick","Swivel"],"picked":"JustLucky","floor":6.0},{"not_picked":["MentalFortress","FlurryOfBlows"],"picked":"ReachHeaven","floor":8.0},{"not_picked":["FollowUp","CutThroughFate"],"picked":"ClearTheMind","floor":10.0},{"not_picked":["ClearTheMind","BowlingBash"],"picked":"Conclude","floor":11.0},{"not_picked":["EmptyMind","CutThroughFate"],"picked":"Protect","floor":13.0},{"not_picked":["ConjureBlade","Scrawl"],"picked":"Wish","floor":16.0},{"not_picked":["Consecrate+1","ThirdEye"],"picked":"EmptyBody","floor":18.0},{"not_picked":["Protect","FlurryOfBlows+1"],"picked":"Prostrate+1","floor":22.0},{"not_picked":["ThirdEye","Meditate"],"picked":"WreathOfFlame+1","floor":24.0},{"not_picked":["SpiritShield","Omniscience"],"picked":"Brilliance","floor":33},{"not_picked":["ClearTheMind","EmptyFist+1"],"picked":"SandsOfTime","floor":35},{"not_picked":["CrushJoints+1","Tantrum+1"],"picked":"ClearTheMind+1","floor":36}],"player_experience":596935,"relics_obtained":[{"floor":6.0,"key":"MawBank"},{"floor":9.0,"key":"Orichalcum"},{"floor":10.0,"key":"Bag of Marbles"},{"floor":26.0,"key":"Bottled Lightning"},{"floor":32.0,"key":"Lizard Tail"}],"event_choices":[{"damage_healed":0.0,"max_hp_gain":0.0,"max_hp_loss":0.0,"gold_gain":100.0,"event_name":"Golden Shrine","player_choice":"Pray","floor":3.0,"gold_loss":0.0,"damage_taken":0.0},{"damage_healed":0.0,"max_hp_gain":0.0,"max_hp_loss":0.0,"gold_gain":0.0,"event_name":"Upgrade Shrine","player_choice":"Upgraded","floor":5.0,"gold_loss":0.0,"damage_taken":0.0,"cards_upgraded":["Eruption"]},{"damage_healed":0.0,"max_hp_gain":0.0,"max_hp_loss":0.0,"gold_gain":0.0,"event_name":"Accursed Blacksmith","player_choice":"Rummage","floor":14.0,"gold_loss":0.0,"damage_taken":0.0,"relics_obtained":["WarpedTongs"],"cards_obtained":["Pain"]},{"cards_removed":["Pain"],"damage_healed":0.0,"max_hp_gain":0.0,"max_hp_loss":0.0,"gold_gain":0.0,"event_name":"Beggar","player_choice":"Gave Gold","floor":19.0,"gold_loss":75.0,"damage_taken":0.0},{"damage_healed":0.0,"max_hp_gain":0.0,"max_hp_loss":0.0,"gold_gain":0.0,"event_name":"Lab","player_choice":"Got Potions","floor":20.0,"gold_loss":0.0,"damage_taken":0.0},{"damage_healed":0.0,"max_hp_gain":0.0,"max_hp_loss":0.0,"gold_gain":0.0,"event_name":"Masked Bandits","player_choice":"Paid Fearfully","floor":29.0,"gold_loss":21.0,"damage_taken":0.0},{"damage_healed":0.0,"max_hp_gain":0.0,"max_hp_loss":0.0,"gold_gain":0.0,"event_name":"Addict","player_choice":"Stole Relic","floor":31.0,"gold_loss":0.0,"damage_taken":0.0,"relics_obtained":["Torii"],"cards_obtained":["Shame"]}],"is_beta":false,"boss_relics":[{"not_picked":["Empty Cage","Astrolabe","Runic Dome"]},{"not_picked":["Sozu","Philosopher\u0027s Stone"],"picked":"VioletLotus"}],"items_purged_floors":[],"is_endless":false,"potions_floor_spawned":[8,13,18,36],"killed_by":"Sphere and 2 Shapes","ascension_level":0}}