{"host":"or8fr2mp0k3eluj8","time":1613481459,"event":{"mods":["AchievementEnabler","BaseMod","Colored Map","DeckTracker","Minty Spire (QoL Compilation)","StSLib","SuperFastMode"],"gold_per_floor":[117,117,117,117,292,292,312,338,338,361,379,396,426,158,158,258,258,272,272,287,117,131,131,158,158,181,209,221,233,280,12,12,114,114,132,145,77,77,96,121,121,139,162,177,33,33,33],"floor_reached":46,"language":"KOR","playtime":19247,"items_purged":["Doubt","Strike_R","Strike_R"],"score":620,"play_id":"5e011921-1995-48e1-ba01-d70574d26724","local_time":"20210216221739","is_ascension_mode":true,"campfire_choices":[{"data":"Bash","floor":6,"key":"SMITH"},{"data":"Havoc","floor":15,"key":"SMITH"},{"data":"Sever Soul","floor":23,"key":"SMITH"},{"data":"Battle Trance","floor":25,"key":"SMITH"},{"data":"Feel No Pain","floor":29,"key":"SMITH"},{"data":"Reaper","floor":32,"key":"SMITH"},{"data":"Evolve","floor":41,"key":"SMITH"}],"circlet_count":0,"master_deck":["Strike_R","Strike_R","Defend_R","Defend_R","Defend_R","Defend_R","Bash+1","Clash","Battle Trance+1","Headbutt","Sever Soul+1","Havoc+1","Sentinel+1","Feel No Pain+1","Reaper+1","Offering+1","Wild Strike+1","Ghostly Armor+1","Evolve+1","Blind+1","Wild Strike","Impervious+1","Burning Pact+1"],"relics":["Black Blood","NeowsBlessing","Toy Ornithopter","Potion Belt","Charon\u0027s Ashes","MealTicket","Pocketwatch","Anchor","Red Skull","Centennial Puzzle","MawBank","Toxic Egg 2","Snecko Eye","Mercury Hourglass","Akabeko","Nunchaku"],"acts_visited":["Exordium","TheCity","TheBeyond"],"potions_floor_usage":[33,33,33,33],"damage_taken":[{"damage":0,"enemies":"2 Louse","floor":1,"turns":1},{"damage":0,"enemies":"Jaw Worm","floor":7,"turns":1},{"damage":0,"enemies":"3 Sentries","floor":8,"turns":1},{"damage":10,"enemies":"Small Slimes","floor":11,"turns":4},{"damage":0,"enemies":"3 Louse","floor":12,"turns":1},{"damage":42,"enemies":"Gremlin Nob","floor":13,"turns":4},{"damage":63,"enemies":"The Guardian","floor":16,"turns":10},{"damage":21,"enemies":"3 Byrds","floor":18,"turns":3},{"damage":0,"enemies":"Spheric Guardian","floor":20,"turns":2},{"damage":4,"enemies":"3 Cultists","floor":22,"turns":4},{"damage":45,"enemies":"Book of Stabbing","floor":24,"turns":5},{"damage":10,"enemies":"Slavers","floor":27,"turns":2},{"damage":30,"enemies":"Gremlin Leader","floor":30,"turns":3},{"damage":62,"enemies":"Champ","floor":33,"turns":8},{"damage":0,"enemies":"3 Shapes","floor":35,"turns":4},{"damage":0,"enemies":"Orb Walker","floor":36,"turns":2},{"damage":55,"enemies":"Writhing Mass","floor":39,"turns":4},{"damage":22,"enemies":"Nemesis","floor":40,"turns":5},{"damage":8,"enemies":"3 Darklings","floor":42,"turns":5},{"damage":10,"enemies":"4 Shapes","floor":44,"turns":2},{"damage":0,"enemies":"Giant Head","floor":46,"turns":1}],"seed_played":"3049184172986775846","potions_obtained":[{"floor":1,"key":"SpeedPotion"},{"floor":8,"key":"SteroidPotion"},{"floor":13,"key":"LiquidBronze"},{"floor":16,"key":"SteroidPotion"},{"floor":33,"key":"BloodPotion"},{"floor":35,"key":"Explosive Potion"},{"floor":42,"key":"Weak Potion"}],"is_trial":false,"path_per_floor":["M","?","?","?","?","R","M","E","T","T","M","M","E","$","R","B",null,"M","?","M","$","M","R","E","R","T","E","?","R","E","$","R","B",null,"M","M","$","?","M","E","R","M","T","M","$","E"],"character_chosen":"IRONCLAD","items_purchased":["Anchor","Fire Potion","Feel No Pain","Reaper","Evolve","Nunchaku"],"campfire_rested":0,"item_purchase_floors":[14,14,21,31,37,45],"current_hp_per_floor":[80,68,73,73,73,73,79,85,85,85,81,85,49,64,64,7,85,76,76,85,85,85,85,52,52,52,54,85,85,67,82,82,47,85,85,85,85,85,45,36,36,64,64,85,85,85,85],"gold":33,"neow_bonus":"THREE_ENEMY_KILL","is_daily":false,"chose_seed":false,"campfire_upgraded":7,"win_rate":0.0,"timestamp":1613481459,"path_taken":["M","?","?","?","?","R","M","E","T","?","M","M","E","$","R","BOSS","M","?","M","?","?","R","E","R","T","E","?","R","E","$","R","BOSS","M","?","$","?","M","E","R","M","T","M","$","E"],"items_purchased_type":["Relic","Potion","Card","Card","Card","Relic"],"build_version":"2020-12-22","purchased_purges":3,"victory":false,"max_hp_per_floor":[80,80,85,85,85,85,85,85,85,85,85,85,85,85,85,85,85,85,85,85,85,85,85,85,85,85,85,85,85,85,85,85,85,85,85,85,85,85,85,85,85,85,85,85,85,85,85],"card_choices":[{"not_picked":["Dark Embrace","Clothesline"],"picked":"Clash","floor":1},{"not_picked":["Perfected Strike","Body Slam"],"picked":"Headbutt","floor":7},{"not_picked":["Blood for Blood","Hemokinesis","Battle Trance"],"picked":"SKIP","floor":8},{"not_picked":["Ghostly Armor","Armaments"],"picked":"Sever Soul","floor":11},{"not_picked":["Armaments","Thunderclap"],"picked":"Havoc","floor":12},{"not_picked":["Armaments","Feed","Fire Breathing"],"picked":"SKIP","floor":13},{"not_picked":["Cleave","Burning Pact"],"picked":"Sentinel+1","floor":18},{"not_picked":["Power Through","Clash","Anger"],"picked":"SKIP","floor":20},{"not_picked":["Iron Wave","Perfected Strike","Anger"],"picked":"SKIP","floor":22},{"not_picked":["Whirlwind","Clothesline+1"],"picked":"Second Wind","floor":24},{"not_picked":["Cleave+1","Disarm","Feed"],"picked":"SKIP","floor":27},{"not_picked":["Flex+1","Cleave+1","Hemokinesis"],"picked":"SKIP","floor":30},{"not_picked":["Juggernaut","Immolate"],"picked":"Offering+1","floor":33},{"not_picked":["Pommel Strike+1","Havoc+1"],"picked":"Wild Strike+1","floor":35},{"not_picked":["Fire Breathing+1","Pommel Strike+1"],"picked":"Ghostly Armor+1","floor":36},{"not_picked":["PanicButton+1","Trip+1"],"picked":"Blind+1","floor":38},{"not_picked":["Anger+1","Sword Boomerang+1"],"picked":"Wild Strike","floor":39},{"not_picked":["Wild Strike","Clothesline"],"picked":"Impervious+1","floor":40},{"not_picked":["Perfected Strike","Twin Strike+1"],"picked":"Burning Pact+1","floor":42},{"not_picked":["Clothesline","Clash","Combust"],"picked":"SKIP","floor":44}],"player_experience":363545,"relics_obtained":[{"floor":8,"key":"Potion Belt"},{"floor":9,"key":"Charon\u0027s Ashes"},{"floor":10,"key":"MealTicket"},{"floor":13,"key":"Pocketwatch"},{"floor":24,"key":"Red Skull"},{"floor":26,"key":"Centennial Puzzle"},{"floor":27,"key":"MawBank"},{"floor":30,"key":"Toxic Egg 2"},{"floor":40,"key":"Mercury Hourglass"},{"floor":43,"key":"Akabeko"}],"event_choices":[{"damage_healed":0,"gold_gain":0,"player_choice":"Success","damage_taken":12,"relics_obtained":["Toy Ornithopter"],"max_hp_gain":0,"max_hp_loss":0,"event_name":"Scrap Ooze","floor":2,"gold_loss":0},{"damage_healed":0,"gold_gain":0,"player_choice":"Donut","damage_taken":0,"max_hp_gain":5,"max_hp_loss":0,"event_name":"Big Fish","floor":3,"gold_loss":0},{"damage_healed":0,"gold_gain":0,"cards_transformed":["Strike_R"],"player_choice":"Change","damage_taken":0,"max_hp_gain":0,"max_hp_loss":0,"event_name":"Living Wall","floor":4,"gold_loss":0,"cards_obtained":["Battle Trance"]},{"damage_healed":0,"gold_gain":175,"player_choice":"AGREE","damage_taken":0,"max_hp_gain":0,"max_hp_loss":0,"event_name":"Liars Game","floor":5,"gold_loss":0,"cards_obtained":["Doubt"]},{"damage_healed":0,"gold_gain":0,"player_choice":"Ignored","damage_taken":0,"max_hp_gain":0,"max_hp_loss":0,"event_name":"Ghosts","floor":19,"gold_loss":0},{"cards_removed":["Second Wind"],"damage_healed":31,"gold_gain":0,"player_choice":"Offered Uncommon","damage_taken":0,"max_hp_gain":0,"max_hp_loss":0,"event_name":"Bonfire Elementals","floor":28,"gold_loss":0},{"damage_healed":0,"gold_gain":0,"player_choice":"Memory 1","damage_taken":0,"max_hp_gain":0,"max_hp_loss":0,"event_name":"SensoryStone","floor":38,"gold_loss":0}],"is_beta":false,"boss_relics":[{"not_picked":["Ectoplasm","Coffee Dripper"],"picked":"Black Blood"},{"not_picked":["Calling Bell","Tiny House"],"picked":"Snecko Eye"}],"items_purged_floors":[14,21,31],"is_endless":false,"potions_floor_spawned":[1,8,13,16,20,24,33,35,42],"killed_by":"Giant Head","ascension_level":3}}