{"host":"fxrgx7wt2cpkbhka","time":1613471942,"event":{"mods":["AchievementEnabler","BaseMod","Colored Powertips","Dark Map","Minty Spire (QoL Compilation)","Permanent Neow","Quick Restart","Slay-I","StSLib","Waifu the Spire"],"gold_per_floor":[210,285,62,80,90,123,123,198,198,56,56,71,36,67,67,164,164,184,99,58,58,58,58,58],"floor_reached":23,"language":"ENG","playtime":819,"items_purged":[],"score":380,"play_id":"46038007-3f6c-4f68-8c25-66f249d72095","local_time":"20210216023902","is_ascension_mode":true,"campfire_choices":[{"data":"Noxious Fumes","floor":7,"key":"SMITH"},{"data":"Neutralize","floor":11,"key":"SMITH"},{"data":"Leg Sweep","floor":15,"key":"SMITH"}],"circlet_count":0,"master_deck":["AscendersBane","Strike_G","Strike_G","Strike_G","Strike_G","Strike_G","Defend_G+1","Defend_G","Defend_G+1","Defend_G","Defend_G","Survivor","Neutralize+1","Deadly Poison","Noxious Fumes+1","Leg Sweep+1","Poisoned Stab","Backstab","Heel Hook","Unload","Sucker Punch","Finisher","Footwork"],"relics":["Ring of the Snake","Membership Card","Tough Bandages","Prayer Wheel","Akabeko","War Paint","HoveringKite","Toxic Egg 2"],"acts_visited":["Exordium","TheCity"],"potions_floor_usage":[6,23,23],"damage_taken":[{"damage":0,"enemies":"Small Slimes","floor":1,"turns":5},{"damage":2,"enemies":"Cultist","floor":4,"turns":4},{"damage":0,"enemies":"Jaw Worm","floor":5,"turns":4},{"damage":9,"enemies":"3 Sentries","floor":6,"turns":11},{"damage":5,"enemies":"Large Slime","floor":12,"turns":6},{"damage":10,"enemies":"Lagavulin","floor":14,"turns":6},{"damage":0,"enemies":"The Guardian","floor":16,"turns":9},{"damage":17,"enemies":"Spheric Guardian","floor":18,"turns":6},{"damage":52,"enemies":"Gremlin Leader","floor":23,"turns":7}],"seed_played":"-8332960777413297272","potions_obtained":[{"floor":4,"key":"AttackPotion"},{"floor":5,"key":"AttackPotion"},{"floor":6,"key":"ColorlessPotion"},{"floor":14,"key":"BlessingOfTheForge"}],"is_trial":false,"path_per_floor":["M","?","$","M","M","E","R","?","T","$","R","M","?","E","R","B",null,"M","?","$","?","?","E"],"character_chosen":"THE_SILENT","items_purchased":["Membership Card","Noxious Fumes","Leg Sweep","Akabeko","Poisoned Stab","Backstab","Footwork"],"campfire_rested":0,"item_purchase_floors":[3,3,3,10,10,10,20],"current_hp_per_floor":[63,56,56,54,54,45,45,34,34,34,34,29,46,36,36,36,62,45,45,45,45,45,0,0],"gold":58,"neow_bonus":"HUNDRED_GOLD","is_daily":false,"chose_seed":false,"campfire_upgraded":3,"win_rate":0.0,"timestamp":1613471942,"path_taken":["M","?","$","?","M","E","R","?","T","?","R","M","?","E","R","BOSS","M","?","$","?","?","E"],"items_purchased_type":["Relic","Card","Card","Relic","Card","Card","Card"],"build_version":"2020-12-22","purchased_purges":0,"victory":false,"max_hp_per_floor":[70,70,70,70,70,70,70,70,70,70,70,70,70,70,70,70,70,70,70,70,70,70,70,70],"card_choices":[{"not_picked":["Cloak And Dagger","Dodge and Roll"],"picked":"Deadly Poison","floor":1},{"not_picked":["PiercingWail","Well Laid Plans","Terror"],"picked":"SKIP","floor":4},{"not_picked":["Dagger Spray","Dagger Throw","Bane"],"picked":"SKIP","floor":5},{"not_picked":["Eviscerate","Escape Plan","Outmaneuver"],"picked":"SKIP","floor":6},{"not_picked":["Blade Dance","Dagger Spray"],"picked":"Heel Hook","floor":12},{"not_picked":["Flechettes","Infinite Blades","Burst"],"picked":"SKIP","floor":12},{"not_picked":["Crippling Poison","Eviscerate","Riddle With Holes"],"picked":"SKIP","floor":14},{"not_picked":["Adrenaline","Tools of the Trade"],"picked":"Unload","floor":16},{"not_picked":["Predator","Crippling Poison"],"picked":"Sucker Punch","floor":18},{"not_picked":["Acrobatics+1","Prepared"],"picked":"Finisher","floor":18}],"player_experience":784777,"relics_obtained":[{"floor":6,"key":"Tough Bandages"},{"floor":9,"key":"Prayer Wheel"},{"floor":14,"key":"War Paint"}],"event_choices":[{"damage_healed":0,"gold_gain":75,"player_choice":"Touch","damage_taken":7,"max_hp_gain":0,"max_hp_loss":0,"event_name":"FaceTrader","floor":2,"gold_loss":0},{"damage_healed":0,"gold_gain":75,"player_choice":"Gather Gold","damage_taken":11,"max_hp_gain":0,"max_hp_loss":0,"event_name":"World of Goop","floor":8,"gold_loss":0},{"damage_healed":17,"gold_gain":0,"player_choice":"Healed","damage_taken":0,"max_hp_gain":0,"max_hp_loss":0,"event_name":"The Cleric","floor":13,"gold_loss":35},{"damage_healed":0,"gold_gain":0,"player_choice":"Obtained Relic","damage_taken":0,"relics_obtained":["Toxic Egg 2"],"max_hp_gain":0,"max_hp_loss":0,"event_name":"Addict","floor":19,"gold_loss":85},{"damage_healed":0,"gold_gain":0,"player_choice":"Ignored","damage_taken":0,"max_hp_gain":0,"max_hp_loss":0,"event_name":"Vampires","floor":21,"gold_loss":0},{"damage_healed":0,"gold_gain":0,"player_choice":"Ignored","damage_taken":0,"max_hp_gain":0,"max_hp_loss":0,"event_name":"Ghosts","floor":22,"gold_loss":0}],"is_beta":false,"boss_relics":[{"not_picked":["Sozu","Runic Pyramid"],"picked":"HoveringKite"}],"items_purged_floors":[],"is_endless":false,"potions_floor_spawned":[4,5,6,14,18],"killed_by":"Gremlin Leader","ascension_level":11}}