{"host":"sl16z9iy022tq7s2","time":1613459945,"event":{"mods":["100% Spire Juice","ATMod(阿瑾Mod)","BaseMod","Colored Powertips","Googly Eyes","KinomotoSakuraMod(木之本樱)","Marisa（F雨　魔理沙）","Minty Spire (QoL Compilation)","Prisma Mod","Quick Restart","Remilia（蕾米莉亚）","Replay The Spire","StSLib","TestMod","The Animator","The Servant 0.9.4","WarShipGirlsR/战舰少女R mod","Yuyuko","【遗物卡牌】REMEMod"],"gold_per_floor":[125,29,29,83,97,97,122,132,178,178,309,9,9,45,45,266,266,308,349,26,64,126,126,151,151],"floor_reached":24,"language":"ZHS","playtime":1707,"items_purged":["animator:Curse_Greed"],"score":268,"play_id":"12c461a6-5627-496c-968b-4e1e8393b774","local_time":"20210216151905","is_ascension_mode":true,"campfire_choices":[{"data":"AT_FamilyPortrait","floor":6.0,"key":"SMITH"},{"data":"testmod-BloodBlade","floor":10.0,"key":"SMITH"},{"data":"animator:GazelDwargon","floor":15.0,"key":"SMITH"},{"data":"animator:Add","floor":23,"key":"SMITH"},{"data":"animator:GazelDwargon","floor":23,"key":"SMITH"}],"circlet_count":0,"master_deck":["animator:Strike_Fate","animator:Defend_Fate","animator:Alexander","animator:Rider","AT_FamilyPortrait+1","testmod-BloodBlade+1","animator:Archer","animator:Strike_OnePunchMan","animator:Strike_Overlord","animator:Strike_NoGameNoLife","animator:Defend_HitsugiNoChaika","animator:Defend_Overlord","animator:Defend_Katanagatari","animator:Aisha","animator:Darkness","animator:FielNirvalen","animator:EmiyaShirou","animator:ShinjiMatou","animator:GazelDwargon+1","animator:Hans","animator:Berserker","animator:GazelDwargon+1","animator:Add+1","animator:Hans"],"relics":["animator:LivingPicture","animator:TheMissingPiece","REME_ComplimentaryCards","AT_ATBox","testmod-TestBox","animator:PurgingStone","testmod-InjuryResistance","NeowsBlessing","testmod-TurbochargingSystem","Bottled Flame","AT_MibuBalloonWealth","animator:EngravedStaff","testmod-CardMagician","ReplayTheSpireMod:CursedCoin","Replay:Arrowhead"],"acts_visited":["Exordium","TheCity"],"potions_floor_usage":[22,22],"damage_taken":[{"damage":0.0,"enemies":"2 Louse","floor":1.0,"turns":1.0},{"damage":0.0,"enemies":"Small Slimes","floor":5.0,"turns":1.0},{"damage":0.0,"enemies":"3 Sentries","floor":7.0,"turns":1.0},{"damage":2.0,"enemies":"Cultist","floor":8.0,"turns":4.0},{"damage":11.0,"enemies":"Gremlin Gang","floor":11.0,"turns":5.0},{"damage":8.0,"enemies":"Red Slaver","floor":14.0,"turns":6.0},{"damage":9.0,"enemies":"Fading Forest","floor":16.0,"turns":11.0},{"damage":13,"enemies":"Chosen","floor":18,"turns":7},{"damage":2,"enemies":"Spheric Guardian","floor":19,"turns":5},{"damage":10,"enemies":"Snecko","floor":21,"turns":4},{"damage":17,"enemies":"Centurion and Healer","floor":22,"turns":7},{"damage":20,"enemies":"3 Cultists","floor":24,"turns":4}],"seed_played":"-1725930721680161733","potions_obtained":[{"floor":1.0,"key":"Fruit Juice"},{"floor":4.0,"key":"testmod-TestPotion"},{"floor":4.0,"key":"LifebloodPotion"},{"floor":7.0,"key":"SteroidPotion"},{"floor":11.0,"key":"Elixir"},{"floor":13.0,"key":"SkillPotion"},{"floor":13.0,"key":"FearPotion"},{"floor":21,"key":"testmod-TestPotion"},{"floor":22,"key":"LiquidBronze"}],"is_trial":false,"path_per_floor":["M","?","$","?","M","R","E","M","T","R","M","$","?","M","R","B",null,"M","M","$","M","M","R","M"],"character_chosen":"THE_ANIMATOR","items_purchased":["animator:EngravedStaff","ReplayTheSpireMod:CursedCoin","animator:GazelDwargon","Replay:Arrowhead","animator:Add"],"campfire_rested":0,"item_purchase_floors":[12,20,20,20,20],"current_hp_per_floor":[71,71,71,54,54,54,54,53,53,53,42,42,42,34,34,33,72,59,58,58,48,31,31,11,11],"gold":151,"neow_bonus":"THREE_ENEMY_KILL","is_daily":false,"chose_seed":false,"campfire_upgraded":5,"win_rate":0.0,"timestamp":1613459945,"path_taken":["M","?","$","?","M","R","E","M","T","R","M","$","?","?","R","BOSS","M","M","$","M","?","R","M"],"items_purchased_type":["Relic","Relic","Card","Relic","Card"],"build_version":"2020-12-22","purchased_purges":1,"victory":false,"max_hp_per_floor":[71,71,71,71,71,71,71,72,72,72,72,72,72,72,72,72,72,72,73,73,73,73,73,73,73],"card_choices":[{"not_picked":["animator:Vanir","animator:GuildGirl"],"picked":"animator:Archer","floor":1.0},{"not_picked":["animator:Shalltear","animator:Archer"],"picked":"animator:Aisha","floor":4.0},{"not_picked":["animator:DolaSchwi","animator:Assassin"],"picked":"animator:Darkness","floor":5.0},{"not_picked":["animator:MumenRider","animator:DwarfShaman"],"picked":"animator:FielNirvalen","floor":7.0},{"not_picked":["animator:Lancer","animator:Alexander"],"picked":"animator:EmiyaShirou","floor":8.0},{"not_picked":["animator:Caster","animator:Aqua"],"picked":"animator:ShinjiMatou","floor":11.0},{"not_picked":["animator:Add","animator:Shion"],"picked":"animator:GazelDwargon","floor":14.0},{"not_picked":["animator:Eve","animator:Eris"],"picked":"animator:Hans","floor":16.0},{"not_picked":["animator:Entoma","animator:Shuna","animator:Ciel"],"picked":"SKIP","floor":18},{"not_picked":["animator:Lancer","animator:ShinjiMatou"],"picked":"animator:Berserker","floor":19},{"not_picked":["animator:PandorasActor","animator:NarberalGamma+1"],"picked":"animator:Hans","floor":21},{"not_picked":["animator:Genos","animator:DwarfShaman","animator:Shion"],"picked":"SKIP","floor":22}],"player_experience":525927,"relics_obtained":[{"floor":4.0,"key":"testmod-TurbochargingSystem"},{"floor":7.0,"key":"Bottled Flame"},{"floor":9.0,"key":"AT_MibuBalloonWealth"}],"event_choices":[{"damage_healed":0.0,"max_hp_gain":0.0,"max_hp_loss":0.0,"gold_gain":0.0,"event_name":"Lab","player_choice":"Got Potions","floor":13.0,"gold_loss":0.0,"damage_taken":0.0}],"is_beta":false,"boss_relics":[{"not_picked":["Painkiller Herb","testmod-EnergyCheck"],"picked":"testmod-CardMagician"}],"items_purged_floors":[20],"is_endless":false,"potions_floor_spawned":[1,7,11,21,22],"killed_by":"3 Cultists","ascension_level":4}}