{"host":"clf2hd4adhiiw0zf","time":1613453086,"event":{"mods":["AchievementEnabler","BaseMod","Beaked The Cultist","Bestiary","Dark Map","Downfall","Gremlin Mod","Hermit","Jorbs\u0027s Wanderer Trilogy","Marisa????????","Minty Spire (QoL Compilation)","Shop Mod","StSLib","The Cursed","Wide Potions"],"gold_per_floor":[99,117,117,217,317,328,376,422,439,473,473,483,497,512,527,600,600,500,500,500,513,513,513,513],"floor_reached":22,"language":"ENG","playtime":854,"items_purged":[],"score":472,"play_id":"6ff66f7f-a8d1-47f5-842d-e3c1693b0e52","local_time":"20210215222446","is_ascension_mode":true,"campfire_choices":[{"floor":1,"key":"RECALL"},{"data":"Gremlin:CongaLine","floor":18,"key":"SMITH"}],"circlet_count":0,"master_deck":["AscendersBane","champ:Strike","champ:Strike","champ:Strike","champ:Strike","champ:Defend","champ:Defend","champ:Defend","champ:Defend","champ:Execute","champ:Taunt","champ:SkillfulDodge","downfall:Icky","champ:Haymaker","downfall:Haunted","stsjorbsmod:Procrastination","stsjorbsmod:Procrastination","TheCursedMod:Dregs","champ:CrownThrow","champ:Circumvent","champ:Lariat","champ:Shatter","champ:DancingMaster","Gremlin:CongaLine+1","champ:FlashCut+1"],"relics":["Busted Crown","downfall:ExtraCursedKey","PreservedInsect","bronze:BronzeIdol","InkBottle","beaked:SacredDeck","downfall:HeartBlessingRed"],"acts_visited":["Exordium","TheCity"],"potions_floor_usage":[12,16,20,21],"damage_taken":[{"damage":14,"enemies":"Small Slimes","floor":2,"turns":3},{"damage":10,"enemies":"2 Louse","floor":6,"turns":4},{"damage":15,"enemies":"Jaw Worm","floor":9,"turns":5},{"damage":18,"enemies":"Gremlin Nob","floor":10,"turns":3},{"damage":14,"enemies":"Exordium Wildlife","floor":12,"turns":4},{"damage":20,"enemies":"Gremlin Gang","floor":13,"turns":6},{"damage":28,"enemies":"Large Slime","floor":14,"turns":5},{"damage":10,"enemies":"Red Slaver","floor":15,"turns":3},{"damage":21,"enemies":"SI_SHIV_ARCHETYPE","floor":16,"turns":7},{"damage":59,"enemies":"downfall:LooterAlt2","floor":21,"turns":5},{"damage":49,"enemies":"3 Byrds","floor":22,"turns":3}],"seed_played":"-496368130204703345","potions_obtained":[{"floor":6,"key":"SpeedPotion"},{"floor":15,"key":"LiquidBronze"},{"floor":16,"key":"DistilledChaos"},{"floor":20,"key":"Fruit Juice"},{"floor":20,"key":"DistilledChaos"}],"is_trial":false,"path_per_floor":["R","M","?","?","?","M","T","T","M","E","?","M","M","M","M","B",null,"R","?","?","M","M"],"character_chosen":"THE_CHAMP","items_purchased":[],"campfire_rested":0,"item_purchase_floors":[],"current_hp_per_floor":[73,69,69,69,69,69,69,69,54,46,46,42,32,19,19,10,63,63,63,75,46,0,0,0],"gold":513,"neow_bonus":"BOSS_RELIC","is_daily":false,"chose_seed":false,"campfire_upgraded":1,"win_rate":0.0,"timestamp":1613453086,"path_taken":["R","M","?","?","?","?","T","?","?","E","?","?","M","M","M","BOSS","R","?","?","M","?"],"items_purchased_type":[],"build_version":"2020-12-22","purchased_purges":0,"victory":false,"max_hp_per_floor":[81,81,81,81,81,81,81,81,81,81,81,81,81,81,81,81,81,81,81,93,93,93,93,93],"card_choices":[{"not_picked":[],"picked":"champ:SkillfulDodge","floor":2},{"not_picked":[],"picked":"champ:Haymaker","floor":6},{"not_picked":[],"picked":"champ:CrownThrow","floor":9},{"not_picked":["champ:HeartStrike"],"picked":"SKIP","floor":10},{"not_picked":["champ:FocusedDefense"],"picked":"SKIP","floor":12},{"not_picked":[],"picked":"champ:Circumvent","floor":13},{"not_picked":[],"picked":"champ:Lariat","floor":14},{"not_picked":[],"picked":"champ:Shatter","floor":15},{"not_picked":[],"picked":"champ:DancingMaster","floor":16},{"not_picked":[],"picked":"champ:FlashCut+1","floor":21}],"player_experience":326339,"relics_obtained":[{"floor":7,"key":"PreservedInsect"},{"floor":8,"key":"bronze:BronzeIdol"},{"floor":10,"key":"InkBottle"}],"event_choices":[{"damage_healed":0,"gold_gain":0,"player_choice":"Got Potions","damage_taken":0,"max_hp_gain":0,"max_hp_loss":0,"event_name":"Lab","floor":20,"gold_loss":0}],"is_beta":false,"boss_relics":[{"not_picked":["Black Star","beaked:MawFillet"],"picked":"beaked:SacredDeck"}],"items_purged_floors":[],"is_endless":false,"potions_floor_spawned":[6,9,15,16],"killed_by":"3 Byrds","ascension_level":20}}