{"host":"njruw0b0uprlitpx","time":1613438378,"event":{"mods":["2.2 Compatiblity","Act Like it!","Aspiration","Bartender","BaseMod","Better Altar","Better Match","Better Note","Better Sensory Stone","Better Skull","Better Third Choice","BetterRewards","Block Reminder","Colored Map","Colored Powertips","Curses Come First","Energized Spire","Hallownest","Jedi Mod","Keyboard Shortcuts","Minty Spire (QoL Compilation)","Quick Restart","Rare Cards Sparkle","Relic Stats","Replay The Spire","SacredBarkPlus","Spicy Shops","StSLib","SuperFastMode","The Blackbeard","The Mystic"],"gold_per_floor":[113,188,188,188,209,243,243,264,264,172,172,205,228,248,248,341,341,362,375,375,575,596,596,610,648,648,648,360,360,387,88,88,186,186,214,239,32,65,65,65,99,99,130,163,240,240,240,249,282,326,326,326,326],"floor_reached":54,"language":"ENG","playtime":7771,"items_purged":["Defend_Bartender","Defend_Bartender","Foot_Thrust"],"score":2696,"play_id":"6f680107-09ec-408d-ba25-c5c70f3c77a8","local_time":"20210215191938","is_ascension_mode":true,"campfire_choices":[{"data":"1","floor":7.0,"key":"LIFT"},{"floor":11.0,"key":"REST"},{"floor":15.0,"key":"REST"},{"data":"2","floor":23.0,"key":"LIFT"},{"data":"3","floor":27.0,"key":"LIFT"},{"data":"Raptor_Form","floor":32.0,"key":"SMITH"},{"data":"Dolphin_Blow","floor":42,"key":"SMITH"},{"data":"Alacrity","floor":47,"key":"SMITH"},{"data":"Combo_Master","floor":51,"key":"SMITH"}],"circlet_count":0,"master_deck":["AscendersBane","Somersault","Momentum","Power_Up_Punch","Midas Touch+1","Enlightenment","Windup+1","Ball_Of_Ice","Alacrity","Raptor_Form+1","Sucker_Punch","Stick_and_Move","Insight_B","Power_Up_Punch","Cross","Cold_Blooded","Snap_Punch","Waterkick","Combo_Master+1","Alacrity+1","Step_Of_The_Wind+1","Power_Up_Punch","Bouncer","Greased_Lightning","Dart+1","Perfect_Balance","Dolphin_Blow+1","Deep Breath","Moonsault_Kick","Rising_Crane","Vortex+","Dramatic Entrance","Sucker_Punch+1","Wall_of_Ice+1","Meteodrive","Wall_of_Ice","Writhe","Axe_Heel_Kick"],"relics":["Sneakers","jedi:kaleidoscope","Water_Ring","ReplayTheSpireMod:ShopPack","Onion Ring","Guide Book","Calipers","Girya","aspiration:AnachronicSnailShell","Letter Opener","Golden Idol","jedi:Pinwheel","Du-Vu Doll","Matryoshka","Replay:Rubber Ducky","Pandora\u0027s Box","aspiration:ChemicalBlood","Boot","ReplayTheSpireMod:Shallot","Strange Spoon","CeramicFish","Bag of Preparation","Membership Card","War Paint","Painkiller Herb","Bottled Tornado","Prayer Wheel","Replay:Mystery Machine","Power_Wrist","aspiration:StickyExplosives"],"acts_visited":["Exordium","TheCity","TheBeyond"],"potions_floor_usage":[43,52,53],"damage_taken":[{"damage":2.0,"enemies":"Small Slimes","floor":1.0,"turns":2.0},{"damage":0.0,"enemies":"2 Louse","floor":5.0,"turns":1.0},{"damage":10.0,"enemies":"3 Sentries","floor":6.0,"turns":3.0},{"damage":0.0,"enemies":"Jaw Worm","floor":8.0,"turns":1.0},{"damage":0.0,"enemies":"Gremlin Nob","floor":12.0,"turns":2.0},{"damage":0.0,"enemies":"Looter","floor":13.0,"turns":1.0},{"damage":8.0,"enemies":"Gremlin Gang","floor":14.0,"turns":3.0},{"damage":9.0,"enemies":"The Guardian","floor":16.0,"turns":5.0},{"damage":1.0,"enemies":"Shell Parasite","floor":18.0,"turns":2.0},{"damage":6.0,"enemies":"2 Thieves","floor":19.0,"turns":2.0},{"damage":0.0,"enemies":"Snecko","floor":22.0,"turns":2.0},{"damage":0.0,"enemies":"Chosen and Byrds","floor":24.0,"turns":3.0},{"damage":7.0,"enemies":"Slavers","floor":25.0,"turns":3.0},{"damage":5,"enemies":"Automaton","floor":33,"turns":5},{"damage":0,"enemies":"Orb Walker","floor":35,"turns":2},{"damage":0,"enemies":"3 Shapes","floor":36,"turns":2},{"damage":0,"enemies":"Transient","floor":38,"turns":5},{"damage":0,"enemies":"Nemesis","floor":43,"turns":3},{"damage":2,"enemies":"Writhing Mass","floor":44,"turns":3},{"damage":0,"enemies":"Spire Growth","floor":49,"turns":2},{"damage":0,"enemies":"Giant Head","floor":50,"turns":3},{"damage":0,"enemies":"Donu and Deca","floor":52,"turns":3},{"damage":33,"enemies":"Awakened One","floor":53,"turns":4}],"seed_played":"4254654423845422853","potions_obtained":[{"floor":1.0,"key":"FearPotion"},{"floor":12.0,"key":"Energy Potion"},{"floor":19.0,"key":"Toxic Potion"},{"floor":25.0,"key":"LifebloodPotion"},{"floor":35,"key":"SpeedPotion"},{"floor":43,"key":"Adrenaline Potion"}],"is_trial":false,"path_per_floor":["M","?","?","?","M","E","R","M","T","?","R","E","M","M","R","B",null,"M","M","?","?","M","R","M","E","T","R","$","?","T","$","R","B",null,"?","?","T","?","PTL","PTL","?","T","E","?","T","?","T","?","?","E","T","B","B",null],"character_chosen":"BARTENDER","items_purchased":["Momentum","Power_Up_Punch","Water_Ring","ReplayTheSpireMod:ShopPack","Windup","Ball_Of_Ice","Onion Ring","Guide Book","Alacrity","Raptor_Form","Girya","Adrenaline Potion","Sucker_Punch","SteroidPotion","Strange Spoon","Membership Card","War Paint","Deep Breath","Bottled Tornado","Dramatic Entrance"],"campfire_rested":2,"item_purchase_floors":[0,0,0,0,0,0,0,0,0,0,0,0,0,0,28,31,31,31,37,37],"current_hp_per_floor":[57,46,35,35,35,25,25,25,25,25,44,44,44,36,55,46,60,59,53,53,53,53,53,53,46,46,46,46,46,46,46,46,41,59,59,59,59,59,59,59,59,59,59,57,57,57,57,65,65,65,65,65,32],"gold":326,"neow_bonus":"","is_daily":false,"chose_seed":false,"campfire_upgraded":4,"win_rate":0.0,"timestamp":1613438378,"path_taken":["M","?","?","?","?","E","R","M","T","?","R","E","M","?","R","BOSS","M","M","?","?","M","R","M","E","T","R","$","?","?","$","R","BOSS","?","?","T","?","PTL","PTL","?","T","E","?","T","?","T","?","?","E","T","BOSS","BOSS"],"items_purchased_type":["Card","Card","Relic","Relic","Card","Card","Relic","Relic","Card","Card","Relic","Potion","Card","Potion","Relic","Relic","Relic","Card","Relic","Card"],"build_version":"2020-12-22","purchased_purges":3,"victory":true,"max_hp_per_floor":[65,65,65,65,65,65,65,65,65,65,65,65,65,65,65,65,65,65,65,65,65,65,65,65,65,65,65,65,65,65,65,65,65,65,65,65,65,65,65,65,65,65,65,65,65,65,65,65,65,65,65,65,65],"relic_stats":{"Strange Spoon":[43],"counters":[167,508],"Golden Idol":365,"CeramicFish":99,"Pandora\u0027s Box":["Alacrity","Step_Of_The_Wind","Power_Up_Punch","Bouncer","Greased_Lightning","Foot_Thrust"],"Prayer Wheel":4,"Bag of Preparation":[34],"Letter Opener":[166],"War Paint":["Step_Of_The_Wind","Dart"],"Boot":[23],"obtain_stats":[{"Golden Egg":0,"Replay:Accelerometer":9,"Whetstone":29,"Ginger":0,"Bottled Tornado":37,"Boot":26,"jedi:shrinkray":45,"Blood Vial":29,"Replay:Ringing Soul":26,"jedi:firstaidkit":5,"Fusion Hammer":34,"Replay:Bottled Flurry":29,"HandDrill":50,"Replay:Wax Seal":0,"aspiration:StickyExplosives":7,"Sneakers":0,"Blue Candle":45,"Akabeko":45,"Water_Ring":0,"Bird Faced Urn":27,"Pandora\u0027s Box":17,"Kintsugi":34,"StrikeDummy":50,"Unceasing Top":10,"aspiration:Lifesprig":0,"Regal Pillow":25,"Lantern":0,"Singing Bowl":6,"Blue Doll":9,"GremlinMask":19,"Painkiller Herb":34,"Replay:Multitool":0,"Bag of Preparation":47,"Cursed Key":17,"White_Cape":20,"Power_Wrist":0,"Hallownest:GodTamersBeastRelic":38,"Pet Ghost":43,"Cleaning_Rag":26,"Replay:Rubber Ducky":45,"Silver_Glasses":34,"Matryoshka":10,"aspiration:AnachronicSnailShell":0,"aspiration:ChemicalBlood":9,"Potion Belt":12,"Lee\u0027s Waffle":0,"Golden Idol":5,"Circlet":45,"jedi:gremlinknob":43,"The Courier":20,"Omamori":21,"Protect_Vest":9,"jedi:crownofsimplicity":26,"Frozen Egg 2":9,"MawBank":23,"Busted Crown":17,"Ornamental Fan":3,"Orrery":8,"Garlic":20,"Bottled Lightning":36,"Toy Ornithopter":12,"Tiny House":34,"Calipers":41,"CeramicFish":30,"HornCleat":38,"jedi:paperlyon":17,"DollysMirror":47,"Strawberry":14,"Philosopher\u0027s Stone":17,"Prayer Wheel":3,"Toxic Egg 2":5,"Girya":0,"Happy Flower":48,"aspiration:Nostalgia":11,"ReplayTheSpireMod:CursedCoin":12,"Replay:Grab Bag":17,"Dead Branch":0,"Oddly Smooth Stone":13,"aspiration:SeaSaltIceCream":45,"Replay:Kaleidoscope":0,"Letter Opener":3,"War Paint":31,"Question Card":0,"Du-Vu Doll":9,"OrangePellets":0,"jedi:heavyjacket":0,"Replay:Baseball":43,"Bottled Flame":28,"jedi:hotpepper":17,"ReplayTheSpireMod:Shallot":26,"Shuriken":0,"Onion Ring":27,"ReplayTheSpireMod:TigerMarble":24,"aspiration:HatOfInfinitePower":0,"ReplayTheSpireMod:DimensionalGlitch":34,"Mirror":39,"Pocketwatch":47,"Replay:PocketPolymizer":37,"Piano_Music":25,"Mango":29,"Sizzling Blood":11,"jedi:Pinwheel":0,"Replay:Mystery Machine":43,"ClockworkSouvenir":45,"Replay:Bandana":0,"Chameleon Ring":11,"Replay:Bottled Snecko":26,"Cracked Core":0,"BargainBundle":0,"Guide Book":45,"Quantum Egg":0,"Orichalcum":8,"Odd Mushroom":14,"White Beast Statue":26,"jedi:fakemustache":13,"Cauldron":48,"Strange Spoon":28,"Anchor":23,"CaptainsWheel":48,"Pondfish Scales":20,"jedi:kaleidoscope":37,"jedi:ominousloannote":5,"ChewingGum":36,"Bag of Marbles":48,"Membership Card":0,"Gem_Box":17,"PureWater":44,"jedi:arcanewood":28,"ReplayTheSpireMod:ShopPack":5},{"Golden Egg":97,"Replay:Accelerometer":102,"Whetstone":89,"Ginger":121,"Bottled Tornado":160,"Boot":157,"jedi:shrinkray":69,"Blood Vial":35,"Replay:Ringing Soul":13,"jedi:firstaidkit":3,"Fusion Hammer":114,"Replay:Bottled Flurry":111,"HandDrill":142,"Replay:Wax Seal":97,"aspiration:StickyExplosives":25,"Sneakers":0,"Blue Candle":140,"Akabeko":118,"Water_Ring":144,"Bird Faced Urn":132,"Pandora\u0027s Box":152,"Kintsugi":59,"StrikeDummy":142,"Unceasing Top":78,"aspiration:Lifesprig":21,"Regal Pillow":56,"Lantern":72,"Singing Bowl":100,"Blue Doll":25,"GremlinMask":32,"Painkiller Herb":158,"Replay:Multitool":21,"Bag of Preparation":96,"Cursed Key":9,"White_Cape":32,"Power_Wrist":44,"Hallownest:GodTamersBeastRelic":65,"Pet Ghost":68,"Cleaning_Rag":56,"Replay:Rubber Ducky":69,"Silver_Glasses":91,"Matryoshka":148,"aspiration:AnachronicSnailShell":144,"aspiration:ChemicalBlood":77,"Potion Belt":6,"Lee\u0027s Waffle":121,"Golden Idol":76,"Circlet":69,"jedi:gremlinknob":94,"The Courier":107,"Omamori":53,"Protect_Vest":124,"jedi:crownofsimplicity":86,"Frozen Egg 2":5,"MawBank":86,"Busted Crown":106,"Ornamental Fan":99,"Orrery":25,"Garlic":53,"Bottled Lightning":92,"Toy Ornithopter":80,"Tiny House":36,"Calipers":39,"CeramicFish":157,"HornCleat":38,"jedi:paperlyon":82,"DollysMirror":96,"Strawberry":126,"Philosopher\u0027s Stone":51,"Prayer Wheel":99,"Toxic Egg 2":46,"Girya":44,"Happy Flower":142,"aspiration:Nostalgia":6,"ReplayTheSpireMod:CursedCoin":6,"Replay:Grab Bag":51,"Dead Branch":72,"Oddly Smooth Stone":29,"aspiration:SeaSaltIceCream":69,"Replay:Kaleidoscope":121,"Letter Opener":145,"War Paint":157,"Question Card":121,"Du-Vu Doll":148,"OrangePellets":21,"jedi:heavyjacket":44,"Replay:Baseball":117,"Bottled Flame":132,"jedi:hotpepper":51,"ReplayTheSpireMod:Shallot":157,"Shuriken":97,"Onion Ring":87,"ReplayTheSpireMod:TigerMarble":34,"aspiration:HatOfInfinitePower":0,"ReplayTheSpireMod:DimensionalGlitch":17,"Mirror":38,"Pocketwatch":142,"Replay:PocketPolymizer":93,"Piano_Music":34,"Mango":15,"Sizzling Blood":6,"jedi:Pinwheel":121,"Replay:Mystery Machine":162,"ClockworkSouvenir":69,"Replay:Bandana":121,"Chameleon Ring":27,"Replay:Bottled Snecko":34,"Cracked Core":97,"BargainBundle":44,"Guide Book":69,"Quantum Egg":72,"Orichalcum":5,"Odd Mushroom":105,"White Beast Statue":109,"jedi:fakemustache":80,"Cauldron":142,"Strange Spoon":157,"Anchor":55,"CaptainsWheel":71,"Pondfish Scales":84,"jedi:kaleidoscope":38,"jedi:ominousloannote":3,"ChewingGum":136,"Bag of Marbles":43,"Membership Card":44,"Gem_Box":51,"PureWater":69,"jedi:arcanewood":34,"ReplayTheSpireMod:ShopPack":3},{"Golden Egg":299,"Replay:Accelerometer":311,"Whetstone":286,"Ginger":362,"Bottled Tornado":485,"Boot":476,"jedi:shrinkray":233,"Blood Vial":108,"Replay:Ringing Soul":34,"jedi:firstaidkit":6,"Fusion Hammer":342,"Replay:Bottled Flurry":333,"HandDrill":438,"Replay:Wax Seal":299,"aspiration:StickyExplosives":67,"Sneakers":0,"Blue Candle":431,"Akabeko":353,"Water_Ring":446,"Bird Faced Urn":404,"Pandora\u0027s Box":464,"Kintsugi":204,"StrikeDummy":438,"Unceasing Top":257,"aspiration:Lifesprig":57,"Regal Pillow":193,"Lantern":242,"Singing Bowl":307,"Blue Doll":67,"GremlinMask":97,"Painkiller Herb":481,"Replay:Multitool":57,"Bag of Preparation":298,"Cursed Key":21,"White_Cape":97,"Power_Wrist":140,"Hallownest:GodTamersBeastRelic":222,"Pet Ghost":230,"Cleaning_Rag":193,"Replay:Rubber Ducky":233,"Silver_Glasses":291,"Matryoshka":453,"aspiration:AnachronicSnailShell":446,"aspiration:ChemicalBlood":255,"Potion Belt":14,"Lee\u0027s Waffle":362,"Golden Idol":251,"Circlet":233,"jedi:gremlinknob":295,"The Courier":325,"Omamori":179,"Protect_Vest":375,"jedi:crownofsimplicity":280,"Frozen Egg 2":11,"MawBank":280,"Busted Crown":323,"Ornamental Fan":303,"Orrery":67,"Garlic":179,"Bottled Lightning":292,"Toy Ornithopter":263,"Tiny House":113,"Calipers":124,"CeramicFish":476,"HornCleat":121,"jedi:paperlyon":270,"DollysMirror":298,"Strawberry":382,"Philosopher\u0027s Stone":170,"Prayer Wheel":303,"Toxic Egg 2":146,"Girya":140,"Happy Flower":438,"aspiration:Nostalgia":14,"ReplayTheSpireMod:CursedCoin":14,"Replay:Grab Bag":170,"Dead Branch":242,"Oddly Smooth Stone":83,"aspiration:SeaSaltIceCream":233,"Replay:Kaleidoscope":362,"Letter Opener":448,"War Paint":476,"Question Card":362,"Du-Vu Doll":453,"OrangePellets":57,"jedi:heavyjacket":140,"Replay:Baseball":350,"Bottled Flame":404,"jedi:hotpepper":170,"ReplayTheSpireMod:Shallot":476,"Shuriken":299,"Onion Ring":282,"ReplayTheSpireMod:TigerMarble":105,"aspiration:HatOfInfinitePower":0,"ReplayTheSpireMod:DimensionalGlitch":46,"Mirror":121,"Pocketwatch":438,"Replay:PocketPolymizer":294,"Piano_Music":105,"Mango":40,"Sizzling Blood":14,"jedi:Pinwheel":362,"Replay:Mystery Machine":493,"ClockworkSouvenir":233,"Replay:Bandana":362,"Chameleon Ring":76,"Replay:Bottled Snecko":105,"Cracked Core":299,"BargainBundle":140,"Guide Book":233,"Quantum Egg":242,"Orichalcum":11,"Odd Mushroom":319,"White Beast Statue":330,"jedi:fakemustache":263,"Cauldron":438,"Strange Spoon":476,"Anchor":186,"CaptainsWheel":238,"Pondfish Scales":275,"jedi:kaleidoscope":121,"jedi:ominousloannote":6,"ChewingGum":419,"Bag of Marbles":134,"Membership Card":140,"Gem_Box":170,"PureWater":233,"jedi:arcanewood":105,"ReplayTheSpireMod:ShopPack":6}]},"card_choices":[{"not_picked":["ReplayTheSpireMod:Necrogeddon","Apotheosis"],"picked":"Midas Touch","floor":0.0},{"not_picked":["Purity","Forethought"],"picked":"Enlightenment","floor":0.0},{"not_picked":["Scoop","With_A_Twist"],"picked":"Stick_and_Move","floor":1.0},{"not_picked":["Sucker_Punch","Ball_Of_Ice"],"picked":"Insight_B","floor":5.0},{"not_picked":["Center_Self","Step_Of_The_Wind"],"picked":"Power_Up_Punch","floor":6.0},{"not_picked":["Blizzard_Spikes","Fading_Blow"],"picked":"Cross","floor":8.0},{"not_picked":["On_The_Rocks","Fading_Blow"],"picked":"Cold_Blooded","floor":12.0},{"not_picked":["With_A_Twist","Stick_and_Move"],"picked":"Snap_Punch","floor":13.0},{"not_picked":["Tornado_Kick","Free_Pour"],"picked":"Waterkick","floor":14.0},{"not_picked":["Top_Shelf","Storage"],"picked":"Combo_Master","floor":16.0},{"not_picked":["Perfect_Balance+1","Dragonkick"],"picked":"Dart","floor":18.0},{"not_picked":["Feint","Hook"],"picked":"Perfect_Balance","floor":19.0},{"not_picked":["Elbow_Slash","Dancing_Jab","Power_Up_Punch"],"picked":"SKIP","floor":22.0},{"not_picked":["Free_Pour","Torment","Fight_Dirty+1"],"picked":"SKIP","floor":24.0},{"not_picked":["Bouncer","Greased_Lightning+1"],"picked":"Dolphin_Blow","floor":25.0},{"not_picked":["High_Tide","Top_Shelf"],"picked":"Moonsault_Kick","floor":33},{"not_picked":["Ball_Of_Ice+1","Dancing_Jab+1"],"picked":"Rising_Crane","floor":35},{"not_picked":["Scoop","On_The_Rocks+1"],"picked":"Vortex+","floor":36},{"not_picked":["Scoop","Well_Drinks"],"picked":"Sucker_Punch+1","floor":38},{"not_picked":["Pony_Shot+1","Cross"],"picked":"Wall_of_Ice+1","floor":41},{"not_picked":["Scoop","Phantom_Blow","Stick_and_Move"],"picked":"SKIP","floor":43},{"not_picked":["Dragonkick","Dancing_Jab"],"picked":"Meteodrive","floor":44},{"not_picked":["Sucker_Punch+1","Fading_Blow+1"],"picked":"Wall_of_Ice","floor":44},{"not_picked":["Feint","Foot_Thrust+1"],"picked":"Axe_Heel_Kick","floor":49},{"not_picked":["Perfect_Balance","Sucker_Punch","Free_Pour+1"],"picked":"SKIP","floor":49},{"not_picked":["Bicycle_Kick","Dragonkick","Pony_Shot"],"picked":"SKIP","floor":50}],"player_experience":1366989,"relics_obtained":[{"floor":6.0,"key":"jedi:Pinwheel"},{"floor":9.0,"key":"Du-Vu Doll"},{"floor":12.0,"key":"Replay:Rubber Ducky"},{"floor":25.0,"key":"aspiration:ChemicalBlood"},{"floor":26.0,"key":"Boot"},{"floor":26.0,"key":"ReplayTheSpireMod:Shallot"},{"floor":30.0,"key":"CeramicFish"},{"floor":30.0,"key":"Bag of Preparation"},{"floor":41,"key":"Prayer Wheel"},{"floor":43,"key":"Replay:Mystery Machine"},{"floor":45,"key":"Power_Wrist"},{"floor":50,"key":"aspiration:StickyExplosives"}],"event_choices":[{"damage_healed":0.0,"max_hp_gain":0.0,"max_hp_loss":0.0,"gold_gain":75.0,"event_name":"betterThird:BetterGoop","player_choice":"Gold","floor":2.0,"gold_loss":0.0,"damage_taken":11.0},{"damage_healed":0.0,"max_hp_gain":0.0,"max_hp_loss":0.0,"gold_gain":0.0,"event_name":"betterThird:BetterScrap","player_choice":"Relic ","floor":3.0,"gold_loss":0.0,"damage_taken":11.0,"cards_obtained":["Electrodynamics"]},{"damage_healed":0.0,"max_hp_gain":0.0,"max_hp_loss":0.0,"gold_gain":0.0,"event_name":"Golden Idol","player_choice":"Take Wound","floor":4.0,"gold_loss":0.0,"damage_taken":0.0,"relics_obtained":["Golden Idol"],"cards_obtained":["Injury"]},{"damage_healed":0.0,"max_hp_gain":0.0,"max_hp_loss":0.0,"gold_gain":0.0,"event_name":"WeMeetAgain","player_choice":"Paid Gold","floor":10.0,"gold_loss":92.0,"damage_taken":0.0,"relics_obtained":["Matryoshka"]},{"cards_removed":["Injury"],"damage_healed":0.0,"max_hp_gain":0.0,"max_hp_loss":0.0,"gold_gain":0.0,"event_name":"Purifier","player_choice":"Purged","floor":20.0,"gold_loss":0.0,"damage_taken":0.0},{"damage_healed":0.0,"max_hp_gain":0.0,"max_hp_loss":0.0,"gold_gain":250.0,"event_name":"The Joust","player_choice":"Bet on Owner","floor":21.0,"gold_loss":50.0,"damage_taken":0.0},{"cards_removed":["Alacrity"],"damage_healed":0.0,"max_hp_gain":0.0,"max_hp_loss":0.0,"gold_gain":0.0,"event_name":"betterNote:BetterNote","player_choice":"Give","floor":29.0,"gold_loss":0.0,"damage_taken":0.0,"cards_obtained":["None"]},{"damage_healed":13,"gold_gain":0,"player_choice":"Writhe","damage_taken":0,"max_hp_gain":0,"max_hp_loss":0,"event_name":"Winding Halls","floor":48,"gold_loss":0,"cards_obtained":["Writhe"]}],"is_beta":false,"boss_relics":[{"not_picked":["Replay:Wanted Poster","Fusion Hammer"],"picked":"Pandora\u0027s Box"},{"not_picked":["Snecko Eye","Replay:Bronze Core"],"picked":"Painkiller Herb"}],"items_purged_floors":[0,0,28],"is_endless":false,"potions_floor_spawned":[1,12,13,19,25,35,38,43],"ascension_level":20}}