{"host":"9jkzatiwan7o33sr","time":1613501851,"event":{"mods":["AchievementEnabler","Act Like it!","Aspiration","BaseMod","Colored Map","Colored Powertips","Conspire","Downfall","GifTheSpireLib","Hallownest","Hermit","Hubris","Infinite Spire","Jorbs\u0027s Wanderer Trilogy","Mad Scientist","Mimic Mod","Minty Spire (QoL Compilation)","Permanent Neow","Shade Mod","StSLib","Stuff the Spire","Td1madao Mod","The Bladedancer","The Bug Knight","The Cursed","The Forsaken","The Hierophant","The Jungle","The Mystic","The Necromancer","The Poker Player","The Servant 0.9.4","The Witch","[IsaacMod]????"],"gold_per_floor":[114,114,189,200,212,239,239,268,268,9,9,9,25,25,25,128,128,148,148,148,148,161,190,190,218,218,218,245,260,260,260,260,364,364,384,384,394,394,394,420,420,435,465,477,509,509,509,54,54,149,149,157,166,166,166,166,188,188,204,204,56,66,66,66,82,82,7,7],"floor_reached":67,"language":"ENG","playtime":4003,"items_purged":[],"score":1475,"play_id":"664a807d-d543-4f5e-b13c-5679bf982c8a","local_time":"20210216195731","is_ascension_mode":true,"campfire_choices":[{"data":"Summon_Death_Knight","floor":7.0,"key":"SMITH"},{"data":"Bone_Wall","floor":11.0,"key":"SMITH"},{"data":"Bones_to_Steel","floor":15.0,"key":"SMITH"},{"data":"Summon_Vampire_Lady","floor":24.0,"key":"SMITH"},{"data":"Spectral_Walk","floor":27.0,"key":"SMITH"},{"data":"Stop_Heart","floor":30.0,"key":"SMITH"},{"data":"Cloudkill","floor":32.0,"key":"SMITH"},{"data":"Requiem","floor":41.0,"key":"SMITH"},{"data":"Bone_Prison","floor":46.0,"key":"SMITH"},{"data":"Summon_Undead","floor":49.0,"key":"SMITH"},{"data":"Spectral_Armor","floor":58,"key":"SMITH"},{"data":"Uncharnel","floor":64,"key":"SMITH"},{"data":"Summon_Undead_Army","floor":66,"key":"SMITH"}],"circlet_count":0,"master_deck":["Strike_W","Strike_W","Strike_W","Strike_W","Defend_W","Defend_W","Defend_W","Defend_W","Negative_Energy_Arrows","Bone_Wall+1","Summon_Death_Knight+1","Death_Coil","Stop_Heart+1","Vampiric_Strike","Life_Drain","Bone_Spikes","Summon_Vampire_Lady+1","Negative_Energy_Shield+1","Consume_Illness+1","Cloudkill+1","Spectral_Walk+1","Bone_Armory+1","Spectral_Walk+1","Requiem+1","Slay_Living+1","Bone_Shift+1","Bone_Spikes+1","Spectral_Walk+1","Spectral_Walk+1","Bone_Prison+1","Jack Of All Trades","Summon_Undead+1","Summon_Lich","Grasp_Heart","Spectral_Armor+1","Summon_Undead_Army+1","Uncharnel+1","Summon_Lich"],"relics":["Vampire_Amulet","HushsDoor","BookofShadows","Akabeko","StrikeDummy","HornCleat","conspire:SeveredTorchhead","Sling","StuffTheSpire:Kangaroo","MutagenicStrength","Oddly Smooth Stone","Gambling Chip","conspire:Boomerang","Bag of Preparation","Anchor","hubris:VirtuousBlindfold","Blood Vial","Incense Burner","InkBottle","Lantern","BFFS","Black Star","Thread and Needle","Pen Nib","StuffTheSpire:Gunfinga","CaptainsWheel","hubris:Reverence","PunchingBag","Strange Spoon"],"acts_visited":["Exordium","TheCity","TheBeyond"],"potions_floor_usage":[],"damage_taken":[{"damage":1.0,"enemies":"2 Louse","floor":1.0,"turns":3.0},{"damage":0.0,"enemies":"conspire:RoseBush","floor":4.0,"turns":4.0},{"damage":0.0,"enemies":"Cultist","floor":5.0,"turns":3.0},{"damage":0.0,"enemies":"Lagavulin","floor":6.0,"turns":6.0},{"damage":0.0,"enemies":"HollowMod:MossKnight","floor":8.0,"turns":4.0},{"damage":0.0,"enemies":"Lots of Slimes","floor":13.0,"turns":5.0},{"damage":7.0,"enemies":"Hexaghost","floor":16.0,"turns":9.0},{"damage":4.0,"enemies":"conspire:FuzzyDice","floor":18.0,"turns":6.0},{"damage":0.0,"enemies":"3 Byrds","floor":22.0,"turns":4.0},{"damage":0.0,"enemies":"conspire:SneckoGhost","floor":23.0,"turns":4.0},{"damage":27.0,"enemies":"Slavers","floor":25.0,"turns":4.0},{"damage":0.0,"enemies":"conspire:Head Lice","floor":28.0,"turns":5.0},{"damage":0.0,"enemies":"Sentry and Sphere","floor":29.0,"turns":4.0},{"damage":18.0,"enemies":"Collector","floor":33.0,"turns":6.0},{"damage":4.0,"enemies":"3 Darklings","floor":35.0,"turns":6.0},{"damage":0.0,"enemies":"3 Shapes","floor":37.0,"turns":4.0},{"damage":1.0,"enemies":"Reptomancer","floor":40.0,"turns":4.0},{"damage":0.0,"enemies":"Jaw Worm Horde","floor":42.0,"turns":3.0},{"damage":0.0,"enemies":"3 Darklings","floor":43.0,"turns":4.0},{"damage":0.0,"enemies":"3 Darklings","floor":44.0,"turns":3.0},{"damage":9.0,"enemies":"Nightmare","floor":45.0,"turns":6.0},{"damage":37.0,"enemies":"hubris:GrandSnecko","floor":50.0,"turns":8.0},{"damage":0,"enemies":"2 Louse","floor":52,"turns":2},{"damage":0,"enemies":"Small Slimes","floor":53,"turns":1},{"damage":0,"enemies":"Lagavulin","floor":57,"turns":2},{"damage":0,"enemies":"3 Sentries","floor":59,"turns":3},{"damage":0,"enemies":"Jaw Worm","floor":62,"turns":2},{"damage":0,"enemies":"3 Louse","floor":65,"turns":1},{"damage":141,"enemies":"Delirium","floor":67,"turns":18}],"seed_played":"-3130760546317746896","potions_obtained":[{"floor":1.0,"key":"Ancient Potion"},{"floor":6.0,"key":"bronze:BurnAndBuffPotion"},{"floor":16.0,"key":"Energy Potion"},{"floor":23.0,"key":"DistilledChaos"},{"floor":25.0,"key":"ColorlessPotion"},{"floor":28.0,"key":"Explosive Potion"},{"floor":40.0,"key":"SkillPotion"},{"floor":50.0,"key":"bronze:BurnAndBuffPotion"},{"floor":52,"key":"Guardian:BlockOnCardUsePotion"}],"is_trial":false,"path_per_floor":["M","?","?","M","M","E","R","E","T","$","R","$","M","$","R","B",null,"M","AVR","?","$","M","E","R","E","T","R","E","M","R","?","R","B",null,"M","?","M","?","?","E","R","M","MIM","M","NM","R","?","$","R","B",null,"M","M","?","AVR","?","E","R","E","T","$","M","?","R","M","R","B"],"character_chosen":"NECROMANCER","items_purchased":["HornCleat","Lantern","BFFS","Summon_Undead","Summon_Lich","Strange Spoon"],"campfire_rested":0,"item_purchase_floors":[10,48,48,48,48,61],"current_hp_per_floor":[71,71,60,62,64,68,68,72,72,72,72,72,75,75,75,70,74,75,75,75,75,75,75,75,67,67,67,75,75,75,75,75,75,75,73,73,75,75,75,75,75,75,75,75,69,69,69,69,69,56,70,75,75,75,75,80,80,80,80,80,80,80,80,80,80,80,0,0],"gold":7,"neow_bonus":"ONE_RANDOM_RARE_CARD","is_daily":false,"chose_seed":false,"campfire_upgraded":13,"win_rate":0.0,"timestamp":1613501851,"path_taken":["M","?","?","?","M","E","R","E","T","$","R","$","M","?","R","BOSS","M","AVR","?","$","M","E","R","E","T","R","E","M","R","?","R","BOSS","M","?","M","?","?","E","R","M","MIM","?","NM","R","?","?","R","BOSS","M","M","?","AVR","?","E","R","E","T","$","M","?","R","?","R","BOSS"],"items_purchased_type":["Relic","Relic","Relic","Card","Card","Relic"],"build_version":"2020-12-22","purchased_purges":0,"victory":false,"max_hp_per_floor":[75,75,75,75,75,75,75,75,75,75,75,75,75,75,75,75,75,75,75,75,75,75,75,75,75,75,75,75,75,75,75,75,75,75,75,75,75,75,75,75,75,75,75,75,75,75,75,75,75,75,75,75,75,75,75,80,80,80,80,80,80,80,80,80,80,80,80,80],"card_choices":[{"not_picked":["Shade_Step","Corrupt"],"picked":"Death_Coil","floor":1.0},{"not_picked":["Bomb","Acid_Javelin"],"picked":"Stop_Heart","floor":4.0},{"not_picked":["Blood_Whip","Bone_Spikes"],"picked":"Vampiric_Strike","floor":5.0},{"not_picked":["Negative_Energy_Bomb","Negative_Energy_Mist"],"picked":"Life_Drain","floor":6.0},{"not_picked":["Life_Tap","Bone_Bullets"],"picked":"Bone_Spikes","floor":8.0},{"not_picked":["Consume_Illness","Blood_for_Blood"],"picked":"Bones_to_Steel","floor":13.0},{"not_picked":["Skeleton_Dragon","Grasp_Heart"],"picked":"Summon_Vampire_Lady","floor":16.0},{"not_picked":["Finger_Of_Death","Scare+1"],"picked":"Negative_Energy_Shield+1","floor":18.0},{"not_picked":["Bones_to_Steel","Chill_Blood"],"picked":"Consume_Illness+1","floor":22.0},{"not_picked":["Toxic_Smoke_Screen+1","Bone_Armor+1"],"picked":"Cloudkill","floor":23.0},{"not_picked":["Flesh_Made_Foul","Scare"],"picked":"Spectral_Walk","floor":25.0},{"not_picked":["Negative_Energy_Burst","Blood_Curse"],"picked":"Bone_Armory+1","floor":28.0},{"not_picked":["Life_Tap","Finger_Of_Death"],"picked":"Spectral_Walk+1","floor":29.0},{"not_picked":["Skeleton_Dragon","Summon_Death_Knight"],"picked":"Requiem","floor":33.0},{"not_picked":["Thousand_Bone_Knives","Bone_Spikes"],"picked":"Slay_Living+1","floor":35.0},{"not_picked":["Plague_Bolt","Toxic_Smoke_Screen"],"picked":"Bone_Shift+1","floor":37.0},{"not_picked":["Cloudkill","Blood_Whip"],"picked":"Bone_Spikes+1","floor":40.0},{"not_picked":["Bones_to_Steel+1","Negative_Energy_Sphere+1"],"picked":"Spectral_Walk+1","floor":42.0},{"not_picked":["Shackles_Of_Pain","Death_Coil+1"],"picked":"Spectral_Walk+1","floor":43.0},{"not_picked":["Chill_Blood","Negative_Energy_Javelin+1","Epidemic+1"],"picked":"SKIP","floor":44.0},{"not_picked":["Bone_Spikes+1","Bones_to_Steel+1"],"picked":"Bone_Prison","floor":45.0},{"not_picked":["Discovery","Swift Strike"],"picked":"Jack Of All Trades","floor":47.0},{"not_picked":["Reap_The_Weak","Hellfire"],"picked":"Grasp_Heart","floor":50.0},{"not_picked":["Death_March_Dance","Negative_Energy_Mist","Bone_Bullets"],"picked":"SKIP","floor":52},{"not_picked":["Exploit","Bones_to_Steel","Finger_Of_Death"],"picked":"SKIP","floor":53},{"not_picked":["Blood_Shield","Bone_Armory"],"picked":"Spectral_Armor","floor":57},{"not_picked":["Summon_Lich","Negative_Energy_Shield"],"picked":"Summon_Undead_Army","floor":59},{"not_picked":["Blood_Wake","Bone_Shift"],"picked":"Uncharnel","floor":62},{"not_picked":["Uncharnel","Death_Coil"],"picked":"Summon_Lich","floor":65}],"player_experience":649675,"relics_obtained":[{"floor":6.0,"key":"Akabeko"},{"floor":8.0,"key":"StrikeDummy"},{"floor":23.0,"key":"Oddly Smooth Stone"},{"floor":25.0,"key":"Gambling Chip"},{"floor":26.0,"key":"conspire:Boomerang"},{"floor":28.0,"key":"Bag of Preparation"},{"floor":40.0,"key":"Blood Vial"},{"floor":43.0,"key":"Incense Burner"},{"floor":45.0,"key":"InkBottle"},{"floor":57,"key":"Pen Nib"},{"floor":57,"key":"StuffTheSpire:Gunfinga"},{"floor":59,"key":"CaptainsWheel"},{"floor":59,"key":"hubris:Reverence"},{"floor":60,"key":"PunchingBag"}],"event_choices":[{"damage_healed":0.0,"max_hp_gain":0.0,"max_hp_loss":0.0,"gold_gain":75.0,"event_name":"World of Goop","player_choice":"Gather Gold","floor":3.0,"gold_loss":0.0,"damage_taken":11.0},{"damage_healed":0.0,"max_hp_gain":0.0,"max_hp_loss":0.0,"gold_gain":0.0,"event_name":"Drug Dealer","player_choice":"Inject Mutagens","floor":20.0,"gold_loss":0.0,"damage_taken":0.0,"relics_obtained":["MutagenicStrength"]},{"damage_healed":0.0,"max_hp_gain":0.0,"max_hp_loss":0.0,"gold_gain":0.0,"event_name":"The Mausoleum","player_choice":"Opened","floor":31.0,"gold_loss":0.0,"damage_taken":0.0,"relics_obtained":["Anchor"]},{"damage_healed":0.0,"max_hp_gain":0.0,"max_hp_loss":0.0,"gold_gain":0.0,"event_name":"conspire:Investor","player_choice":"Leave","floor":36.0,"gold_loss":0.0,"damage_taken":0.0},{"cards_removed":["Bones_to_Steel"],"damage_healed":0.0,"max_hp_gain":0.0,"max_hp_loss":0.0,"gold_gain":0.0,"event_name":"Falling","player_choice":"Removed Skill","floor":39.0,"gold_loss":0.0,"damage_taken":0.0},{"damage_healed":0.0,"max_hp_gain":0.0,"max_hp_loss":0.0,"gold_gain":0.0,"event_name":"SensoryStone","player_choice":"Memory 1","floor":47.0,"gold_loss":0.0,"damage_taken":0.0},{"damage_healed":0,"gold_gain":0,"player_choice":"Donut","damage_taken":0,"max_hp_gain":5,"max_hp_loss":0,"event_name":"Big Fish","floor":56,"gold_loss":0}],"is_beta":false,"boss_relics":[{"not_picked":["Runic Pyramid","hubris:CrackedHourglass"],"picked":"conspire:SeveredTorchhead"},{"not_picked":[]},{"not_picked":["aspiration:WatcherSkillbook","Coffee Dripper"],"picked":"hubris:VirtuousBlindfold"},{"not_picked":[]},{"not_picked":["MagicMushroom","hubris:GrandSneckoEye"],"picked":"Black Star"},{"not_picked":[]}],"items_purged_floors":[],"is_endless":true,"potions_floor_spawned":[1,6,16,23,25,28,29,33,35,40,44,50,52,65],"killed_by":"Delirium","ascension_level":7}}