{"host":"Vegetablebread","time":1613510185,"event":{"mods":["BaseMod","Bestiary","Minty Spire (QoL Compilation)","Relic Stats","Slay the Relics Exporter"],"gold_per_floor":[118,393,8,24,40,73,73,91,136,163,177,191,266,278,278,353,353,363,376,25,42,42,42,70,70,122,132,142,142,142,160,160,234,234,254,272,272,286,311,337,390,422,471,502,502,576,131,159,159,159,159,159,159,18,46,46],"floor_reached":57,"language":"ENG","playtime":13076,"items_purged":["Regret","Strike_R","Strike_R"],"score":2854,"play_id":"3081edd8-1175-4947-8930-1db0e54d86e0","local_time":"20210216131625","is_ascension_mode":true,"campfire_choices":[{"data":"Iron Wave","floor":7.0,"key":"SMITH"},{"data":"Pommel Strike","floor":15.0,"key":"SMITH"},{"data":"Immolate","floor":23.0,"key":"SMITH"},{"data":"Fiend Fire","floor":25.0,"key":"SMITH"},{"data":"Battle Trance","floor":32.0,"key":"SMITH"},{"floor":49.0,"key":"RECALL"},{"data":"Burning Pact","floor":53.0,"key":"SMITH"}],"circlet_count":0,"master_deck":["AscendersBane","Strike_R","Defend_R","Defend_R","Defend_R","Defend_R","Bash","Shockwave+1","Iron Wave+1","Clothesline","Shrug It Off","Intimidate","Ghostly Armor","Metallicize","Flame Barrier","Feel No Pain","Pommel Strike+1","Immolate+1","Warcry+1","Fiend Fire+1","Feel No Pain","Reckless Charge","Hemokinesis","Second Wind","Second Wind","Shrug It Off+1","Corruption","Battle Trance+1","Feed+1","Pommel Strike+1","Feel No Pain","Burning Pact+1","Disarm","True Grit+1","Dark Embrace+1"],"relics":["Burning Blood","Potion Belt","Sundial","Matryoshka","Akabeko","Ancient Tea Set","Mummified Hand","Coffee Dripper","Molten Egg 2","White Beast Statue","Tiny Chest","SacredBark","Gremlin Horn","Prayer Wheel","HornCleat","StoneCalendar","Darkstone Periapt","Pear","Ornamental Fan","OrangePellets","Unceasing Top","War Paint"],"acts_visited":["Exordium","TheCity","TheBeyond","TheEnding"],"potions_floor_usage":[56,56],"damage_taken":[{"damage":2.0,"enemies":"2 Louse","floor":1.0,"turns":5.0},{"damage":7.0,"enemies":"Cultist","floor":4.0,"turns":4.0},{"damage":10.0,"enemies":"Small Slimes","floor":5.0,"turns":4.0},{"damage":42.0,"enemies":"Gremlin Nob","floor":6.0,"turns":5.0},{"damage":1.0,"enemies":"Looter","floor":8.0,"turns":4.0},{"damage":29.0,"enemies":"3 Sentries","floor":10.0,"turns":13.0},{"damage":2.0,"enemies":"Gremlin Gang","floor":11.0,"turns":6.0},{"damage":3.0,"enemies":"3 Louse","floor":12.0,"turns":4.0},{"damage":11.0,"enemies":"Large Slime","floor":14.0,"turns":8.0},{"damage":11.0,"enemies":"The Guardian","floor":16.0,"turns":16.0},{"damage":16.0,"enemies":"2 Thieves","floor":18.0,"turns":2.0},{"damage":13.0,"enemies":"Spheric Guardian","floor":19.0,"turns":4.0},{"damage":11.0,"enemies":"Snecko","floor":21.0,"turns":5.0},{"damage":17.0,"enemies":"Slavers","floor":24.0,"turns":4.0},{"damage":14.0,"enemies":"Snake Plant","floor":27.0,"turns":3.0},{"damage":0.0,"enemies":"3 Cultists","floor":28.0,"turns":3.0},{"damage":0.0,"enemies":"Shelled Parasite and Fungi","floor":31.0,"turns":7.0},{"damage":10.0,"enemies":"Champ","floor":33.0,"turns":8.0},{"damage":0.0,"enemies":"Orb Walker","floor":35.0,"turns":1.0},{"damage":11.0,"enemies":"3 Darklings","floor":36.0,"turns":6.0},{"damage":2.0,"enemies":"Sphere and 2 Shapes","floor":38.0,"turns":6.0},{"damage":1.0,"enemies":"Mind Bloom Boss Battle","floor":39.0,"turns":7.0},{"damage":10.0,"enemies":"Giant Head","floor":40.0,"turns":7.0},{"damage":11.0,"enemies":"2 Orb Walkers","floor":41.0,"turns":5.0},{"damage":5.0,"enemies":"Nemesis","floor":42.0,"turns":7.0},{"damage":3.0,"enemies":"Giant Head","floor":44.0,"turns":9.0},{"damage":19.0,"enemies":"Reptomancer","floor":48.0,"turns":7.0},{"damage":8.0,"enemies":"Awakened One","floor":50.0,"turns":9.0},{"damage":54.0,"enemies":"Time Eater","floor":51.0,"turns":19.0},{"damage":13,"enemies":"Shield and Spear","floor":55,"turns":6},{"damage":50,"enemies":"The Heart","floor":56,"turns":8}],"seed_played":"-5793265626990741446","potions_obtained":[{"floor":1.0,"key":"SteroidPotion"},{"floor":5.0,"key":"BloodPotion"},{"floor":8.0,"key":"Regen Potion"},{"floor":12.0,"key":"Fire Potion"},{"floor":16.0,"key":"SpeedPotion"},{"floor":19.0,"key":"DistilledChaos"},{"floor":24.0,"key":"ElixirPotion"},{"floor":27.0,"key":"DistilledChaos"},{"floor":28.0,"key":"LiquidMemories"},{"floor":30.0,"key":"Swift Potion"},{"floor":30.0,"key":"SneckoOil"},{"floor":31.0,"key":"FearPotion"},{"floor":33.0,"key":"Block Potion"},{"floor":35.0,"key":"LiquidMemories"},{"floor":36.0,"key":"FearPotion"},{"floor":39.0,"key":"SpeedPotion"},{"floor":40.0,"key":"Energy Potion"},{"floor":41.0,"key":"HeartOfIron"},{"floor":42.0,"key":"BlessingOfTheForge"},{"floor":44.0,"key":"SneckoOil"},{"floor":48.0,"key":"DistilledChaos"},{"floor":55,"key":"BlessingOfTheForge"}],"is_trial":false,"path_per_floor":["M","?","$","M","M","E","R","M","T","E","M","M","?","M","R","B",null,"M","M","$","M","?","R","E","R","T","M","M","?","?","M","R","B",null,"M","M","T","M","?","E","?","E","T","E","?","T","$","E","R","B","B",null,"R","$","E","B",null],"character_chosen":"IRONCLAD","items_purchased":["Sundial","Iron Wave","Fiend Fire","Feel No Pain","OrangePellets","Feel No Pain","Burning Pact","Regen Potion","True Grit"],"campfire_rested":0,"item_purchase_floors":[3,3,20,20,47,47,47,54,54],"current_hp_per_floor":[72,72,72,71,67,31,31,36,36,28,32,35,24,19,19,14,60,50,43,43,38,38,38,27,27,27,19,25,25,40,46,46,42,67,73,68,68,76,83,83,82,83,83,100,100,100,100,91,91,89,45,96,96,96,89,94],"gold":46,"neow_bonus":"RANDOM_COMMON_RELIC","is_daily":false,"chose_seed":false,"campfire_upgraded":6,"win_rate":0.0,"timestamp":1613510185,"path_taken":["M","?","$","M","M","E","R","M","T","E","?","?","?","M","R","BOSS","M","M","$","M","?","R","E","R","T","M","M","?","?","?","R","BOSS","M","M","?","M","?","E","?","E","T","E","?","?","?","E","R","BOSS","BOSS","R","$","E","BOSS"],"items_purchased_type":["Relic","Card","Card","Card","Relic","Card","Card","Potion","Card"],"build_version":"2020-12-18","purchased_purges":3,"victory":true,"max_hp_per_floor":[75,75,75,75,75,75,75,75,75,75,75,75,75,75,75,75,75,75,75,75,75,75,75,75,75,75,75,75,75,75,75,75,75,75,75,75,75,79,83,87,91,91,91,105,105,105,105,109,109,109,113,113,113,113,113,113],"relic_stats":{"Darkstone Periapt":0,"Gremlin Horn":[10,12],"counters":[31,202],"StoneCalendar":[171],"War Paint":["Shockwave","True Grit"],"Burning Blood":184,"OrangePellets":[8],"Sundial":[290],"Mummified Hand":[91],"Ornamental Fan":[332],"Tiny Chest":2,"Prayer Wheel":0,"obtain_stats":[{"Potion Belt":0,"Darkstone Periapt":42,"Pear":44,"Gremlin Horn":37,"SacredBark":34,"StoneCalendar":41,"War Paint":55,"Ancient Tea Set":9,"Burning Blood":0,"Akabeko":9,"White Beast Statue":26,"OrangePellets":47,"Matryoshka":6,"HornCleat":40,"Sundial":3,"Mummified Hand":10,"Ornamental Fan":46,"Molten Egg 2":24,"Tiny Chest":26,"Prayer Wheel":39,"Coffee Dripper":17,"Unceasing Top":48},{"Potion Belt":0,"Darkstone Periapt":25,"Pear":26,"Gremlin Horn":20,"SacredBark":18,"StoneCalendar":24,"War Paint":30,"Ancient Tea Set":5,"Burning Blood":0,"Akabeko":5,"White Beast Statue":14,"OrangePellets":26,"Matryoshka":4,"HornCleat":23,"Sundial":1,"Mummified Hand":6,"Ornamental Fan":26,"Molten Egg 2":14,"Tiny Chest":14,"Prayer Wheel":22,"Coffee Dripper":10,"Unceasing Top":27},{"Potion Belt":0,"Darkstone Periapt":144,"Pear":153,"Gremlin Horn":112,"SacredBark":105,"StoneCalendar":137,"War Paint":194,"Ancient Tea Set":22,"Burning Blood":0,"Akabeko":22,"White Beast Statue":84,"OrangePellets":153,"Matryoshka":18,"HornCleat":132,"Sundial":5,"Mummified Hand":35,"Ornamental Fan":153,"Molten Egg 2":84,"Tiny Chest":84,"Prayer Wheel":125,"Coffee Dripper":69,"Unceasing Top":160}],"Unceasing Top":[11]},"card_choices":[{"not_picked":["Pummel","Rage"],"picked":"Shockwave","floor":1.0},{"not_picked":["Warcry","Entrench"],"picked":"Clothesline","floor":4.0},{"not_picked":["Sword Boomerang","Clash"],"picked":"Shrug It Off","floor":5.0},{"not_picked":["Twin Strike","Headbutt"],"picked":"Intimidate","floor":6.0},{"not_picked":["Thunderclap","Flex"],"picked":"Ghostly Armor","floor":8.0},{"not_picked":["Twin Strike","Wild Strike"],"picked":"Metallicize","floor":10.0},{"not_picked":["Searing Blow","Headbutt"],"picked":"Flame Barrier","floor":11.0},{"not_picked":["Heavy Blade","Body Slam"],"picked":"Feel No Pain","floor":12.0},{"not_picked":["Spot Weakness","Searing Blow"],"picked":"Pommel Strike","floor":14.0},{"not_picked":["Double Tap","Reaper"],"picked":"Immolate","floor":16.0},{"not_picked":["Headbutt+1","Flex","Cleave"],"picked":"SKIP","floor":18.0},{"not_picked":["Ghostly Armor","Body Slam"],"picked":"Warcry+1","floor":19.0},{"not_picked":["Warcry","Body Slam","Searing Blow+1"],"picked":"SKIP","floor":21.0},{"not_picked":["Inflame","Sentinel"],"picked":"Second Wind","floor":24.0},{"not_picked":["Armaments+1","Warcry"],"picked":"Second Wind","floor":27.0},{"not_picked":["Heavy Blade+1","Anger+1"],"picked":"Shrug It Off+1","floor":28.0},{"not_picked":["Thunderclap+1","Searing Blow+1"],"picked":"Battle Trance","floor":31.0},{"not_picked":["Bludgeon+1","Corruption"],"picked":"Feed+1","floor":33.0},{"not_picked":["Metallicize","Reckless Charge+1","Sever Soul+1"],"picked":"SKIP","floor":35.0},{"not_picked":["Whirlwind+1","Headbutt+1"],"picked":"Pommel Strike+1","floor":36.0},{"not_picked":["Clothesline+1","Anger+1","Cleave+1"],"picked":"SKIP","floor":38.0},{"not_picked":["Pummel+1","Anger+1","Iron Wave+1"],"picked":"SKIP","floor":40.0},{"not_picked":["Havoc","Armaments","Headbutt+1"],"picked":"SKIP","floor":42.0},{"not_picked":["Havoc","Armaments","Wild Strike+1"],"picked":"SKIP","floor":44.0},{"not_picked":["Feed+1","Perfected Strike+1"],"picked":"Disarm","floor":48.0},{"not_picked":["Sentinel+1","Flex"],"picked":"Dark Embrace+1","floor":55}],"player_experience":10524733,"relics_obtained":[{"floor":6.0,"key":"Matryoshka"},{"floor":9.0,"key":"Akabeko"},{"floor":9.0,"key":"Ancient Tea Set"},{"floor":10.0,"key":"Mummified Hand"},{"floor":24.0,"key":"Molten Egg 2"},{"floor":26.0,"key":"White Beast Statue"},{"floor":26.0,"key":"Tiny Chest"},{"floor":37.0,"key":"Gremlin Horn"},{"floor":39.0,"key":"Prayer Wheel"},{"floor":40.0,"key":"HornCleat"},{"floor":41.0,"key":"StoneCalendar"},{"floor":42.0,"key":"Darkstone Periapt"},{"floor":44.0,"key":"Pear"},{"floor":46.0,"key":"Ornamental Fan"},{"floor":48.0,"key":"Unceasing Top"},{"floor":55,"key":"War Paint"}],"event_choices":[{"damage_healed":0.0,"max_hp_gain":0.0,"max_hp_loss":0.0,"gold_gain":275.0,"event_name":"Golden Shrine","player_choice":"Desecrate","floor":2.0,"gold_loss":0.0,"damage_taken":0.0,"cards_obtained":["Regret"]},{"damage_healed":0.0,"max_hp_gain":0.0,"max_hp_loss":0.0,"gold_gain":75.0,"event_name":"World of Goop","player_choice":"Gather Gold","floor":13.0,"gold_loss":0.0,"damage_taken":11.0},{"damage_healed":0.0,"max_hp_gain":0.0,"max_hp_loss":0.0,"gold_gain":0.0,"cards_transformed":["Strike_R","Strike_R"],"event_name":"Drug Dealer","player_choice":"Became Test Subject","floor":22.0,"gold_loss":0.0,"damage_taken":0.0,"cards_obtained":["Reckless Charge","Hemokinesis"]},{"damage_healed":0.0,"max_hp_gain":0.0,"max_hp_loss":0.0,"gold_gain":0.0,"event_name":"The Library","player_choice":"Read","floor":29.0,"gold_loss":0.0,"damage_taken":0.0,"cards_obtained":["Corruption"]},{"damage_healed":0.0,"max_hp_gain":0.0,"max_hp_loss":0.0,"gold_gain":0.0,"event_name":"Lab","player_choice":"Got Potions","floor":30.0,"gold_loss":0.0,"damage_taken":0.0},{"damage_healed":0.0,"max_hp_gain":0.0,"max_hp_loss":0.0,"gold_gain":0.0,"event_name":"MindBloom","player_choice":"Fight","floor":39.0,"gold_loss":0.0,"damage_taken":0.0},{"damage_healed":0.0,"max_hp_gain":0.0,"max_hp_loss":0.0,"gold_gain":0.0,"event_name":"Mysterious Sphere","player_choice":"Fight","floor":41.0,"gold_loss":0.0,"damage_taken":0.0},{"damage_healed":0.0,"max_hp_gain":0.0,"max_hp_loss":0.0,"gold_gain":0.0,"event_name":"Tomb of Lord Red Mask","player_choice":"Ignored","floor":45.0,"gold_loss":0.0,"damage_taken":0.0}],"is_beta":true,"boss_relics":[{"not_picked":["Fusion Hammer","Runic Dome"],"picked":"Coffee Dripper"},{"not_picked":["Snecko Eye","Velvet Choker"],"picked":"SacredBark"}],"items_purged_floors":[3,20,47],"is_endless":false,"potions_floor_spawned":[1,5,8,12,16,19,24,27,28,31,33,35,36,38,39,40,41,42,44,48,55],"ascension_level":20}}