{"host":"kipy315whq7pv20a","time":1613472339,"event":{"mods":["BaseMod","Minty Spire (QoL Compilation)","Replay The Spire","StSLib","The Marked"],"gold_per_floor":[111,111,36,55,65,65,95,45,70,82,94,156,192,225,237,358,370,409,442,477,14,40,40,62,62,62,62,62,88,88,116,116,230,230,262,308,122,122,150,150,150,74,101,101,128,173,202,231,231,245],"floor_reached":51,"language":"ENG","playtime":2904,"items_purged":["Regret","theMarked:Defend"],"score":739,"play_id":"3dc863a4-188d-4169-9e42-f76eafb37880","local_time":"20210216114539","is_ascension_mode":false,"campfire_choices":[{"data":"theMarked:SoldierOfQuellstein","floor":6,"key":"SMITH"},{"data":"theMarked:HeightenedSenses","floor":11,"key":"SMITH"},{"data":"theMarked:EmpowerWeapon","floor":15,"key":"SMITH"},{"floor":23,"key":"REST"},{"data":"theMarked:EternalStudent","floor":25,"key":"SMITH"},{"data":"theMarked:EmpowerWeapon","floor":27,"key":"SMITH"},{"floor":30,"key":"REST"},{"data":"theMarked:Panic","floor":32,"key":"SMITH"},{"data":"theMarked:RogueSparks","floor":40,"key":"SMITH"},{"floor":44,"key":"REST"},{"floor":49,"key":"REST"}],"circlet_count":0,"master_deck":["theMarked:Strike","theMarked:Strike","theMarked:Strike","theMarked:Strike","theMarked:Defend","theMarked:Defend+2","theMarked:SoldierOfQuellstein+1","theMarked:HeightenedSenses+1","theMarked:RogueSparks+1","theMarked:EmpowerWeapon+1","theMarked:Seal+1","theMarked:Toughness+1","theMarked:Abjuration+1","theMarked:EmpowerWeapon+1","theMarked:OneWithTheBlade","theMarked:EmpowerWeapon+1","theMarked:EternalStudent+1","theMarked:HeightenedSenses","theMarked:Panic+1","theMarked:EternalStudent+1","theMarked:SwordAndMagic","theMarked:ContemptForTheProud+1","theMarked:OneWithTheBlade","theMarked:Improvise+1","Panache","Deep Breath","Secret Technique","theMarked:EmpowerWeapon","theMarked:Improvise","theMarked:ResourceFulStrike+1","theMarked:EmpowerWeapon"],"relics":["theMarked:SpiritSword","Replay:Accelerometer","Replay:Bandana","MawBank","Oddly Smooth Stone","Astrolabe","Strange Spoon","War Paint","Divine Protection","Honey Jar","Simple Rune","Membership Card","Bag of Marbles","Gremlin Food","Ancient Tea Set"],"acts_visited":["Exordium","TheCity","TheBeyond"],"potions_floor_usage":[12,13,19,20,24,48,50,50],"damage_taken":[{"damage":1,"enemies":"Jaw Worm","floor":1,"turns":4},{"damage":0,"enemies":"Small Slimes","floor":4,"turns":3},{"damage":1,"enemies":"Cultist","floor":5,"turns":4},{"damage":4,"enemies":"Replay:BlueRogue","floor":7,"turns":6},{"damage":21,"enemies":"Gremlin Nob","floor":12,"turns":5},{"damage":0,"enemies":"Red Slaver","floor":13,"turns":4},{"damage":0,"enemies":"Blue Slaver","floor":14,"turns":5},{"damage":15,"enemies":"The Guardian","floor":16,"turns":10},{"damage":10,"enemies":"Chosen","floor":18,"turns":4},{"damage":0,"enemies":"Shell Parasite","floor":19,"turns":2},{"damage":28,"enemies":"Centurion and Healer","floor":20,"turns":5},{"damage":10,"enemies":"Cultist and Chosen","floor":22,"turns":5},{"damage":0,"enemies":"Sentry and Sphere","floor":24,"turns":4},{"damage":14,"enemies":"Snake Plant","floor":29,"turns":4},{"damage":0,"enemies":"Chosen and Byrds","floor":31,"turns":4},{"damage":37,"enemies":"Automaton","floor":33,"turns":7},{"damage":9,"enemies":"3 Shapes","floor":35,"turns":2},{"damage":2,"enemies":"Orb Walker","floor":39,"turns":2},{"damage":0,"enemies":"Maw","floor":45,"turns":4},{"damage":25,"enemies":"Reptomancer","floor":46,"turns":3},{"damage":0,"enemies":"Spire Growth","floor":47,"turns":2},{"damage":2,"enemies":"Sphere and 2 Shapes","floor":48,"turns":2},{"damage":35,"enemies":"Time Eater","floor":50,"turns":6}],"seed_played":"-3264062543308298622","potions_obtained":[{"floor":4,"key":"Venom Potion"},{"floor":12,"key":"Flashbang"},{"floor":16,"key":"theMarked:ChargePotion"},{"floor":18,"key":"AttackPotion"},{"floor":20,"key":"Dexterity Potion"},{"floor":33,"key":"Explosive Potion"},{"floor":39,"key":"Regen Potion"},{"floor":46,"key":"EssenceOfSteel"}],"is_trial":false,"path_per_floor":["M","?","$","M","M","R","E","?","T","$","R","E","M","M","R","B",null,"M","M","M","$","M","R","M","R","T","R","?","M","R","M","R","B",null,"M","T","$","?","M","R","?","$","T","R","M","E","M","M","R","B",null],"character_chosen":"THE_DEFAULT","items_purchased":["theMarked:EternalStudent","Strange Spoon","War Paint","Membership Card","theMarked:OneWithTheBlade","Bag of Marbles"],"campfire_rested":4,"item_purchase_floors":[21,21,21,37,37,42],"current_hp_per_floor":[69,69,69,69,68,68,64,64,64,64,64,43,43,43,43,28,70,60,60,32,32,22,43,43,43,43,43,43,29,50,50,50,13,70,61,61,61,61,59,59,49,49,49,70,70,45,45,43,64,41],"gold":245,"neow_bonus":"BOSS_RELIC","is_daily":false,"chose_seed":false,"campfire_upgraded":7,"win_rate":0.0,"timestamp":1613472339,"path_taken":["M","?","$","M","M","R","E","?","T","?","R","E","M","M","R","BOSS","M","M","M","$","M","R","M","R","T","R","?","M","R","?","R","BOSS","M","?","$","?","?","R","?","$","T","R","M","E","M","M","R","BOSS"],"items_purchased_type":["Card","Relic","Relic","Relic","Card","Relic"],"build_version":"2020-12-22","purchased_purges":2,"victory":true,"max_hp_per_floor":[70,70,70,70,70,70,70,70,70,70,70,70,70,70,70,70,70,70,70,70,70,70,70,70,70,70,70,70,70,70,70,70,70,70,70,70,70,70,70,70,70,70,70,70,70,70,70,70,70,70],"card_choices":[{"not_picked":["theMarked:Frustration","theMarked:Heritage","theMarked:Convert"],"picked":"SKIP","floor":1},{"not_picked":["theMarked:Polarize","theMarked:HeightenedSenses","theMarked:Electrocute"],"picked":"SKIP","floor":4},{"not_picked":["theMarked:Memento","theMarked:Frustration"],"picked":"theMarked:ElectricStrings","floor":5},{"not_picked":["theMarked:Convert","theMarked:Overcharge"],"picked":"theMarked:HeightenedSenses","floor":7},{"not_picked":["theMarked:HeightenedSenses","theMarked:BanishingStrike"],"picked":"theMarked:RogueSparks","floor":12},{"not_picked":["theMarked:TwofoldDefense","theMarked:WardOff"],"picked":"theMarked:WastefulAttack","floor":13},{"not_picked":["theMarked:ChainLightning","theMarked:Overthink"],"picked":"theMarked:EmpowerWeapon","floor":14},{"not_picked":["theMarked:Levitate","theMarked:Abjuration"],"picked":"theMarked:BiggerThanFate","floor":16},{"not_picked":["theMarked:Memento+1","theMarked:Standoff+1"],"picked":"theMarked:EmpowerWeapon","floor":18},{"not_picked":["theMarked:Panic","theMarked:Parkour+1"],"picked":"theMarked:OneWithTheBlade","floor":19},{"not_picked":["theMarked:WardOff+1","theMarked:TwofoldDefense"],"picked":"theMarked:EmpowerWeapon","floor":20},{"not_picked":["theMarked:Convert","theMarked:ChainLightning"],"picked":"theMarked:HeightenedSenses","floor":22},{"not_picked":["theMarked:Memento","theMarked:Levitate"],"picked":"theMarked:Panic","floor":24},{"not_picked":["theMarked:EnhanceMovement","theMarked:ContemptForTheProud","theMarked:Heritage+1"],"picked":"SKIP","floor":29},{"not_picked":["theMarked:PowerFlow+1","theMarked:Aftermath+1"],"picked":"theMarked:SwordAndMagic","floor":31},{"not_picked":["theMarked:Aftermath+1","theMarked:Opportunist+1","theMarked:TwofoldDefense+1"],"picked":"theMarked:ContemptForTheProud+1","floor":35},{"not_picked":["theMarked:HeightenedSenses","theMarked:WastefulAttack","theMarked:ShockingTouch+1"],"picked":"theMarked:Improvise+1","floor":39},{"not_picked":["Poisoned Strike","Thinking Ahead","Panacea"],"picked":"Panache","floor":41},{"not_picked":["Jack Of All Trades","Swift Strike","The Bomb"],"picked":"Deep Breath","floor":41},{"not_picked":["Panacea","Madness","Blind"],"picked":"Secret Technique","floor":41},{"not_picked":["theMarked:StartUp+1","theMarked:TakeCover","theMarked:BanishingStrike+1"],"picked":"theMarked:EmpowerWeapon","floor":45},{"not_picked":["theMarked:Aftermath","theMarked:Vacuum","theMarked:Standoff"],"picked":"theMarked:Improvise","floor":46},{"not_picked":["theMarked:TwofoldDefense+1","theMarked:Electrocute+1","theMarked:Maelstrom"],"picked":"theMarked:ResourceFulStrike+1","floor":47},{"not_picked":["theMarked:BanishingStrike+1","theMarked:HeightenedSenses","theMarked:Standoff+1"],"picked":"theMarked:EmpowerWeapon","floor":48}],"player_experience":163321,"relics_obtained":[{"floor":7,"key":"Replay:Bandana"},{"floor":9,"key":"MawBank"},{"floor":12,"key":"Oddly Smooth Stone"},{"floor":26,"key":"Divine Protection"},{"floor":36,"key":"Simple Rune"},{"floor":43,"key":"Gremlin Food"},{"floor":46,"key":"Ancient Tea Set"}],"event_choices":[{"damage_healed":0,"gold_gain":0,"player_choice":"Box","damage_taken":0,"relics_obtained":["Replay:Accelerometer"],"max_hp_gain":0,"max_hp_loss":0,"event_name":"Big Fish","floor":2,"gold_loss":0,"cards_obtained":["Regret"]},{"cards_removed":["theMarked:Defend"],"damage_healed":0,"gold_gain":0,"player_choice":"Card Removal","damage_taken":0,"max_hp_gain":0,"max_hp_loss":0,"event_name":"The Cleric","floor":8,"gold_loss":50},{"damage_healed":0,"gold_gain":0,"player_choice":"Copied","damage_taken":0,"max_hp_gain":0,"max_hp_loss":0,"event_name":"Duplicator","floor":28,"gold_loss":0,"cards_obtained":["theMarked:EternalStudent"]},{"cards_removed":["theMarked:Strike"],"damage_healed":0,"gold_gain":0,"player_choice":"Purged","damage_taken":0,"max_hp_gain":0,"max_hp_loss":0,"event_name":"Purifier","floor":38,"gold_loss":0},{"damage_healed":0,"gold_gain":0,"player_choice":"Memory 3","damage_taken":10,"max_hp_gain":0,"max_hp_loss":0,"event_name":"SensoryStone","floor":41,"gold_loss":0}],"is_beta":false,"boss_relics":[{"not_picked":["Runic Dome","Empty Cage"],"picked":"Astrolabe"},{"not_picked":["Ring of Chaos","Black Star"],"picked":"Honey Jar"}],"items_purged_floors":[3,21],"is_endless":false,"potions_floor_spawned":[4,12,16,18,20,33,39,46],"ascension_level":0}}