{"host":"prxrhpgaxnj4om9r","time":1613483389,"event":{"mods":["AchievementEnabler","BaseMod","Colored Map","DeckTracker","Minty Spire (QoL Compilation)"],"gold_per_floor":[118,131,206,206,218,183,218,238,238,238,6,37,37,48,48,143,143,156,18,32,212,28,357,357,357,384,409,409,409,424,424,424],"floor_reached":31,"language":"KOR","playtime":1000,"items_purged":[],"score":286,"play_id":"2f44ea1d-b212-4b03-bc4e-843efbeafd22","local_time":"20210216224949","is_ascension_mode":false,"campfire_choices":[{"floor":10,"key":"REST"},{"floor":13,"key":"DIG"},{"floor":15,"key":"DIG"},{"floor":25,"key":"DIG"}],"circlet_count":0,"master_deck":["Strike_P","Strike_P","Defend_P","Eruption","Vigilance","Trip","Indignation","WheelKick","Prostrate","SignatureMove","Alpha+1","BowlingBash","Vault","Tantrum+1","Weave+1","Swivel+1","EmptyMind","Halt","InnerPeace","FlurryOfBlows","Prostrate+1","MentalFortress+1","Vengeance","Consecrate"],"relics":["PureWater","Girya","The Courier","Calipers","Shovel","Vajra","Toy Ornithopter","Juzu Bracelet","Astrolabe","Membership Card","Lee\u0027s Waffle","Dead Branch","Old Coin","Incense Burner","Red Mask","Enchiridion"],"acts_visited":["Exordium","TheCity"],"potions_floor_usage":[7,12,16,16,16,16,23,23,23,31],"damage_taken":[{"damage":0,"enemies":"2 Louse","floor":1,"turns":3},{"damage":22,"enemies":"Jaw Worm","floor":2,"turns":2},{"damage":0,"enemies":"Cultist","floor":5,"turns":2},{"damage":28,"enemies":"3 Sentries","floor":7,"turns":5},{"damage":0,"enemies":"Exordium Thugs","floor":8,"turns":3},{"damage":0,"enemies":"Gremlin Nob","floor":12,"turns":1},{"damage":1,"enemies":"Looter","floor":14,"turns":2},{"damage":24,"enemies":"The Guardian","floor":16,"turns":6},{"damage":1,"enemies":"Shell Parasite","floor":18,"turns":3},{"damage":20,"enemies":"2 Thieves","floor":20,"turns":2},{"damage":29,"enemies":"Book of Stabbing","floor":23,"turns":4},{"damage":34,"enemies":"Masked Bandits","floor":27,"turns":4},{"damage":0,"enemies":"Snake Plant","floor":30,"turns":3},{"damage":21,"enemies":"Snecko","floor":31,"turns":4}],"seed_played":"-39825114708463077","potions_obtained":[{"floor":2,"key":"Weak Potion"},{"floor":8,"key":"Energy Potion"},{"floor":12,"key":"Explosive Potion"},{"floor":14,"key":"EntropicBrew"},{"floor":18,"key":"SneckoOil"},{"floor":20,"key":"Block Potion"},{"floor":23,"key":"LiquidBronze"}],"is_trial":false,"path_per_floor":["M","M","?","?","M","?","E","M","T","R","$","E","R","M","R","B",null,"M","$","M","?","$","E","?","R","T","?","?","?","M","M"],"character_chosen":"WATCHER","items_purchased":["Shovel","Membership Card","Halt","Lee\u0027s Waffle","Dead Branch","FlurryOfBlows"],"campfire_rested":1,"item_purchase_floors":[11,19,19,22,22,22],"current_hp_per_floor":[72,50,39,32,32,50,22,22,22,43,43,43,43,42,42,38,72,71,71,51,32,79,60,60,60,60,26,26,10,10,0,0],"gold":424,"neow_bonus":"RANDOM_COLORLESS","is_daily":false,"chose_seed":false,"campfire_upgraded":0,"win_rate":0.0,"timestamp":1613483389,"path_taken":["M","M","?","?","M","?","E","?","T","R","$","E","R","M","R","BOSS","M","$","M","?","?","E","?","R","T","?","?","?","M","M"],"items_purchased_type":["Relic","Relic","Card","Relic","Relic","Card"],"build_version":"2020-12-22","purchased_purges":0,"victory":false,"max_hp_per_floor":[72,72,72,72,72,72,72,72,72,72,72,72,72,72,72,72,72,72,72,72,72,79,79,79,79,79,79,79,79,79,79,79],"card_choices":[{"not_picked":["Flash of Steel","Swift Strike"],"picked":"Trip","floor":0},{"not_picked":["EmptyFist","Weave"],"picked":"Indignation","floor":1},{"not_picked":["Swivel","Protect"],"picked":"WheelKick","floor":2},{"not_picked":["WheelKick","FlyingSleeves"],"picked":"Prostrate","floor":5},{"not_picked":["CarveReality","FollowUp"],"picked":"SignatureMove","floor":7},{"not_picked":["EmptyBody","FollowUp","ClearTheMind"],"picked":"SKIP","floor":8},{"not_picked":["Pray","SignatureMove"],"picked":"Alpha","floor":12},{"not_picked":["Pray","Swivel"],"picked":"BowlingBash","floor":14},{"not_picked":["Wish","DevaForm"],"picked":"Vault","floor":16},{"not_picked":["EmptyFist","FlurryOfBlows"],"picked":"EmptyMind","floor":18},{"not_picked":["Swivel","CutThroughFate"],"picked":"InnerPeace","floor":20},{"not_picked":["BowlingBash","Crescendo"],"picked":"Prostrate+1","floor":23},{"not_picked":["Evaluate","Tantrum"],"picked":"MentalFortress+1","floor":27},{"not_picked":["EmptyBody","CrushJoints","FearNoEvil"],"picked":"SKIP","floor":30}],"player_experience":489286,"relics_obtained":[{"floor":7,"key":"The Courier"},{"floor":9,"key":"Calipers"},{"floor":12,"key":"Vajra"},{"floor":13,"key":"Toy Ornithopter"},{"floor":15,"key":"Juzu Bracelet"},{"floor":23,"key":"Old Coin"},{"floor":25,"key":"Incense Burner"},{"floor":27,"key":"Red Mask"},{"floor":29,"key":"Enchiridion"}],"event_choices":[{"damage_healed":0,"gold_gain":75,"player_choice":"Gather Gold","damage_taken":11,"max_hp_gain":0,"max_hp_loss":0,"event_name":"World of Goop","floor":3,"gold_loss":0},{"damage_healed":0,"gold_gain":0,"player_choice":"Success","damage_taken":7,"relics_obtained":["Girya"],"max_hp_gain":0,"max_hp_loss":0,"event_name":"Scrap Ooze","floor":4,"gold_loss":0},{"damage_healed":18,"gold_gain":0,"player_choice":"Healed","damage_taken":0,"max_hp_gain":0,"max_hp_loss":0,"event_name":"The Cleric","floor":6,"gold_loss":35},{"damage_healed":0,"gold_gain":180,"player_choice":"GOLD GOLD ","damage_taken":19,"max_hp_gain":0,"max_hp_loss":0,"event_name":"Knowing Skull","floor":21,"potions_obtained":[],"gold_loss":0,"cards_obtained":[]},{"damage_healed":0,"gold_gain":0,"player_choice":"Forge","damage_taken":0,"max_hp_gain":0,"max_hp_loss":0,"event_name":"Accursed Blacksmith","floor":24,"gold_loss":0,"cards_upgraded":["Alpha"]},{"damage_healed":0,"gold_gain":0,"player_choice":"Fought Bandits","damage_taken":0,"max_hp_gain":0,"max_hp_loss":0,"event_name":"Masked Bandits","floor":27,"gold_loss":0},{"damage_healed":0,"gold_gain":0,"cards_transformed":["Defend_P","Strike_P"],"player_choice":"Became Test Subject","damage_taken":0,"max_hp_gain":0,"max_hp_loss":0,"event_name":"Drug Dealer","floor":28,"gold_loss":0,"cards_obtained":["Vengeance","Consecrate"]},{"damage_healed":0,"gold_gain":0,"player_choice":"Obtained Book","damage_taken":16,"max_hp_gain":0,"max_hp_loss":0,"event_name":"Cursed Tome","floor":29,"gold_loss":0}],"is_beta":false,"boss_relics":[{"not_picked":["SacredBark","Philosopher\u0027s Stone"],"picked":"Astrolabe"}],"items_purged_floors":[],"is_endless":false,"potions_floor_spawned":[2,8,12,14,18,20,23],"killed_by":"Snecko","ascension_level":0}}