{"host":"avjwtc49fhlk6kym","time":1613438192,"event":{"mods":["AchievementEnabler","BaseMod","Better Match","Better Note","Better Third Choice","Colored Map","Colored Powertips","Displayed Cursed Tome","Highlight Path","Minty Spire (QoL Compilation)","Permanent Neow","Quick Restart","StSLib"],"gold_per_floor":[114,114,41,41,58,87,101,132,132,132,157,157,4,22,22,127,127,141,159,178,18,28,56,56,66,66,83,111,111,111,111,111,209,209,228,5,21,37,57,57,72,0,49,61,61,71,24,24,24],"floor_reached":48,"language":"ENG","playtime":1945,"items_purged":["Strike_P"],"score":621,"play_id":"7ac81a82-2526-4182-8c4a-be0ec58c1925","local_time":"20210215201632","is_ascension_mode":true,"campfire_choices":[{"data":"Eruption","floor":10.0,"key":"SMITH"},{"data":"Conclude","floor":15.0,"key":"SMITH"},{"floor":24.0,"key":"REST"},{"floor":29.0,"key":"REST"},{"floor":32.0,"key":"REST"},{"data":"BattleHymn","floor":40,"key":"SMITH"}],"circlet_count":0,"master_deck":["Strike_P","Strike_P","Strike_P","Defend_P","Defend_P","Defend_P","Defend_P","Eruption+1","Vigilance","Trip","PathToVictory","FlurryOfBlows","FollowUp","SandsOfTime","Judgement","BowlingBash","ClearTheMind","Conclude+1","Judgement","CurseOfTheBell","Evaluate+1","WindmillStrike+1","PathToVictory","Panacea","BattleHymn+1","ThirdEye","Evaluate","ClearTheMind","Pray+1","Devotion","ThirdEye+1","Protect","Parasite","Protect+1","Madness","Madness","Protect"],"relics":["PureWater","FossilizedHelix","Pear","Happy Flower","Bag of Preparation","Blood Vial","Calling Bell","Bronze Scales","Kunai","CloakClasp","Bottled Flame","Ornamental Fan","Blue Candle","MutagenicStrength","SacredBark","Damaru","Red Mask","PreservedInsect"],"acts_visited":["Exordium","TheCity","TheBeyond"],"potions_floor_usage":[38,38,39,39,46,48],"damage_taken":[{"damage":0.0,"enemies":"Small Slimes","floor":1.0,"turns":3.0},{"damage":0.0,"enemies":"Cultist","floor":5.0,"turns":2.0},{"damage":0.0,"enemies":"Gremlin Nob","floor":6.0,"turns":2.0},{"damage":0.0,"enemies":"Jaw Worm","floor":7.0,"turns":3.0},{"damage":18.0,"enemies":"3 Sentries","floor":8.0,"turns":9.0},{"damage":8.0,"enemies":"Lagavulin","floor":11.0,"turns":5.0},{"damage":0.0,"enemies":"Exordium Wildlife","floor":14.0,"turns":2.0},{"damage":22.0,"enemies":"The Guardian","floor":16.0,"turns":9.0},{"damage":10.0,"enemies":"Shell Parasite","floor":18.0,"turns":4.0},{"damage":0.0,"enemies":"3 Byrds","floor":19.0,"turns":1.0},{"damage":16.0,"enemies":"Snake Plant","floor":20.0,"turns":3.0},{"damage":33.0,"enemies":"Centurion and Healer","floor":22.0,"turns":4.0},{"damage":16.0,"enemies":"Book of Stabbing","floor":23.0,"turns":4.0},{"damage":0.0,"enemies":"3 Cultists","floor":25.0,"turns":4.0},{"damage":0.0,"enemies":"Cultist and Chosen","floor":27.0,"turns":3.0},{"damage":18.0,"enemies":"Gremlin Leader","floor":28.0,"turns":5.0},{"damage":63.0,"enemies":"Automaton","floor":33.0,"turns":11.0},{"damage":12.0,"enemies":"3 Shapes","floor":35.0,"turns":4.0},{"damage":0,"enemies":"Orb Walker","floor":37,"turns":2},{"damage":0,"enemies":"Writhing Mass","floor":38,"turns":4},{"damage":0,"enemies":"Jaw Worm Horde","floor":39,"turns":1},{"damage":25,"enemies":"3 Darklings","floor":41,"turns":4},{"damage":3,"enemies":"Writhing Mass","floor":44,"turns":4},{"damage":2,"enemies":"Jaw Worm Horde","floor":46,"turns":4},{"damage":56,"enemies":"Maw","floor":48,"turns":5}],"seed_played":"-3319731797624830041","potions_obtained":[{"floor":1.0,"key":"Fire Potion"},{"floor":11.0,"key":"PowerPotion"},{"floor":14.0,"key":"Fruit Juice"},{"floor":16.0,"key":"GamblersBrew"},{"floor":18.0,"key":"SteroidPotion"},{"floor":22.0,"key":"FearPotion"},{"floor":23.0,"key":"Block Potion"},{"floor":33.0,"key":"SpeedPotion"},{"floor":35.0,"key":"Regen Potion"},{"floor":38,"key":"PowerPotion"},{"floor":44,"key":"SpeedPotion"},{"floor":46,"key":"GamblersBrew"}],"is_trial":false,"path_per_floor":["M","?","$","T","M","E","M","E","T","R","E","?","$","M","R","B",null,"M","M","M","$","M","E","R","M","T","M","E","R","?","?","R","B",null,"M","$","M","M","M","R","M","?","T","M","?","M","$","M"],"character_chosen":"WATCHER","items_purchased":["PathToVictory","FlurryOfBlows","Blood Vial","Panacea","Damaru","DistilledChaos","Protect"],"campfire_rested":3,"item_purchase_floors":[3,3,13,21,36,36,47],"current_hp_per_floor":[72,72,72,72,72,72,72,64,64,64,56,82,82,87,87,65,87,77,79,65,65,34,20,46,48,48,50,34,60,60,43,70,9,92,80,80,82,92,92,92,67,67,67,66,54,54,54,0,0],"gold":24,"neow_bonus":"RANDOM_COLORLESS","is_daily":false,"chose_seed":false,"campfire_upgraded":3,"win_rate":0.0,"timestamp":1613438192,"path_taken":["M","?","$","?","?","E","M","E","T","R","E","?","$","M","R","BOSS","M","?","M","$","M","E","R","M","T","M","E","R","?","?","R","BOSS","M","$","M","M","M","R","M","?","T","M","?","M","$","M"],"items_purchased_type":["Card","Card","Relic","Card","Relic","Potion","Card"],"build_version":"2020-12-22","purchased_purges":1,"victory":false,"max_hp_per_floor":[72,72,72,72,72,72,72,82,82,82,82,82,82,87,87,87,87,87,87,87,87,87,87,87,87,87,87,87,87,87,92,92,92,92,92,92,92,92,92,92,92,92,92,92,92,92,92,92,92],"card_choices":[{"not_picked":["Madness","Purity"],"picked":"Trip","floor":0.0},{"not_picked":["EmptyFist","FlurryOfBlows"],"picked":"ForeignInfluence","floor":1.0},{"not_picked":["InnerPeace","Collect"],"picked":"FollowUp","floor":5.0},{"not_picked":["Evaluate","SashWhip"],"picked":"SandsOfTime","floor":6.0},{"not_picked":["Collect","CrushJoints"],"picked":"Judgement","floor":7.0},{"not_picked":["Prostrate","Indignation"],"picked":"BowlingBash","floor":8.0},{"not_picked":["EmptyMind","Weave"],"picked":"ClearTheMind","floor":11.0},{"not_picked":["Sanctity","Halt"],"picked":"Conclude","floor":14.0},{"not_picked":["MasterReality","SpiritShield"],"picked":"Judgement","floor":16.0},{"not_picked":["EmptyBody+1","FollowUp"],"picked":"Evaluate+1","floor":18.0},{"not_picked":["ClearTheMind","Meditate"],"picked":"WindmillStrike+1","floor":19.0},{"not_picked":["EmptyFist","Omniscience"],"picked":"PathToVictory","floor":20.0},{"not_picked":["CrushJoints","JustLucky+1"],"picked":"BattleHymn","floor":22.0},{"not_picked":["EmptyBody","Nirvana"],"picked":"ThirdEye","floor":23.0},{"not_picked":["FollowUp","Conclude"],"picked":"Evaluate","floor":25.0},{"not_picked":["FollowUp","CutThroughFate"],"picked":"ClearTheMind","floor":27.0},{"not_picked":["BowlingBash","Worship+1"],"picked":"Pray+1","floor":28.0},{"not_picked":["SpiritShield","Brilliance"],"picked":"Devotion","floor":33.0},{"not_picked":["EmptyFist+1","FlyingSleeves+1"],"picked":"ThirdEye+1","floor":35.0},{"not_picked":["Halt","WreathOfFlame"],"picked":"Protect","floor":37},{"not_picked":["Halt+1","EmptyBody","Prostrate"],"picked":"SKIP","floor":38},{"not_picked":["SashWhip+1","ThirdEye+1","Collect+1"],"picked":"SKIP","floor":39},{"not_picked":["FlurryOfBlows","JustLucky","Omniscience"],"picked":"SKIP","floor":41},{"not_picked":["CrushJoints","Consecrate+1"],"picked":"Protect+1","floor":44},{"not_picked":["Halt+1","ThirdEye","WindmillStrike"],"picked":"SKIP","floor":46}],"player_experience":453695,"relics_obtained":[{"floor":6.0,"key":"FossilizedHelix"},{"floor":8.0,"key":"Pear"},{"floor":9.0,"key":"Happy Flower"},{"floor":11.0,"key":"Bag of Preparation"},{"floor":17.0,"key":"Bronze Scales"},{"floor":17.0,"key":"Kunai"},{"floor":17.0,"key":"CloakClasp"},{"floor":23.0,"key":"Bottled Flame"},{"floor":26.0,"key":"Ornamental Fan"},{"floor":28.0,"key":"Blue Candle"},{"floor":43,"key":"PreservedInsect"}],"event_choices":[{"cards_removed":["ForeignInfluence"],"damage_healed":0.0,"max_hp_gain":0.0,"max_hp_loss":0.0,"gold_gain":0.0,"event_name":"Bonfire Elementals","player_choice":"Offered Uncommon","floor":2.0,"gold_loss":0.0,"damage_taken":0.0},{"damage_healed":26.0,"max_hp_gain":0.0,"max_hp_loss":0.0,"gold_gain":0.0,"event_name":"Wheel of Change","player_choice":"Full Heal","floor":12.0,"gold_loss":0.0,"damage_taken":0.0},{"damage_healed":0.0,"max_hp_gain":0.0,"max_hp_loss":0.0,"gold_gain":0.0,"event_name":"Drug Dealer","player_choice":"Inject Mutagens","floor":30.0,"gold_loss":0.0,"damage_taken":0.0,"relics_obtained":["MutagenicStrength"]},{"damage_healed":0.0,"max_hp_gain":5.0,"max_hp_loss":0.0,"gold_gain":0.0,"event_name":"Forgotten Altar","player_choice":"Shed Blood","floor":31.0,"gold_loss":0.0,"damage_taken":22.0},{"damage_healed":0,"gold_gain":0,"player_choice":"Paid","damage_taken":0,"relics_obtained":["Red Mask"],"max_hp_gain":0,"max_hp_loss":0,"event_name":"Tomb of Lord Red Mask","floor":42,"gold_loss":72},{"damage_healed":0,"gold_gain":0,"player_choice":"Embrace Madness","damage_taken":12,"max_hp_gain":0,"max_hp_loss":0,"event_name":"Winding Halls","floor":45,"gold_loss":0,"cards_obtained":["Madness","Madness"]}],"is_beta":false,"boss_relics":[{"not_picked":["Empty Cage","Fusion Hammer"],"picked":"Calling Bell"},{"not_picked":["Busted Crown","Coffee Dripper"],"picked":"SacredBark"}],"items_purged_floors":[21],"is_endless":false,"potions_floor_spawned":[1,11,14,16,18,22,23,33,35,38,44,46],"killed_by":"Maw","ascension_level":2}}