{"host":"kh6fvhxn285ncg0o","time":1613445492,"event":{"mods":["Act Like it!","BaseMod","Colored Map","Friendly Minions","Keyboard Shortcuts","Minty Spire (QoL Compilation)","Quick Restart","Relic Stats","StSLib","SuperFastMode","UnlockEverythingMod"],"gold_per_floor":[119,269,269,281,292,292,57,132,132,132,158,118,118,138,138,138,138],"floor_reached":16,"language":"KOR","playtime":312,"items_purged":["Strike_R"],"score":195,"play_id":"ba26d3db-b618-41a2-9699-b372d2411b74","local_time":"20210216121812","is_ascension_mode":true,"campfire_choices":[{"data":"1","floor":6.0,"key":"LIFT"},{"data":"2","floor":10.0,"key":"LIFT"},{"data":"3","floor":13.0,"key":"LIFT"},{"data":"Sword Boomerang","floor":15.0,"key":"SMITH"}],"circlet_count":0,"master_deck":["AscendersBane","Strike_R","Strike_R","Strike_R","Strike_R","Defend_R","Defend_R","Defend_R","Defend_R","Bash","CurseOfTheBell","Shrug It Off","Sword Boomerang+1","Burning Pact","Feel No Pain"],"relics":["Calling Bell","Happy Flower","Blue Candle","Girya","Spirit Poop","Toolbox","Ancient Tea Set","Calipers"],"acts_visited":["Exordium"],"potions_floor_usage":[16,16],"damage_taken":[{"damage":6.0,"enemies":"Cultist","floor":1.0,"turns":4.0},{"damage":7.0,"enemies":"Jaw Worm","floor":4.0,"turns":5.0},{"damage":6.0,"enemies":"2 Louse","floor":5.0,"turns":4.0},{"damage":13.0,"enemies":"Lagavulin","floor":11.0,"turns":4.0},{"damage":3.0,"enemies":"Large Slime","floor":14.0,"turns":6.0},{"damage":24,"enemies":"Slime Boss","floor":16,"turns":6}],"seed_played":"-8608450477920380696","potions_obtained":[{"floor":5.0,"key":"BlessingOfTheForge"},{"floor":12.0,"key":"SkillPotion"},{"floor":12.0,"key":"ElixirPotion"}],"is_trial":false,"path_per_floor":["M","?","?","M","M","R","$","?","T","R","E","?","R","M","R","B"],"character_chosen":"IRONCLAD","items_purchased":["Toolbox"],"campfire_rested":0,"item_purchase_floors":[7],"current_hp_per_floor":[62,62,62,55,49,49,49,38,38,38,25,25,25,22,22,0,0],"gold":138,"neow_bonus":"BOSS_RELIC","is_daily":false,"chose_seed":false,"campfire_upgraded":1,"win_rate":0.0,"timestamp":1613445492,"path_taken":["M","?","?","M","?","R","$","?","T","R","E","?","R","?","R","BOSS"],"items_purchased_type":["Relic"],"build_version":"2020-12-22","purchased_purges":1,"victory":false,"max_hp_per_floor":[75,75,75,75,75,75,75,75,75,75,75,75,75,75,75,75,75],"relic_stats":{"Happy Flower":[9],"counters":[6,29],"Blue Candle":[1],"obtain_stats":[{"Calling Bell":0,"Girya":0,"Calipers":11,"Happy Flower":0,"Blue Candle":0,"Spirit Poop":3,"Toolbox":7,"Ancient Tea Set":9,"Burning Blood":0},{"Calling Bell":0,"Girya":0,"Calipers":4,"Happy Flower":0,"Blue Candle":0,"Spirit Poop":1,"Toolbox":3,"Ancient Tea Set":3,"Burning Blood":0},{"Calling Bell":0,"Girya":0,"Calipers":17,"Happy Flower":0,"Blue Candle":0,"Spirit Poop":4,"Toolbox":13,"Ancient Tea Set":13,"Burning Blood":0}]},"card_choices":[{"not_picked":["Hemokinesis","Heavy Blade"],"picked":"Shrug It Off","floor":1.0},{"not_picked":["Clash","Clothesline"],"picked":"Sword Boomerang","floor":5.0},{"not_picked":["Bloodletting","Berserk"],"picked":"Burning Pact","floor":11.0},{"not_picked":["Wild Strike","Pummel"],"picked":"Feel No Pain","floor":14.0}],"player_experience":1429822,"relics_obtained":[{"floor":0.0,"key":"Happy Flower"},{"floor":0.0,"key":"Blue Candle"},{"floor":0.0,"key":"Girya"},{"floor":9.0,"key":"Ancient Tea Set"},{"floor":11.0,"key":"Calipers"}],"event_choices":[{"damage_healed":0.0,"max_hp_gain":0.0,"max_hp_loss":0.0,"gold_gain":150.0,"event_name":"Liars Game","player_choice":"AGREE","floor":2.0,"gold_loss":0.0,"damage_taken":0.0,"cards_obtained":["Doubt"]},{"cards_removed":["Doubt"],"damage_healed":0.0,"max_hp_gain":0.0,"max_hp_loss":0.0,"gold_gain":0.0,"event_name":"Bonfire Elementals","player_choice":"Offered Curse","floor":3.0,"gold_loss":0.0,"damage_taken":0.0,"relics_obtained":["Spirit Poop"]},{"damage_healed":0.0,"max_hp_gain":0.0,"max_hp_loss":0.0,"gold_gain":75.0,"event_name":"World of Goop","player_choice":"Gather Gold","floor":8.0,"gold_loss":0.0,"damage_taken":11.0},{"damage_healed":0.0,"max_hp_gain":0.0,"max_hp_loss":0.0,"gold_gain":0.0,"event_name":"The Woman in Blue","player_choice":"Bought 3 Potions","floor":12.0,"gold_loss":0.0,"damage_taken":0.0}],"is_beta":false,"boss_relics":[],"items_purged_floors":[7],"is_endless":false,"potions_floor_spawned":[5],"killed_by":"Slime Boss","ascension_level":20}}