{"host":"uhhucka17mqeuzwb","time":1613476759,"event":{"mods":["2.2 Compatiblity","AchievementEnabler","Act Like it!","Astrologer","BaseMod","Better Altar","Better Skull","Colored Powertips","Defuse TimeMaze Blight","Downfall","Energized Spire","Faster Ascension Climbing","Friendly Minions","Gensokyo","GifTheSpireLib","Gremlin Mod","Gremlin Skip","Hallownest","Hermit","HololiveMod","KinomotoSakuraMod(????)","Lobotomy","Marisa????????","Minty Spire (QoL Compilation)","Quick Restart","Red Circlet Mod","Replay The Spire","Reworked Bosses","Shade Mod","Shop Mod","StSLib","The Animator","The Blue Laboratory","The Bug Knight","The Cursed","Waifu the Spire"],"gold_per_floor":[86,99,112,112,218,218,253,253,326,326,326,6,36,36,36,82,82,186,186,200,211,20,35,351,351,381,400,447,466,466,466,466,466,466,481,481,578,578,593,533,546,546,564,599,599,625,649,649,668,668,366,385,385,385],"floor_reached":55,"language":"ENG","playtime":5965,"items_purged":["Hololive_CallHoushouMarine"],"score":1000,"play_id":"66e06779-fab7-49e6-9246-efd7796c8065","local_time":"20210216065919","is_ascension_mode":false,"campfire_choices":[{"data":"Hololive_CallShiroganeNoel","floor":6,"key":"SMITH"},{"data":"Hololive_CallUruhaRushia","floor":8,"key":"SMITH"},{"data":"Hololive_CallOzoraSubaru","floor":15,"key":"SMITH"},{"data":"Hololive_Yoholoon","floor":17,"key":"SMITH"},{"data":"Hololive_Rebirth","floor":25,"key":"SMITH"},{"data":"Hololive_Rebirth","floor":34,"key":"SMITH"},{"data":"Hololive_StrengthChampion+1","floor":36,"key":"SMITH"},{"data":"Hololive_StrengthChampion+2","floor":45,"key":"SMITH"},{"data":"Hololive_StrengthChampion+3","floor":48,"key":"SMITH"},{"data":"Hololive_StrengthChampion+4","floor":50,"key":"SMITH"},{"data":"Hololive_StrengthChampion+5","floor":53,"key":"SMITH"}],"circlet_count":0,"master_deck":["Hololive_CallShiroganeNoel+1","Hololive_CallUruhaRushia+1","Hololive_CallShiranuiFlare","Hololive_Strike","Hololive_Defend+1","Hololive_Defend","Hololive_AWSL","Hololive_ILoveYou","Hololive_CallOzoraSubaru+1","Hololive_BringToTrial","Hololive_Yoholoon+1","Hololive_Rebirth+1","Hololive_CandyCastle+1","Hololive_Thief","Hololive_StrengthChampion+6","Hololive_Rebirth+1","Hololive_ASMR","Hololive_CocoNews+1","Gensokyo:CustomPotion","Hololive_FlyingPonyTail+1","Hololive_CandyCastle+1"],"relics":["Hololive_TheStar","Juzu Bracelet","Torii","HornCleat","MerchantsRug","Bag of Marbles","Chameleon Ring","Empty Cage","Anchor","Onion Ring","Replay:Accelerometer","Ginger","Vajra","Philosopher\u0027s Stone","Gensokyo:EmptyGrave","Calipers","Blue Doll","Hololive_FriedShrimpLion","HandDrill","Pen Nib"],"acts_visited":["Gensokyo:Gensokyo","Gensokyo:Gensokyoer","Gensokyo:Gensokyoest"],"potions_floor_usage":[18,21,55,55],"damage_taken":[{"damage":0,"enemies":"Gensokyo:Gryphon","floor":1,"turns":2},{"damage":0,"enemies":"Gensokyo:3_Fairies","floor":2,"turns":5},{"damage":0,"enemies":"Gensokyo:Python","floor":3,"turns":4},{"damage":0,"enemies":"Gensokyo:Cirno","floor":7,"turns":7},{"damage":0,"enemies":"Gensokyo:Aya","floor":13,"turns":4},{"damage":0,"enemies":"Gensokyo:Reimu","floor":18,"turns":16},{"damage":1,"enemies":"Gensokyo:AngelMirror","floor":20,"turns":4},{"damage":0,"enemies":"Gensokyo:3_Dogs","floor":21,"turns":6},{"damage":0,"enemies":"Gensokyo:Slime_Group","floor":23,"turns":6},{"damage":7,"enemies":"Gensokyo:Mirror_and_Dog","floor":24,"turns":8},{"damage":12,"enemies":"Gensokyo:Koishi","floor":26,"turns":8},{"damage":0,"enemies":"Gensokyo:Wraith","floor":27,"turns":3},{"damage":0,"enemies":"Gensokyo:Slime_Group","floor":29,"turns":3},{"damage":0,"enemies":"Gensokyo:Monolith_and_Dog","floor":35,"turns":4},{"damage":0,"enemies":"Gensokyo:Eiki","floor":37,"turns":7},{"damage":7,"enemies":"Gensokyo:3_Bats","floor":39,"turns":4},{"damage":0,"enemies":"Gensokyo:AncientGuardian","floor":41,"turns":4},{"damage":0,"enemies":"Gensokyo:4_Bats","floor":43,"turns":4},{"damage":0,"enemies":"Gensokyo:Doremy","floor":44,"turns":4},{"damage":0,"enemies":"Gensokyo:SeedOfUnknown","floor":49,"turns":4},{"damage":0,"enemies":"Gensokyo:AtlasGolem","floor":52,"turns":3},{"damage":0,"enemies":"Gensokyo:Scarlet_Devils","floor":54,"turns":6},{"damage":0,"enemies":"Malkuth","floor":55,"turns":7},{"damage":0,"enemies":"Netzach","floor":55,"turns":8}],"seed_played":"7321436439913567712","potions_obtained":[{"floor":1,"key":"Flashbang"},{"floor":7,"key":"blueLaboratory:PyrophylliteBrew"},{"floor":13,"key":"blueLaboratory:FrostheartPotion"},{"floor":16,"key":"blueLaboratory:FruitPreserves"},{"floor":23,"key":"blueLaboratory:NullPotion"},{"floor":27,"key":"SmokeBomb"},{"floor":37,"key":"Energy Potion"},{"floor":39,"key":"Adrenaline Potion"}],"is_trial":false,"path_per_floor":["M","M","M","?","?","R","E","R","T","PTL","PTL","$","E","?","R","?","R","B",null,"M","M","COS","M","M","R","E","M","T","M","PTL","PTL","?","?","R","M","R","B",null,"M","?","M","?","M","E","R","T","T","R","M","R","$","M","R","B",null],"character_chosen":"Hololive_HololiveCharacter","items_purchased":["MerchantsRug","Hololive_BringToTrial","Hololive_Yoholoon","HandDrill","Pen Nib"],"campfire_rested":0,"item_purchase_floors":[12,12,12,51,51],"current_hp_per_floor":[36,37,38,35,9,9,10,10,10,10,10,10,11,11,11,11,11,24,48,48,49,49,50,44,44,33,34,34,35,35,35,35,35,35,36,36,37,57,51,51,52,52,53,54,57,57,57,57,58,58,58,59,59,60],"gold":385,"neow_bonus":"ONE_RANDOM_RARE_CARD","is_daily":false,"chose_seed":false,"campfire_upgraded":11,"win_rate":0.0,"timestamp":1613476759,"path_taken":["M","M","M","?","?","R","E","R","T","PTL","PTL","$","E","?","R","?","R","BOSS","M","M","COS","M","M","R","E","M","T","M","PTL","PTL","?","?","R","M","R","BOSS","M","?","M","?","M","E","R","?","T","R","M","R","$","M","R","BOSS"],"items_purchased_type":["Relic","Card","Card","Relic","Relic"],"build_version":"2020-12-22","purchased_purges":1,"victory":true,"max_hp_per_floor":[36,37,38,45,45,45,46,46,46,46,46,46,47,47,47,47,47,48,48,49,50,50,51,52,52,53,54,54,55,55,55,55,55,55,56,56,57,57,58,58,59,55,56,57,57,57,57,57,58,58,58,59,59,60],"card_choices":[{"not_picked":["Hololive_Drill","Hololive_CocoNews","Hololive_SoulCatcher"],"picked":"Hololive_ILoveYou","floor":1},{"not_picked":["Hololive_LuckPotion","Hololive_StrengthChampion","Hololive_Psychosis","Hololive_Trident"],"picked":"SKIP","floor":2},{"not_picked":["Hololive_CallOmaruPolka","Hololive_CallArtia","Hololive_CallDoris"],"picked":"Hololive_FlyingPonyTail","floor":3},{"not_picked":["Hololive_Drill","Hololive_Psychosis","Hololive_HuntDinosaur"],"picked":"Hololive_CallOzoraSubaru","floor":7},{"not_picked":["Hololive_CallShirakamiFubuki","Hololive_CallAiraniIofifteen","Hololive_Rebound","Hololive_CallRoboco"],"picked":"SKIP","floor":13},{"not_picked":["Hololive_HighAtkLowDef","Hololive_BeCareful","Hololive_DurableLive"],"picked":"Hololive_Rebirth","floor":18},{"not_picked":["Hololive_CallCivia","Hololive_CallShishiroBotan","Hololive_Breathe+1","Hololive_CallUruhaRushia"],"picked":"SKIP","floor":20},{"not_picked":["Hololive_Drill+1","Hololive_CallYogiri","Hololive_StrengthChampion","Hololive_HuntDinosaur"],"picked":"SKIP","floor":21},{"not_picked":["Hololive_CallOmaruPolka","Hololive_CocoNews","Hololive_CallDoris"],"picked":"Hololive_CandyCastle+1","floor":23},{"not_picked":["Hololive_CallAiraniIofifteen+1","Hololive_OvertimeWork","Hololive_RevenueBasedLive","Hololive_Psychosis"],"picked":"SKIP","floor":24},{"not_picked":["Hololive_CallFriendA+1","Hololive_Psychosis","Hololive_Sequa"],"picked":"Hololive_Thief","floor":26},{"not_picked":["Hololive_Rebound","Hololive_LuckPotion+1","Hololive_OvertimeWork"],"picked":"Hololive_StrengthChampion+1","floor":27},{"not_picked":["Hololive_Breathe","Hololive_Drill","Hololive_RevenueBasedLive","Hololive_Trident+1"],"picked":"SKIP","floor":29},{"not_picked":["Hololive_Breathe","Hololive_RevenueBasedLive","Hololive_Sequa","Hololive_Psychosis+1"],"picked":"SKIP","floor":35},{"not_picked":["Hololive_ScarfAndHalo","Hololive_WolfAndLamb","Hololive_Rebirth"],"picked":"Hololive_ASMR","floor":37},{"not_picked":["Hololive_CallUsadaPekora+1","Hololive_RevenueBasedLive","Hololive_Sequa+1"],"picked":"Hololive_CocoNews+1","floor":39},{"not_picked":["Hololive_CocoNews","Hololive_CallAmaneKanata+1","Hololive_CallHoshimachiSuisei","Hololive_Watashimo+1"],"picked":"SKIP","floor":41},{"not_picked":["Hololive_Psychosis+1","Hololive_CallHimemoriLuna+1","Hololive_CocoNews+1"],"picked":"Hololive_FlyingPonyTail+1","floor":43},{"not_picked":["Hololive_CocoNews+1","Hololive_CallCivia+1","Hololive_StrengthChampion+1","Hololive_OvertimeWork+1"],"picked":"SKIP","floor":44},{"not_picked":["Hololive_Sequa+1","Hololive_StrengthChampion+1","Hololive_CallShishiroBotan","Hololive_Drill+1"],"picked":"SKIP","floor":49},{"not_picked":["Hololive_CallInugamiKorone+1","Hololive_CallRosalyn+1","Hololive_CocoNews+1"],"picked":"Hololive_CandyCastle+1","floor":52}],"player_experience":1100312,"relics_obtained":[{"floor":7,"key":"Torii"},{"floor":9,"key":"HornCleat"},{"floor":13,"key":"Bag of Marbles"},{"floor":16,"key":"Chameleon Ring"},{"floor":26,"key":"Replay:Accelerometer"},{"floor":28,"key":"Vajra"},{"floor":44,"key":"Calipers"},{"floor":46,"key":"Blue Doll"},{"floor":47,"key":"Hololive_FriedShrimpLion"}],"event_choices":[{"damage_healed":0,"gold_gain":106,"player_choice":"UP GO UP ","damage_taken":31,"relics_obtained":[],"max_hp_gain":0,"max_hp_loss":0,"event_name":"betterSkull:BetterSkull","floor":5,"gold_loss":0,"cards_upgraded":["Hololive_Defend","Hololive_FlyingPonyTail"]}],"is_beta":false,"boss_relics":[{"not_picked":["energizedSpire:EnergizedDie","Runic Dome"],"picked":"Empty Cage"},{"not_picked":["Abe\u0027s Treasure","Black Star"],"picked":"Philosopher\u0027s Stone"}],"items_purged_floors":[12],"is_endless":false,"potions_floor_spawned":[1,7,13,23,27,29,37,39,43,49],"ascension_level":0}}