{"host":"p0hktren06injwdf","time":1613441161,"event":{"mods":["AchievementEnabler","BaseMod","Colored Map","DeckTracker","Minty Spire (QoL Compilation)","Permanent Neow","StSLib","SuperFastMode"],"gold_per_floor":[213,213,233,252,279,279,300,260,284,318,318,342,342,442,442,537,537,557,557,557],"floor_reached":19,"language":"KOR","playtime":538,"items_purged":[],"score":334,"play_id":"28570877-138a-40f7-9e8b-aac1c3fb2a9b","local_time":"20210216110601","is_ascension_mode":true,"campfire_choices":[{"data":"Reprogram","floor":6,"key":"SMITH"},{"floor":15,"key":"REST"}],"circlet_count":0,"master_deck":["AscendersBane","Strike_B","Strike_B","Strike_B","Strike_B","Defend_B","Defend_B","Defend_B","Defend_B","Dualcast","Reprogram+1","Reinforced Body","White Noise","Auto Shields","Gash","Stack","Consume","Fusion","Echo Form","Reprogram"],"relics":["Cracked Core","Golden Idol","Akabeko","Sundial","Philosopher\u0027s Stone"],"acts_visited":["Exordium","TheCity"],"potions_floor_usage":[10,16,19],"damage_taken":[{"damage":5,"enemies":"2 Louse","floor":1,"turns":3},{"damage":2,"enemies":"Jaw Worm","floor":3,"turns":5},{"damage":0,"enemies":"Cultist","floor":4,"turns":3},{"damage":28,"enemies":"Large Slime","floor":7,"turns":12},{"damage":0,"enemies":"Looter","floor":8,"turns":4},{"damage":5,"enemies":"Lagavulin","floor":10,"turns":8},{"damage":11,"enemies":"3 Louse","floor":12,"turns":4},{"damage":22,"enemies":"Slime Boss","floor":16,"turns":14},{"damage":30,"enemies":"Chosen","floor":18,"turns":9},{"damage":22,"enemies":"Shell Parasite","floor":19,"turns":4}],"seed_played":"-4442443927681427863","potions_obtained":[{"floor":1,"key":"Energy Potion"},{"floor":3,"key":"PowerPotion"},{"floor":10,"key":"AttackPotion"},{"floor":16,"key":"FocusPotion"}],"is_trial":false,"path_per_floor":["M","?","M","M","T","R","M","M","T","E","?","M","?","?","R","B",null,"M","M"],"character_chosen":"DEFECT","items_purchased":[],"campfire_rested":1,"item_purchase_floors":[],"current_hp_per_floor":[59,59,57,57,57,57,29,29,29,24,24,13,13,13,32,10,51,21,0,0],"gold":557,"neow_bonus":"HUNDRED_GOLD","is_daily":false,"chose_seed":false,"campfire_upgraded":1,"win_rate":0.0,"timestamp":1613441161,"path_taken":["M","?","M","M","?","R","?","M","T","E","?","M","?","?","R","BOSS","M","M"],"items_purchased_type":[],"build_version":"2020-12-22","purchased_purges":0,"victory":false,"max_hp_per_floor":[71,64,64,64,64,64,64,64,64,64,64,64,64,64,64,64,64,64,64,64],"card_choices":[{"not_picked":["Ball Lightning","Streamline"],"picked":"Reprogram","floor":1},{"not_picked":["Blizzard","Leap"],"picked":"Reinforced Body","floor":3},{"not_picked":["Compile Driver","Barrage"],"picked":"White Noise","floor":4},{"not_picked":["Coolheaded","Redo"],"picked":"Auto Shields","floor":7},{"not_picked":["White Noise","Echo Form"],"picked":"Gash","floor":8},{"not_picked":["Redo","Undo"],"picked":"Stack","floor":10},{"not_picked":["Skim","Chill"],"picked":"Fusion","floor":12},{"not_picked":["Rainbow","Core Surge"],"picked":"Echo Form","floor":16},{"not_picked":["Barrage","Conserve Battery"],"picked":"Reprogram","floor":18}],"player_experience":1067180,"relics_obtained":[{"floor":9,"key":"Akabeko"},{"floor":10,"key":"Sundial"}],"event_choices":[{"damage_healed":0,"gold_gain":0,"player_choice":"Lose Max HP","damage_taken":0,"relics_obtained":["Golden Idol"],"max_hp_gain":0,"max_hp_loss":7,"event_name":"Golden Idol","floor":2,"gold_loss":0},{"damage_healed":0,"gold_gain":0,"cards_transformed":["Zap"],"player_choice":"Change","damage_taken":0,"max_hp_gain":0,"max_hp_loss":0,"event_name":"Living Wall","floor":11,"gold_loss":0,"cards_obtained":["Consume"]},{"damage_healed":0,"gold_gain":0,"player_choice":"Searched \u00270\u0027 times","damage_taken":0,"max_hp_gain":0,"max_hp_loss":0,"event_name":"Dead Adventurer","floor":13,"gold_loss":0},{"damage_healed":0,"gold_gain":100,"player_choice":"Gold","damage_taken":0,"max_hp_gain":0,"max_hp_loss":0,"event_name":"Wheel of Change","floor":14,"gold_loss":0}],"is_beta":false,"boss_relics":[{"not_picked":["FrozenCore","Empty Cage"],"picked":"Philosopher\u0027s Stone"}],"items_purged_floors":[],"is_endless":false,"potions_floor_spawned":[1,3,10,16],"killed_by":"Shell Parasite","ascension_level":20}}