{"host":"61s3c1o1s4fng5dr","time":1613494323,"event":{"mods":["AchievementEnabler","Alarm Clock","AlwaysNeverKeys","BaseMod","Bestiary","Block Reminder","Colored Map","Googly Eyes","Highlight Path","Minty Spire (QoL Compilation)","Permanent Neow","Quick Restart","Random Character Button","Spire Birthday Party"],"gold_per_floor":[216,216,291,291,309,309,339,357,357,357,377,274,274,22,22,145,145,169,169,94,119,143,143,143],"floor_reached":23,"language":"ENG","playtime":1193,"items_purged":["Strike_R"],"score":187,"play_id":"6cb91c7a-bfc9-4a3b-bad4-f47c892b2a5e","local_time":"20210216115203","is_ascension_mode":false,"campfire_choices":[{"data":"Body Slam","floor":6.0,"key":"SMITH"},{"floor":10.0,"key":"REST"},{"floor":15.0,"key":"REST"}],"circlet_count":0,"master_deck":["Strike_R","Strike_R+1","Strike_R+1","Defend_R","Defend_R","Defend_R","Defend_R","Bash","Rage","Body Slam+1","Feed","Shrug It Off+1"],"relics":["Burning Blood","FossilizedHelix","Blue Candle","Golden Idol","Singing Bowl","Nloth\u0027s Gift","Orichalcum"],"acts_visited":["Exordium","TheCity"],"potions_floor_usage":[],"damage_taken":[{"damage":7.0,"enemies":"Small Slimes","floor":1.0,"turns":4.0},{"damage":0.0,"enemies":"2 Louse","floor":5.0,"turns":2.0},{"damage":25.0,"enemies":"3 Sentries","floor":7.0,"turns":11.0},{"damage":0.0,"enemies":"Jaw Worm","floor":8.0,"turns":3.0},{"damage":17.0,"enemies":"Exordium Thugs","floor":11.0,"turns":7.0},{"damage":88.0,"enemies":"Slime Boss","floor":16.0,"turns":16.0},{"damage":28.0,"enemies":"2 Thieves","floor":18.0,"turns":5.0},{"damage":10.0,"enemies":"Shell Parasite","floor":22.0,"turns":5.0},{"damage":62,"enemies":"Book of Stabbing","floor":23,"turns":7}],"seed_played":"-5072633416813785650","potions_obtained":[{"floor":1.0,"key":"Energy Potion"},{"floor":7.0,"key":"SmokeBomb"},{"floor":11.0,"key":"Fire Potion"},{"floor":18.0,"key":"DistilledChaos"}],"is_trial":false,"path_per_floor":["M","?","?","?","M","R","E","M","T","R","M","$","?","$","R","B",null,"M","?","$","T","M","E"],"character_chosen":"IRONCLAD","items_purchased":["FairyPotion","Singing Bowl"],"campfire_rested":2,"item_purchase_floors":[12,14],"current_hp_per_floor":[79,63,52,52,58,58,39,45,45,69,58,58,38,38,62,10,80,63,63,63,63,62,0,0],"gold":143,"neow_bonus":"HUNDRED_GOLD","is_daily":false,"chose_seed":false,"campfire_upgraded":1,"win_rate":0.0,"timestamp":1613494323,"path_taken":["M","?","?","?","M","R","E","M","T","R","M","$","?","$","R","BOSS","M","?","$","?","M","E"],"items_purchased_type":["Potion","Relic"],"build_version":"2020-12-22","purchased_purges":1,"victory":false,"max_hp_per_floor":[80,80,80,80,80,80,80,80,80,80,80,80,80,80,80,80,80,85,85,85,85,88,88,88],"card_choices":[{"not_picked":["Rupture","Clash","Dropkick"],"picked":"SKIP","floor":1.0},{"not_picked":["Flame Barrier","Havoc"],"picked":"Body Slam","floor":5.0},{"not_picked":["Twin Strike","Clash","Warcry"],"picked":"SKIP","floor":7.0},{"not_picked":["Twin Strike","Wild Strike","Flame Barrier"],"picked":"SKIP","floor":8.0},{"not_picked":["Warcry","Body Slam","Dropkick"],"picked":"SKIP","floor":11.0},{"not_picked":["Demon Form","Exhume"],"picked":"Feed","floor":16.0},{"not_picked":["True Grit","Clash","Havoc"],"picked":"Singing Bowl","floor":18.0},{"not_picked":["Clash+1","Limit Break"],"picked":"Shrug It Off+1","floor":22.0}],"player_experience":464752,"relics_obtained":[{"floor":7.0,"key":"FossilizedHelix"},{"floor":9.0,"key":"Blue Candle"},{"floor":21.0,"key":"Orichalcum"}],"event_choices":[{"damage_healed":0.0,"max_hp_gain":0.0,"max_hp_loss":0.0,"gold_gain":0.0,"event_name":"Shining Light","player_choice":"Entered Light","floor":2.0,"gold_loss":0.0,"damage_taken":16.0,"cards_upgraded":["Strike_R","Strike_R"]},{"damage_healed":0.0,"max_hp_gain":0.0,"max_hp_loss":0.0,"gold_gain":75.0,"event_name":"World of Goop","player_choice":"Gather Gold","floor":3.0,"gold_loss":0.0,"damage_taken":11.0},{"damage_healed":0.0,"max_hp_gain":0.0,"max_hp_loss":0.0,"gold_gain":0.0,"cards_transformed":["Strike_R"],"event_name":"Living Wall","player_choice":"Change","floor":4.0,"gold_loss":0.0,"damage_taken":0.0,"cards_obtained":["Rage"]},{"damage_healed":0.0,"max_hp_gain":0.0,"max_hp_loss":0.0,"gold_gain":0.0,"event_name":"Golden Idol","player_choice":"Take Damage","floor":13.0,"gold_loss":0.0,"damage_taken":20.0,"relics_obtained":["Golden Idol"]},{"damage_healed":0.0,"max_hp_gain":0.0,"max_hp_loss":0.0,"gold_gain":0.0,"event_name":"N\u0027loth","player_choice":"Traded Relic","floor":19.0,"relics_lost":["Philosopher\u0027s Stone"],"gold_loss":0.0,"damage_taken":0.0,"relics_obtained":["Nloth\u0027s Gift"]}],"is_beta":false,"boss_relics":[{"not_picked":["Mark of Pain","Fusion Hammer"],"picked":"Philosopher\u0027s Stone"}],"items_purged_floors":[20],"is_endless":false,"potions_floor_spawned":[1,7,11,18],"killed_by":"Book of Stabbing","ascension_level":0}}