{"host":"izuk9e9wv4u4y8b4","time":1613508050,"event":{"mods":["A Penny For Your Troubles","Act Like it!","BaseMod","Better Third Choice","Curses Come First","Custom Start","Highlight Path","Minty Spire (QoL Compilation)","Permanent Neow","Quick Restart","Relic Sorter","Relic Stats","Reorder Act Four","Shop Mod","Smile Girya","StSLib"],"gold_per_floor":[115,129,142,157,175,186,186,220,220,220,220,220,255,265,291,302,302,302,373,373,387,404,318,330,158,158,193,193,193,193,193,218,218,231,256,286,36,36,36,110,110,123,137,137,154,167,167,196,196,196,196,215,248,248,265,265,265,265,266],"floor_reached":60,"language":"ENG","playtime":4002,"items_purged":[],"score":2412,"play_id":"59715aba-4941-4776-b102-4c722ec957f3","local_time":"20210216204050","daily_mods":["SealedDeck","Purple Cards","Heirloom","DeadlyEvents","Elite Swarm"],"is_ascension_mode":true,"campfire_choices":[{"data":"Terror","floor":7.0,"key":"SMITH"},{"data":"ConjureBlade","floor":9.0,"key":"SMITH"},{"data":"Die Die Die","floor":12.0,"key":"SMITH"},{"data":"Alpha","floor":17.0,"key":"SMITH"},{"data":"Calculated Gamble","floor":18.0,"key":"SMITH"},{"data":"Noxious Fumes","floor":26,"key":"SMITH"},{"data":"LikeWater","floor":28,"key":"SMITH"},{"data":"Blasphemy","floor":33,"key":"SMITH"},{"data":"Footwork","floor":38,"key":"SMITH"},{"data":"Well Laid Plans","floor":39,"key":"SMITH"},{"data":"ThirdEye","floor":47,"key":"SMITH"},{"data":"DevaForm","floor":49,"key":"SMITH"},{"data":"After Image","floor":51,"key":"SMITH"},{"data":"Wish","floor":54,"key":"SMITH"},{"data":"PiercingWail","floor":56,"key":"SMITH"},{"data":"After Image","floor":57,"key":"SMITH"}],"circlet_count":0,"master_deck":["AscendersBane","FollowUp+1","Calculated Gamble+1","Well Laid Plans+1","Meditate+1","WheelKick+1","CutThroughFate","ThirdEye+1","DeceiveReality","CarveReality","Dagger Spray","DeceiveReality","ClearTheMind+1","PiercingWail+1","Terror+1","ConjureBlade+1","Die Die Die+1","Blasphemy+1","Noxious Fumes+1","Alpha+1","After Image+1","PiercingWail+1","LikeWater+1","Night Terror","Omniscience","Bullet Time","Footwork+1","After Image+1","Accuracy","DevaForm+1","Wish+1","Dash+1"],"relics":["Ring of the Snake","Dead Branch","Lantern","HornCleat","Singing Bowl","Snake Skull","Potion Belt","Snecko Eye","Omamori","Tingsha","Akabeko","Du-Vu Doll","Toy Ornithopter","Bird Faced Urn","War Paint","Lee\u0027s Waffle","SlaversCollar","Question Card","Pear","Whetstone"],"acts_visited":["Exordium","TheCity","TheBeyond"],"potions_floor_usage":[27,36,36,40,55,59,59,59],"damage_taken":[{"damage":0.0,"enemies":"Cultist","floor":1.0,"turns":2.0},{"damage":0.0,"enemies":"Jaw Worm","floor":2.0,"turns":3.0},{"damage":2.0,"enemies":"Small Slimes","floor":3.0,"turns":3.0},{"damage":4.0,"enemies":"3 Louse","floor":4.0,"turns":2.0},{"damage":4.0,"enemies":"Looter","floor":5.0,"turns":2.0},{"damage":13.0,"enemies":"Exordium Thugs","floor":6.0,"turns":5.0},{"damage":11.0,"enemies":"Gremlin Nob","floor":8.0,"turns":3.0},{"damage":0.0,"enemies":"Lagavulin","floor":13.0,"turns":4.0},{"damage":0.0,"enemies":"Lots of Slimes","floor":14.0,"turns":1.0},{"damage":0.0,"enemies":"3 Sentries","floor":15.0,"turns":3.0},{"damage":0.0,"enemies":"Large Slime","floor":16.0,"turns":2.0},{"damage":0.0,"enemies":"Slime Boss","floor":19.0,"turns":3.0},{"damage":13.0,"enemies":"2 Thieves","floor":21.0,"turns":4.0},{"damage":4.0,"enemies":"Shell Parasite","floor":22.0,"turns":3.0},{"damage":0,"enemies":"Centurion and Healer","floor":24,"turns":3},{"damage":15,"enemies":"Slavers","floor":27,"turns":4},{"damage":2,"enemies":"Gremlin Leader","floor":32,"turns":6},{"damage":0,"enemies":"Snake Plant","floor":34,"turns":2},{"damage":0,"enemies":"Book of Stabbing","floor":35,"turns":3},{"damage":36,"enemies":"Slavers","floor":36,"turns":4},{"damage":30,"enemies":"Automaton","floor":40,"turns":7},{"damage":5,"enemies":"3 Shapes","floor":42,"turns":5},{"damage":3,"enemies":"Orb Walker","floor":43,"turns":6},{"damage":0,"enemies":"4 Shapes","floor":45,"turns":4},{"damage":0,"enemies":"Transient","floor":46,"turns":6},{"damage":14,"enemies":"Nemesis","floor":48,"turns":9},{"damage":38,"enemies":"Jaw Worm Horde","floor":52,"turns":3},{"damage":0,"enemies":"Giant Head","floor":53,"turns":5},{"damage":26,"enemies":"4 Shapes","floor":55,"turns":4},{"damage":25,"enemies":"Time Eater","floor":58,"turns":8},{"damage":9,"enemies":"Awakened One","floor":59,"turns":8}],"seed_played":"-2921830660440880674","potions_obtained":[{"floor":1.0,"key":"DistilledChaos"},{"floor":3.0,"key":"Dexterity Potion"},{"floor":8.0,"key":"LiquidMemories"},{"floor":15.0,"key":"Dexterity Potion"},{"floor":19.0,"key":"BlessingOfTheForge"},{"floor":22.0,"key":"GamblersBrew"},{"floor":27,"key":"Fire Potion"},{"floor":36,"key":"Dexterity Potion"},{"floor":43,"key":"SneckoOil"},{"floor":45,"key":"GamblersBrew"}],"is_trial":true,"path_per_floor":["M","M","M","M","M","M","R","E","R","T","T","R","E","M","E","M","R","R","B",null,"M","M","$","M","$","R","E","R","T","T","?","E","R","M","E","E","$","R","R","B",null,"M","M","?","M","M","R","E","R","T","R","M","E","R","M","R","R","B","B",null],"character_chosen":"THE_SILENT","items_purchased":["LikeWater","Omamori","Lee\u0027s Waffle","Footwork"],"campfire_rested":0,"item_purchase_floors":[23,25,37,37],"current_hp_per_floor":[59,59,57,53,49,36,36,25,25,25,25,25,25,25,25,27,27,27,27,58,47,43,43,45,45,45,32,32,32,32,32,30,30,32,32,8,83,83,83,70,80,85,87,87,89,91,91,89,89,99,99,75,99,99,93,93,93,90,103],"gold":266,"neow_bonus":"","is_daily":false,"chose_seed":false,"campfire_upgraded":16,"win_rate":0.0,"timestamp":1613508050,"path_taken":["M","?","?","M","M","M","R","E","R","T","T","R","E","M","E","M","R","R","BOSS","M","?","$","M","?","R","E","R","T","T","?","E","R","?","?","E","$","R","R","BOSS","M","M","?","?","M","R","?","R","T","R","M","E","R","M","R","R","BOSS","BOSS"],"items_purchased_type":["Card","Relic","Relic","Card"],"build_version":"2020-12-22","purchased_purges":0,"victory":true,"max_hp_per_floor":[66,66,66,66,66,66,66,66,66,66,66,66,66,66,66,68,68,68,68,68,70,70,70,72,72,72,74,74,74,74,74,74,74,76,76,76,83,83,83,83,83,85,87,87,89,91,91,91,91,101,101,103,103,103,103,103,103,103,103],"relic_stats":{"Lee\u0027s Waffle":75,"Singing Bowl":20,"counters":[31,127],"Dead Branch":[249],"Tingsha":[188],"Snake Skull":[64],"Whetstone":["WheelKick","FollowUp"],"War Paint":["Meditate","ClearTheMind"],"Question Card":4,"Bird Faced Urn":[123],"Snecko Eye":[191,153,187,194],"obtain_stats":[{"Potion Belt":15,"Lantern":8,"Lee\u0027s Waffle":37,"Pear":50,"Singing Bowl":11,"Dead Branch":0,"Tingsha":27,"Snake Skull":13,"Omamori":25,"Whetstone":53,"War Paint":36,"Question Card":48,"Akabeko":29,"Du-Vu Doll":30,"SlaversCollar":41,"HornCleat":10,"Bird Faced Urn":35,"Snecko Eye":20,"Toy Ornithopter":32,"Ring of the Snake":0},{"Potion Belt":10,"Lantern":7,"Lee\u0027s Waffle":20,"Pear":26,"Singing Bowl":7,"Dead Branch":0,"Tingsha":16,"Snake Skull":8,"Omamori":15,"Whetstone":28,"War Paint":20,"Question Card":26,"Akabeko":16,"Du-Vu Doll":16,"SlaversCollar":21,"HornCleat":7,"Bird Faced Urn":19,"Snecko Eye":12,"Toy Ornithopter":17,"Ring of the Snake":0},{"Potion Belt":28,"Lantern":20,"Lee\u0027s Waffle":62,"Pear":99,"Singing Bowl":20,"Dead Branch":0,"Tingsha":47,"Snake Skull":24,"Omamori":43,"Whetstone":107,"War Paint":62,"Question Card":99,"Akabeko":47,"Du-Vu Doll":47,"SlaversCollar":69,"HornCleat":20,"Bird Faced Urn":58,"Snecko Eye":33,"Toy Ornithopter":53,"Ring of the Snake":0}],"Toy Ornithopter":29,"Ring of the Snake":[62]},"card_choices":[{"not_picked":["PathToVictory","Dodge and Roll"],"picked":"DeceiveReality","floor":1.0},{"not_picked":["Heel Hook","Flechettes"],"picked":"ClearTheMind","floor":2.0},{"not_picked":["Sucker Punch","FlyingSleeves"],"picked":"PiercingWail","floor":3.0},{"not_picked":["Sanctity","PiercingWail"],"picked":"Terror","floor":4.0},{"not_picked":["Accuracy","DeceiveReality"],"picked":"ConjureBlade","floor":5.0},{"not_picked":["EmptyFist","Slice"],"picked":"Backstab","floor":6.0},{"not_picked":["Wish","A Thousand Cuts"],"picked":"Die Die Die","floor":8.0},{"not_picked":["A Thousand Cuts","DevaForm"],"picked":"Blasphemy","floor":13.0},{"not_picked":["Sucker Punch","Evaluate"],"picked":"Noxious Fumes","floor":14.0},{"not_picked":["A Thousand Cuts","Omniscience"],"picked":"Alpha","floor":15.0},{"not_picked":["Deadly Poison","Sanctity","Prostrate"],"picked":"Singing Bowl","floor":16.0},{"not_picked":["Scrawl","Malaise"],"picked":"After Image","floor":19.0},{"not_picked":["Protect","Cloak And Dagger","Skewer"],"picked":"Singing Bowl","floor":21.0},{"not_picked":["Blade Dance","FearNoEvil"],"picked":"PiercingWail+1","floor":22.0},{"not_picked":["BowlingBash","PathToVictory","CrushJoints"],"picked":"Singing Bowl","floor":24},{"not_picked":["Die Die Die","LessonLearned","Alpha"],"picked":"Singing Bowl","floor":27},{"not_picked":["Doppelganger","Devotion"],"picked":"Night Terror","floor":32},{"not_picked":["Well Laid Plans","Deflect","FollowUp"],"picked":"Singing Bowl","floor":34},{"not_picked":["ConjureBlade","Venomology"],"picked":"Omniscience","floor":35},{"not_picked":["Adrenaline","Vault"],"picked":"Bullet Time","floor":36},{"not_picked":["Burst","Judgement"],"picked":"After Image","floor":40},{"not_picked":["WheelKick","Pray","Evaluate"],"picked":"Singing Bowl","floor":42},{"not_picked":["SashWhip","Dagger Throw+1","Prepared"],"picked":"Singing Bowl","floor":43},{"not_picked":["Dagger Spray","CrushJoints+1","ForeignInfluence"],"picked":"Singing Bowl","floor":45},{"not_picked":["Bane+1","CutThroughFate","Quick Slash"],"picked":"Singing Bowl","floor":46},{"not_picked":["Malaise","Die Die Die"],"picked":"DevaForm","floor":48},{"not_picked":["Halt","FlyingSleeves","Protect","BowlingBash"],"picked":"Singing Bowl","floor":52},{"not_picked":["Alpha","A Thousand Cuts","Grand Finale"],"picked":"Wish","floor":53},{"not_picked":["CutThroughFate","Riddle With Holes","Consecrate"],"picked":"Dash+1","floor":55}],"player_experience":865860,"relics_obtained":[{"floor":8.0,"key":"Lantern"},{"floor":10.0,"key":"HornCleat"},{"floor":11.0,"key":"Singing Bowl"},{"floor":13.0,"key":"Snake Skull"},{"floor":15.0,"key":"Potion Belt"},{"floor":27,"key":"Tingsha"},{"floor":29,"key":"Akabeko"},{"floor":30,"key":"Du-Vu Doll"},{"floor":32,"key":"Toy Ornithopter"},{"floor":35,"key":"Bird Faced Urn"},{"floor":36,"key":"War Paint"},{"floor":48,"key":"Question Card"},{"floor":50,"key":"Pear"},{"floor":53,"key":"Whetstone"}],"event_choices":[{"damage_healed":0,"gold_gain":0,"player_choice":"Smashed Altar","damage_taken":0,"max_hp_gain":0,"max_hp_loss":0,"event_name":"Forgotten Altar","floor":31,"gold_loss":0,"cards_obtained":["Decay"]},{"damage_healed":0,"gold_gain":0,"cards_transformed":["Backstab"],"player_choice":"Transformed","damage_taken":0,"max_hp_gain":0,"max_hp_loss":0,"event_name":"Transmorgrifier","floor":44,"gold_loss":0,"cards_obtained":["Accuracy"]}],"is_beta":false,"boss_relics":[{"not_picked":["Ectoplasm","Coffee Dripper"],"picked":"Snecko Eye"},{"not_picked":["Black Star","Fusion Hammer"],"picked":"SlaversCollar"}],"items_purged_floors":[],"is_endless":false,"potions_floor_spawned":[1,3,8,14,15,19,22,27,35,36,43,45,48],"ascension_level":20}}