{"host":"3knbl8zxdy69ze8y","time":1613447693,"event":{"mods":["Astrologer","Bard","BaseMod","Colored Map","Hermit","Minty Spire (QoL Compilation)","Shapeshifter Mod","Smile Girya","StSLib","The Animator","The Hierophant","The Runesmith","The Widow","TheBandit"],"gold_per_floor":[113,130,140,70,82,82,29,29,101,201,221,246,131,164,164,259,259,275,288,288,308,308,308],"floor_reached":22,"language":"ENG","playtime":2026,"items_purged":["astrologer:Strike"],"score":221,"play_id":"febd70f2-ec03-4485-ab96-121aa64cf3cf","local_time":"20210215195453","is_ascension_mode":false,"campfire_choices":[{"data":"astrologer:CosmicExpanse","floor":6,"key":"SMITH"},{"data":"astrologer:Stardust","floor":8,"key":"SMITH"},{"floor":15,"key":"REST"}],"circlet_count":0,"master_deck":["astrologer:Strike","astrologer:Strike","astrologer:Strike","astrologer:Defend","astrologer:Defend","astrologer:Defend","astrologer:Defend","astrologer:NorthStar","astrologer:TheFool","astrologer:StarOfMisfortune","astrologer:MeteorShower","astrologer:SolarFlare","astrologer:CosmicExpanse+1","astrologer:Radiance","astrologer:Stardust+1","astrologer:Shine","astrologer:DarkMatter","astrologer:Fireball","astrologer:Opposition","astrologer:Nova","astrologer:Conjunction","astrologer:ShootingStar","astrologer:TheHangedMan"],"relics":["astrologer:SkyMirror","Blue Candle","Toy Ornithopter","Vajra","Philosopher\u0027s Stone"],"acts_visited":["Exordium","TheCity"],"potions_floor_usage":[12,16],"damage_taken":[{"damage":0,"enemies":"Jaw Worm","floor":1,"turns":4},{"damage":0,"enemies":"2 Louse","floor":2,"turns":3},{"damage":1,"enemies":"Small Slimes","floor":3,"turns":3},{"damage":2,"enemies":"Red Slaver","floor":5,"turns":3},{"damage":4,"enemies":"Blue Slaver","floor":11,"turns":4},{"damage":14,"enemies":"3 Sentries","floor":12,"turns":8},{"damage":28,"enemies":"Gremlin Nob","floor":14,"turns":4},{"damage":66,"enemies":"The Guardian","floor":16,"turns":10},{"damage":19,"enemies":"3 Byrds","floor":18,"turns":4},{"damage":13,"enemies":"Shell Parasite","floor":19,"turns":5},{"damage":23,"enemies":"Shelled Parasite and Fungi","floor":21,"turns":6},{"damage":12,"enemies":"Snecko","floor":22,"turns":4}],"seed_played":"-519445133475678404","potions_obtained":[{"floor":3,"key":"FairyPotion"},{"floor":11,"key":"Block Potion"},{"floor":14,"key":"Fruit Juice"},{"floor":16,"key":"CultistPotion"},{"floor":21,"key":"SteroidPotion"}],"is_trial":false,"path_per_floor":["M","M","M","$","M","R","$","R","T","?","M","E","$","E","R","B",null,"M","M","?","M","M"],"character_chosen":"ASTROLOGER","items_purchased":["astrologer:CosmicExpanse","astrologer:Stardust","astrologer:Fireball"],"campfire_rested":1,"item_purchase_floors":[4,7,13],"current_hp_per_floor":[77,77,76,76,74,74,74,74,74,67,63,49,49,21,44,17,82,63,50,34,11,0,0],"gold":308,"neow_bonus":"TEN_PERCENT_HP_BONUS","is_daily":false,"chose_seed":false,"campfire_upgraded":2,"win_rate":0.0,"timestamp":1613447693,"path_taken":["M","M","M","$","M","R","$","R","T","?","M","E","$","E","R","BOSS","M","M","?","M","M"],"items_purchased_type":["Card","Card","Card"],"build_version":"2020-12-22","purchased_purges":1,"victory":false,"max_hp_per_floor":[77,77,77,77,77,77,77,77,77,77,77,77,77,77,77,82,82,82,82,87,87,87,87],"card_choices":[{"not_picked":["astrologer:SpaceDust","astrologer:Moonlight"],"picked":"astrologer:StarOfMisfortune","floor":1},{"not_picked":["astrologer:Moonlight","astrologer:Still"],"picked":"astrologer:MeteorShower","floor":2},{"not_picked":["astrologer:MeteorShower","astrologer:TheHierophant"],"picked":"astrologer:SolarFlare","floor":3},{"not_picked":["astrologer:Quincunx","astrologer:Conjunction"],"picked":"astrologer:Radiance","floor":5},{"not_picked":["astrologer:SolarFlare","astrologer:Premeditation"],"picked":"astrologer:Shine","floor":11},{"not_picked":["astrologer:MeteorShower","astrologer:Stardust"],"picked":"astrologer:DarkMatter","floor":12},{"not_picked":["astrologer:SolarFlare","astrologer:Stardust"],"picked":"astrologer:Opposition","floor":14},{"not_picked":["astrologer:Alignment","astrologer:Premonition"],"picked":"astrologer:Nova","floor":16},{"not_picked":["astrologer:SpaceDust","astrologer:Radiance"],"picked":"astrologer:Conjunction","floor":18},{"not_picked":["astrologer:Conjunction","astrologer:TheEmpress"],"picked":"astrologer:ShootingStar","floor":19},{"not_picked":["astrologer:Radiance","astrologer:Quincunx"],"picked":"astrologer:TheHangedMan","floor":21}],"player_experience":799417,"relics_obtained":[{"floor":9,"key":"Blue Candle"},{"floor":12,"key":"Toy Ornithopter"},{"floor":14,"key":"Vajra"}],"event_choices":[{"damage_healed":0,"gold_gain":0,"player_choice":"Shed Blood","damage_taken":21,"max_hp_gain":5,"max_hp_loss":0,"event_name":"Forgotten Altar","floor":20,"gold_loss":0}],"is_beta":false,"boss_relics":[{"not_picked":["Snecko Eye","Runesmith:UraniumAnvil"],"picked":"Philosopher\u0027s Stone"}],"items_purged_floors":[13],"is_endless":false,"potions_floor_spawned":[3,11,14,16,21],"killed_by":"Snecko","ascension_level":0}}