{"host":"ox77rn1xcurm2t5a","time":1613502660,"event":{"mods":["2.2 Compatiblity","AchievementEnabler","Act Like it!","Aspiration","BaseMod","Best Route Mod","Better Match","Better Note","Better Sensory Stone","Block Reminder","Colored Map","Colored Powertips","Conjunction","Conspire","Custom Start","Energized Spire","GifTheSpireLib","Gold Saver","Gremlin Skip","Halation","Highlight Path","Hubris","Infinite Spire","Minty Spire (QoL Compilation)","Pale of the Ancients","Quick Restart","Replay The Spire","Reworked Bosses","ShortenTheSpire","Spire Exporter","StSLib","Stuff the Spire","Wandering Minibosses"],"gold_per_floor":[815,826,826,826,826,855,855,889,943,960,960,987,614,627,627,723,723,733,514,514,529,529,529,562,562,562,573,602,620,620,620,620,620,620],"floor_reached":33,"language":"ENG","playtime":609,"items_purged":["Injury","Defend_R"],"score":446,"play_id":"92d05819-b129-45eb-9d0a-41b8b33ff7a0","local_time":"20210216211100","is_ascension_mode":true,"campfire_choices":[{"floor":7.0,"key":"RECALL"},{"data":"Bash","floor":11.0,"key":"SMITH"},{"data":"Heavy Blade","floor":15,"key":"SMITH"},{"data":"Anger","floor":23,"key":"SMITH"},{"data":"Strike_R","floor":25,"key":"SMITH"},{"data":"Strike_R","floor":30,"key":"SMITH"},{"data":"StuffTheSpire:Ambrosia","floor":32,"key":"SMITH"}],"circlet_count":0,"master_deck":["Strike_R+1","Strike_R+1","Strike_R","Strike_R","Strike_R","Defend_R","Defend_R","Defend_R","Bash+1","Anger+1","Heavy Blade+1","Thunderclap+1","Heavy Blade+1","Sword Boomerang+1","Clash+1","Iron Wave+1","Twin Strike+1","Shrug It Off+1","Clothesline+1","Headbutt+1","Anger+1","StuffTheSpire:Ambrosia+1"],"relics":["Burning Blood","aspiration:ChemicalBlood","aspiration:SeaSaltIceCream","NeowsBlessing","Molten Egg 2","Potion Belt","Pear","Tiny Chest","infinitespire:WardingShard","Membership Card","aspiration:TomeofQuesting","PreservedInsect","Sling","StuffTheSpire:HeavyRock","infinitespire:Beetle Shell"],"acts_visited":["Exordium","TheCity"],"potions_floor_usage":[12,16,16,16,16,16,18,21,21,24,27,28,29,33,33],"damage_taken":[{"damage":4.0,"enemies":"2 Louse","floor":1.0,"turns":4.0},{"damage":0.0,"enemies":"Small Slimes","floor":2.0,"turns":3.0},{"damage":0.0,"enemies":"3 Sentries","floor":6.0,"turns":1.0},{"damage":0.0,"enemies":"Lagavulin","floor":8.0,"turns":1.0},{"damage":0.0,"enemies":"Jaw Worm","floor":10.0,"turns":1.0},{"damage":16,"enemies":"Gremlin Nob","floor":12,"turns":3},{"damage":1,"enemies":"2 Fungi Beasts","floor":14,"turns":3},{"damage":37,"enemies":"Hexaghost","floor":16,"turns":8},{"damage":24,"enemies":"2 Thieves","floor":18,"turns":3},{"damage":21,"enemies":"Spheric Guardian","floor":21,"turns":4},{"damage":1,"enemies":"Book of Stabbing","floor":24,"turns":3},{"damage":15,"enemies":"Centurion and Healer","floor":27,"turns":4},{"damage":14,"enemies":"Slavers","floor":28,"turns":3},{"damage":12,"enemies":"Sentry and Sphere","floor":29,"turns":3},{"damage":92,"enemies":"Automaton","floor":33,"turns":6}],"seed_played":"5378591254959700488","potions_obtained":[{"floor":2.0,"key":"Fruit Juice"},{"floor":8.0,"key":"Death Potion"},{"floor":10.0,"key":"DistilledChaos"},{"floor":18,"key":"AttackPotion"},{"floor":24,"key":"Venom Potion"}],"is_trial":false,"path_per_floor":["M","M","?","?","T","E","R","E","T","M","R","E","$","M","R","B",null,"M","$","?","M","?","R","E","R","T","M","E","M","R","?","R","B"],"character_chosen":"IRONCLAD","items_purchased":["Membership Card","aspiration:TomeofQuesting","Iron Wave+1","Dexterity Potion","LifebloodPotion","Venom Potion","PreservedInsect","Sling","PowerPotion"],"campfire_rested":0,"item_purchase_floors":[13,13,13,13,13,13,19,19,19],"current_hp_per_floor":[80,80,77,77,77,85,85,95,95,95,95,85,85,90,90,59,95,77,77,77,62,62,62,67,67,67,58,50,44,44,44,44,0,0],"gold":620,"neow_bonus":"RANDOM_COMMON_RELIC","is_daily":false,"chose_seed":false,"campfire_upgraded":6,"win_rate":0.0,"timestamp":1613502660,"path_taken":["M","M","?","?","?","E","R","E","T","M","R","E","$","M","R","BOSS","M","$","?","M","?","R","E","R","T","M","E","M","R","?","R","BOSS"],"items_purchased_type":["Relic","Relic","Card","Potion","Potion","Potion","Relic","Relic","Potion"],"build_version":"2020-12-22","purchased_purges":2,"victory":false,"max_hp_per_floor":[80,80,80,80,80,85,85,95,95,95,95,95,95,95,95,95,95,95,95,95,95,95,95,95,95,95,95,95,95,95,95,95,97,97],"card_choices":[{"not_picked":["Wild Strike","Flex"],"picked":"Anger","floor":1.0},{"not_picked":["ReplayTheSpireMod:Strike From Hell","True Grit"],"picked":"Heavy Blade","floor":2.0},{"not_picked":["Flame Barrier","Exhume"],"picked":"Thunderclap+1","floor":6.0},{"not_picked":["Rage","Shockwave"],"picked":"Heavy Blade+1","floor":8.0},{"not_picked":["Iron Wave+1","Run Through+1"],"picked":"Sword Boomerang+1","floor":10.0},{"not_picked":["Infernal Blade","Rage"],"picked":"Clash+1","floor":12},{"not_picked":["Body Slam+1","Flame Barrier","True Grit"],"picked":"SKIP","floor":14},{"not_picked":["Iron Wave+1","Armaments"],"picked":"Twin Strike+1","floor":18},{"not_picked":["True Grit","Body Slam+1"],"picked":"Shrug It Off+1","floor":21},{"not_picked":["Heavy Blade+1","ReplayTheSpireMod:Stacked","Carnage+1"],"picked":"SKIP","floor":24},{"not_picked":["Dark Embrace+1","StuffTheSpire:RockThrow+1"],"picked":"Clothesline+1","floor":27},{"not_picked":["ReplayTheSpireMod:LeadingStrike+1","Shrug It Off"],"picked":"Headbutt+1","floor":28},{"not_picked":["Iron Wave+1","Pommel Strike+1"],"picked":"Anger+1","floor":29},{"not_picked":["StuffTheSpire:Harmony","StuffTheSpire:Perfection"],"picked":"StuffTheSpire:Ambrosia","floor":31}],"player_experience":3119618,"relics_obtained":[{"floor":6.0,"key":"Potion Belt"},{"floor":8.0,"key":"Pear"},{"floor":9.0,"key":"Tiny Chest"},{"floor":12,"key":"infinitespire:WardingShard"},{"floor":24,"key":"StuffTheSpire:Barrel"},{"floor":26,"key":"StuffTheSpire:HeavyRock"},{"floor":28,"key":"infinitespire:Beetle Shell"}],"event_choices":[{"damage_healed":0.0,"max_hp_gain":0.0,"max_hp_loss":0.0,"gold_gain":0.0,"event_name":"Scrap Ooze","player_choice":"Success","floor":3.0,"gold_loss":0.0,"damage_taken":3.0,"relics_obtained":["aspiration:SeaSaltIceCream"]},{"damage_healed":0,"gold_gain":0,"player_choice":"Ignored","damage_taken":0,"max_hp_gain":0,"max_hp_loss":0,"event_name":"betterNote:BetterNote","floor":20,"gold_loss":0,"cards_obtained":["Strike_P"]}],"is_beta":false,"boss_relics":[{"not_picked":["Runic Cube","aspiration:RitualDagger","energizedSpire:EnergizedDie"]}],"items_purged_floors":[13,19],"is_endless":false,"potions_floor_spawned":[2,8,10,14,18,24],"killed_by":"Automaton","ascension_level":4}}