{"host":"t9zjxed0utvsfjwc","time":1613460877,"event":{"mods":["2.2 Compatiblity","Act Like it!","Aspiration","BaseMod","Better Altar","Better Match","Better Note","Better Sensory Stone","Better Skull","Better Third Choice","Block Reminder","Colored Map","Colored Powertips","Conspire","Defuse TimeMaze Blight","Energized Spire","GifTheSpireLib","Hermit","Highlight Path","Hubris","Infinite Spire","Marked Mod","Minty Spire (QoL Compilation)","Quick Restart","Rare Cards Sparkle","Relic Sorter","Relic Stats","Reliquary","Replay The Spire","Ruina","StSLib","Stuff the Spire","The Blue Laboratory","The Jungle","The Marked","Unceasing Turn Reminder","Wandering Minibosses","everything is the same but u backflip on backflip"],"gold_per_floor":[119,131,131,131,131,160,160,175,198,220,234,234,246,264,264,367,367,381,381],"floor_reached":18,"language":"ENG","playtime":590,"items_purged":[],"score":198,"play_id":"c6f4cc64-eb08-4de0-a630-54f2629b9c48","local_time":"20210216073437","is_ascension_mode":true,"campfire_choices":[{"data":"hubris:SharpeningStone","floor":7,"key":"SMITH"},{"floor":15,"key":"DIG"}],"circlet_count":0,"master_deck":["Strike_R","Strike_R","Strike_R","Strike_R","Defend_R","Defend_R","Defend_R","Bash","hubris:SharpeningStone+1","ReplayTheSpireMod:Stacked","Thunderclap","infinitespire:OneForAll","Feed"],"relics":["Burning Blood","NeowsBlessing","infinitespire:Midas Blood","CaptainsWheel","GremlinMask","Nunchaku","reliquary:BigHammer"],"acts_visited":["Exordium","Exordium"],"potions_floor_usage":[11,14,16,16],"damage_taken":[{"damage":0,"enemies":"Small Slimes","floor":1,"turns":1},{"damage":0,"enemies":"Jaw Worm","floor":2,"turns":1},{"damage":0,"enemies":"3 Sentries","floor":6,"turns":2},{"damage":6,"enemies":"Cultist","floor":8,"turns":4},{"damage":9,"enemies":"2 Fungi Beasts","floor":10,"turns":4},{"damage":0,"enemies":"Red Slaver","floor":11,"turns":4},{"damage":0,"enemies":"Exordium Wildlife","floor":13,"turns":5},{"damage":18,"enemies":"3 Louse","floor":14,"turns":3},{"damage":14,"enemies":"Slime Boss","floor":16,"turns":12},{"damage":95,"enemies":"theJungle:GiantWrat","floor":18,"turns":9}],"seed_played":"-5999352740238656585","potions_obtained":[{"floor":6,"key":"Strength Potion"},{"floor":10,"key":"blueLaboratory:BottleOfRum"},{"floor":11,"key":"LiquidMemories"},{"floor":14,"key":"blueLaboratory:StoneskinPotion"}],"is_trial":false,"path_per_floor":["M","M","?","?","T","E","R","M","T","M","M","?","M","M","R_BF","B",null,"M"],"character_chosen":"IRONCLAD","items_purchased":[],"campfire_rested":0,"item_purchase_floors":[],"current_hp_per_floor":[80,80,80,80,80,80,80,80,80,77,80,80,80,68,68,60,80,0,0],"gold":381,"neow_bonus":"THREE_ENEMY_KILL","is_daily":false,"chose_seed":false,"campfire_upgraded":1,"win_rate":0.0,"timestamp":1613460877,"path_taken":["M","M","?","?","?","E","R","M","T","?","M","?","?","M","R_BF","BOSS","M"],"items_purchased_type":[],"build_version":"2020-12-22","purchased_purges":0,"victory":false,"max_hp_per_floor":[80,80,80,80,80,80,80,80,80,80,80,80,80,80,80,80,80,80,80],"relic_stats":{"Nunchaku":[4],"counters":[10,45],"obtain_stats":[{"CaptainsWheel":6,"Nunchaku":15,"NeowsBlessing":0,"GremlinMask":12,"reliquary:BigHammer":17,"Burning Blood":0,"infinitespire:Midas Blood":5},{"CaptainsWheel":3,"Nunchaku":8,"NeowsBlessing":0,"GremlinMask":6,"reliquary:BigHammer":9,"Burning Blood":0,"infinitespire:Midas Blood":2},{"CaptainsWheel":4,"Nunchaku":24,"NeowsBlessing":0,"GremlinMask":16,"reliquary:BigHammer":36,"Burning Blood":0,"infinitespire:Midas Blood":2}],"Burning Blood":27},"card_choices":[{"not_picked":["Run Through","Headbutt"],"picked":"hubris:SharpeningStone","floor":1},{"not_picked":["Combust","Run Through","StuffTheSpire:Slingshot"],"picked":"SKIP","floor":2},{"not_picked":["Berserk","Sword Boomerang"],"picked":"ReplayTheSpireMod:Stacked","floor":6},{"not_picked":["ReplayTheSpireMod:Strike From Hell","Dual Wield"],"picked":"Thunderclap","floor":8},{"not_picked":["Replay:Undeath\u0027s Touch","Whirlwind","Demonic Infusion"],"picked":"SKIP","floor":10},{"not_picked":["Sentinel","Feel No Pain","Twin Strike"],"picked":"SKIP","floor":11},{"not_picked":["Iron Wave","Run Through"],"picked":"infinitespire:OneForAll","floor":13},{"not_picked":["Replay:Undeath\u0027s Touch","Reckless Charge","Wild Strike"],"picked":"SKIP","floor":14},{"not_picked":["Limit Break","conspire:HitWhereItHurts"],"picked":"Feed","floor":16}],"player_experience":474776,"relics_obtained":[{"floor":5,"key":"infinitespire:Midas Blood"},{"floor":6,"key":"CaptainsWheel"},{"floor":15,"key":"Nunchaku"}],"event_choices":[{"cards_removed":["Strike_R"],"damage_healed":0,"gold_gain":0,"player_choice":"Forget","damage_taken":0,"max_hp_gain":0,"max_hp_loss":0,"event_name":"Living Wall","floor":4,"gold_loss":0},{"damage_healed":0,"gold_gain":0,"player_choice":"Trade","damage_taken":0,"relics_obtained":["GremlinMask"],"max_hp_gain":0,"max_hp_loss":0,"event_name":"FaceTrader","floor":12,"gold_loss":0}],"is_beta":false,"boss_relics":[{"not_picked":["hubris:GrandSneckoEye","Replay:Drink Me"],"picked":"reliquary:BigHammer"}],"items_purged_floors":[],"is_endless":false,"potions_floor_spawned":[6,10,11,14],"killed_by":"theJungle:GiantWrat","ascension_level":1}}