{"host":"yy8mitdds7tg9c5m","time":1613494998,"event":{"mods":["Act Like it!","AlwaysNeverKeys","BaseMod","Better Note","Duelist Mod","GifTheSpireLib","Minty Spire (QoL Compilation)","Permanent Neow","Quick Restart","StSLib","egg"],"gold_per_floor":[244,169,169,169,169,183,217,237,292,292,292,326,326,344,344,442,442,454,254,273,273,292,321,246,246,273,372,697,710,261,276,276,377,377,387,387,90,90,109,109,141,91,91,110,137,153,169,187,187,187,187,187,137,172,172],"floor_reached":56,"language":"ENG","playtime":3892,"items_purged":["theDuelist:Sparks","theDuelist:Sparks","theDuelist:BeaverWarrior","theDuelist:BeaverWarrior","theDuelist:CastleWalls","theDuelist:ScrapFactory"],"score":1580,"play_id":"f4a0c1fb-77d7-4cfe-b898-61c6c0523c96","local_time":"20210216130318","is_ascension_mode":false,"campfire_choices":[{"data":"theDuelist:RainbowNeos","floor":11.0,"key":"SMITH"},{"data":"theDuelist:SpiralSpearStrike+1","floor":13.0,"key":"SMITH"},{"data":"theDuelist:YamiForm","floor":15.0,"key":"SMITH"},{"data":"theDuelist:FluteKuriboh","floor":25.0,"key":"SMITH"},{"data":"theDuelist:WhiteNinja","floor":32.0,"key":"SMITH"},{"data":"theDuelist:KamionTimelord","floor":40,"key":"SMITH"},{"data":"theDuelist:MillenniumScorpion","floor":49,"key":"SMITH"},{"data":"theDuelist:SpiralSpearStrike+1","floor":52,"key":"SMITH"}],"circlet_count":0,"master_deck":["theDuelist:ZombieCorpse","theDuelist:SpiralSpearStrike+2","theDuelist:WhiteNinja+1","theDuelist:ImperialOrder+1","theDuelist:RainbowNeos+1","theDuelist:SpiritHarp","theDuelist:GiantSoldier","theDuelist:YamiForm+1","theDuelist:GiantSoldier","theDuelist:PowerWall+1","theDuelist:SpiralSpearStrike+2","theDuelist:GravityBlaster","theDuelist:FluteKuriboh+1","theDuelist:FinalFlame+1","CurseOfTheBell","theDuelist:KamionTimelord+1","theDuelist:SparkBlaster+1","theDuelist:GridRod+1","theDuelist:PowerWall+1","theDuelist:ObeliskTormentor+1","theDuelist:MillenniumScorpion+1","theDuelist:GravityLash","theDuelist:MillenniumScorpion+1","theDuelist:MillenniumShield","theDuelist:KamionTimelord+1","theDuelist:SangaEarth+1"],"relics":["theDuelist:MillenniumPuzzle","theDuelist:CardPoolRelic","theDuelist:CardPoolBasicRelic","theDuelist:BoosterPackPoolRelic","theDuelist:CardPoolAddRelic","theDuelist:CardPoolMinusRelic","theDuelist:CardPoolSaveRelic","theDuelist:CardPoolOptionsRelic","theDuelist:MillenniumArmor","Smiling Mask","Centennial Puzzle","theDuelist:ElectricBurst","Prayer Wheel","Calling Bell","Snake Skull","theDuelist:MillenniumPrayerbook","theDuelist:SummonAnchorRare","theDuelist:ArmorPlateA","Tingsha","theDuelist:DuelistOrichalcum","Old Coin","Paper Crane","Medical Kit","theDuelist:MillenniumKey","Mummified Hand","Meat on the Bone","Boot","Bag of Preparation","theDuelist:MetronomeRelicB"],"acts_visited":["Exordium","TheCity","TheBeyond","TheEnding"],"potions_floor_usage":[35,45,47,47,48,48,50],"damage_taken":[{"damage":0.0,"enemies":"Cultist","floor":1.0,"turns":3.0},{"damage":0.0,"enemies":"Small Slimes","floor":6.0,"turns":4.0},{"damage":12.0,"enemies":"3 Sentries","floor":7.0,"turns":13.0},{"damage":0.0,"enemies":"Jaw Worm","floor":8.0,"turns":3.0},{"damage":0.0,"enemies":"Gremlin Nob","floor":12.0,"turns":3.0},{"damage":0.0,"enemies":"Looter","floor":14.0,"turns":2.0},{"damage":0.0,"enemies":"The Guardian","floor":16.0,"turns":12.0},{"damage":0.0,"enemies":"Shell Parasite","floor":18.0,"turns":4.0},{"damage":0.0,"enemies":"3 Byrds","floor":20.0,"turns":3.0},{"damage":0.0,"enemies":"3 Cultists","floor":22.0,"turns":5.0},{"damage":0.0,"enemies":"theDuelist:KaibaA2","floor":23.0,"turns":6.0},{"damage":6.0,"enemies":"Slavers","floor":28.0,"turns":6.0},{"damage":0.0,"enemies":"Centurion and Healer","floor":29.0,"turns":7.0},{"damage":0.0,"enemies":"Snecko","floor":31.0,"turns":6.0},{"damage":0.0,"enemies":"Collector","floor":33.0,"turns":12.0},{"damage":0,"enemies":"3 Darklings","floor":35,"turns":3},{"damage":0,"enemies":"Orb Walker","floor":39,"turns":2},{"damage":0,"enemies":"Reptomancer","floor":41,"turns":2},{"damage":0,"enemies":"Spire Growth","floor":44,"turns":4},{"damage":0,"enemies":"Nemesis","floor":45,"turns":5},{"damage":0,"enemies":"3 Darklings","floor":46,"turns":4},{"damage":0,"enemies":"Jaw Worm Horde","floor":47,"turns":1},{"damage":0,"enemies":"Maw","floor":48,"turns":6},{"damage":0,"enemies":"Donu and Deca","floor":50,"turns":2},{"damage":6,"enemies":"Shield and Spear","floor":54,"turns":9},{"damage":22,"enemies":"The Heart","floor":55,"turns":9}],"seed_played":"8010259900935710672","potions_obtained":[{"floor":6.0,"key":"Dexterity Potion"},{"floor":12.0,"key":"ColorlessPotion"},{"floor":16.0,"key":"Block Potion"},{"floor":18.0,"key":"theDuelist:LavaBottle"},{"floor":20.0,"key":"SteroidPotion"},{"floor":23.0,"key":"BlessingOfTheForge"},{"floor":29.0,"key":"FearPotion"},{"floor":33.0,"key":"theDuelist:TributeBottle"},{"floor":44,"key":"FearPotion"},{"floor":45,"key":"EntropicBrew"},{"floor":46,"key":"theDuelist:BigOrbBottle"}],"is_trial":false,"path_per_floor":["M","$","?","?","?","M","E","M","T","T","R","E","R","M","R","B",null,"M","$","M","?","M","E","?","R","T","?","E","M","$","M","R","B",null,"M","?","$","?","M","R","E","$","T","M","E","M","M","M","R","B",null,"R","$","E","B",null],"character_chosen":"THE_DUELIST","items_purchased":["theDuelist:ArmorPlateA","Paper Crane","Medical Kit","Mummified Hand"],"campfire_rested":0,"item_purchase_floors":[19,30,30,37],"current_hp_per_floor":[80,80,74,74,79,79,67,67,67,67,67,67,67,67,67,67,85,85,85,85,85,85,85,85,85,85,85,79,79,79,79,79,79,85,85,85,85,85,85,85,85,85,85,85,85,85,85,85,85,85,85,85,85,79,57],"gold":172,"neow_bonus":"HUNDRED_GOLD","is_daily":false,"chose_seed":false,"campfire_upgraded":8,"win_rate":0.0,"timestamp":1613494998,"path_taken":["M","$","?","?","?","M","E","M","T","?","R","E","R","M","R","BOSS","M","$","M","?","M","E","?","R","T","?","E","M","$","M","R","BOSS","M","?","?","?","M","R","E","$","T","M","E","?","M","M","R","BOSS","R","$","E","BOSS"],"items_purchased_type":["Relic","Relic","Relic","Relic"],"build_version":"2020-12-22","purchased_purges":6,"victory":true,"max_hp_per_floor":[80,80,80,80,85,85,85,85,85,85,85,85,85,85,85,85,85,85,85,85,85,85,85,85,85,85,85,85,85,85,85,85,85,85,85,85,85,85,85,85,85,85,85,85,85,85,85,85,85,85,85,85,85,85,85],"card_choices":[{"not_picked":["theDuelist:CombinationAttack","theDuelist:PowerKaishin","theDuelist:Tuningware","theDuelist:SpellShatteringArrow","theDuelist:MeteorDestruction"],"picked":"SKIP","floor":1.0},{"not_picked":["theDuelist:MeteorDestruction","theDuelist:WormApocalypse","theDuelist:BigFire","theDuelist:StarBlast"],"picked":"theDuelist:SpiritHarp","floor":6.0},{"not_picked":["theDuelist:ChaosSeed+1","theDuelist:CombinationAttack+1","theDuelist:CoreBlaster+1","theDuelist:Hinotama+1"],"picked":"theDuelist:SpiralSpearStrike+1","floor":7.0},{"not_picked":["theDuelist:MeteorDestruction","theDuelist:OnslaughtFireKings","theDuelist:Tuningware","theDuelist:CharcoalInpachi"],"picked":"theDuelist:RainbowNeos","floor":8.0},{"not_picked":["theDuelist:RainbowOverdragon","theDuelist:BigKoala","theDuelist:FortressWarrior","theDuelist:DianKeto","theDuelist:WingedKuribohLv9"],"picked":"SKIP","floor":12.0},{"not_picked":["theDuelist:Downbeat","theDuelist:MiracleFertilizer","theDuelist:SwordDeepSeated","theDuelist:PreventRat"],"picked":"theDuelist:WhiteNinja","floor":14.0},{"not_picked":["theDuelist:ForbiddenLance","theDuelist:LightningBlade","theDuelist:YamiForm"],"picked":"SKIP","floor":14.0},{"not_picked":["theDuelist:ForbiddenLance","theDuelist:LightningBlade"],"picked":"theDuelist:YamiForm","floor":14.0},{"not_picked":["theDuelist:Eva","theDuelist:KamionTimelord","theDuelist:RainbowNeos","theDuelist:RainbowOverdragon"],"picked":"theDuelist:HappyLover","floor":16.0},{"not_picked":["theDuelist:Sangan","theDuelist:DarkFactory","theDuelist:SolarWindJammer","theDuelist:PreventRat"],"picked":"theDuelist:ImperialOrder+1","floor":18.0},{"not_picked":["theDuelist:MeteorDestruction+1","theDuelist:Downbeat+1","theDuelist:RainbowNeos","theDuelist:DoubleTool+1","theDuelist:SpiritHarp"],"picked":"SKIP","floor":18.0},{"not_picked":["theDuelist:Eva","theDuelist:CharcoalInpachi","theDuelist:AfterTheStorm+1","theDuelist:Invigoration","theDuelist:ScrapFactory"],"picked":"SKIP","floor":20.0},{"not_picked":["theDuelist:DoubleTool","theDuelist:FluteKuriboh","theDuelist:RainbowNeos","theDuelist:Eva","theDuelist:CircleFireKings"],"picked":"SKIP","floor":20.0},{"not_picked":["theDuelist:CoreBlaster+1","theDuelist:PowerKaishin","theDuelist:Tuningware","theDuelist:BlackPendant+1"],"picked":"theDuelist:PowerWall+1","floor":22.0},{"not_picked":["theDuelist:StarBlast","theDuelist:InstantFusion","theDuelist:MiracleFertilizer","theDuelist:SevenCompleted"],"picked":"theDuelist:GravityBlaster","floor":22.0},{"not_picked":["theDuelist:GaiaFierce+1","theDuelist:DianKeto+1","theDuelist:WingedKuribohLv9","theDuelist:Polymerization"],"picked":"theDuelist:FluteKuriboh","floor":23.0},{"not_picked":["theDuelist:KamionTimelord+1","theDuelist:Sangan+1"],"picked":"theDuelist:SpiralSpearStrike+1","floor":28.0},{"not_picked":["theDuelist:BigFire","theDuelist:CombinationAttack","theDuelist:DoubleTool","theDuelist:MeteorDestruction+1","theDuelist:PsychicShockwave"],"picked":"SKIP","floor":29.0},{"not_picked":["theDuelist:WingedKuriboh","theDuelist:LightningVortex","theDuelist:GoldenApples","theDuelist:BigKoala","theDuelist:LabyrinthWall+1"],"picked":"SKIP","floor":29.0},{"not_picked":["theDuelist:RainbowNeos+1","theDuelist:CombinationAttack","theDuelist:DoubleTool","theDuelist:SpellShatteringArrow+1","theDuelist:SparkBlaster"],"picked":"SKIP","floor":31.0},{"not_picked":["theDuelist:MythicalBeast+1","theDuelist:Tuningware","theDuelist:HappyLover","theDuelist:DarkFactory+1","theDuelist:CrystalBlessing"],"picked":"SKIP","floor":31.0},{"not_picked":["theDuelist:Eva","theDuelist:HappyLover","theDuelist:RainbowNeos","theDuelist:RainbowOverdragon"],"picked":"theDuelist:KamionTimelord","floor":33.0},{"not_picked":["theDuelist:RainbowNeos+1","theDuelist:FluteKuriboh","theDuelist:WhiteMagicalHat","theDuelist:CombinationAttack+2"],"picked":"theDuelist:SparkBlaster+1","floor":35},{"not_picked":["theDuelist:SpellShatteringArrow+1","theDuelist:MeteorDestruction+2","theDuelist:Hinotama","theDuelist:CoreBlaster+3","theDuelist:FusionWeapon"],"picked":"SKIP","floor":35},{"not_picked":["theDuelist:LightningBlade+4","theDuelist:LegendarySword+1","theDuelist:LightLaser+1","theDuelist:LegendHeart+1"],"picked":"theDuelist:GridRod+1","floor":39},{"not_picked":["theDuelist:LightningVortex+1","theDuelist:FusionWeapon","theDuelist:PotDuality","theDuelist:CrystalBlessing","theDuelist:UnderworldCannon"],"picked":"SKIP","floor":39},{"not_picked":["theDuelist:BigFire+1","theDuelist:MagnumShield","theDuelist:Tuningware+1","theDuelist:CombinationAttack+1"],"picked":"theDuelist:PowerWall+1","floor":41},{"not_picked":["theDuelist:FortressWarrior","theDuelist:ForbiddenChalice+1","theDuelist:Raigeki+1","theDuelist:Solidarity"],"picked":"theDuelist:ObeliskTormentor+1","floor":44},{"not_picked":["theDuelist:PowerGiant","theDuelist:GemArmadillo+1","theDuelist:RainbowBridge","theDuelist:ImperialOrder+1"],"picked":"theDuelist:MillenniumScorpion","floor":44},{"not_picked":["theDuelist:Sangan","theDuelist:Mathematician"],"picked":"theDuelist:GravityLash","floor":45},{"not_picked":["theDuelist:SpiralSpearStrike+3","theDuelist:GiantSoldier+1","theDuelist:PowerWall+1","theDuelist:FluteKuriboh+1"],"picked":"theDuelist:MillenniumScorpion+1","floor":46},{"not_picked":["theDuelist:MeteorDestruction+1","theDuelist:EgoBoost","theDuelist:RainbowNeos","theDuelist:Invigoration","theDuelist:AfterTheStorm+1"],"picked":"SKIP","floor":46},{"not_picked":["theDuelist:Sangan","theDuelist:KamionTimelord","theDuelist:BigKoala","theDuelist:Mathematician+1"],"picked":"theDuelist:MillenniumShield","floor":47},{"not_picked":["theDuelist:SpiritHarp+1","theDuelist:PowerWall+1","theDuelist:FluteKuriboh+1","theDuelist:PowerWall+1"],"picked":"theDuelist:KamionTimelord+1","floor":47},{"not_picked":["theDuelist:Wiretap+1","theDuelist:WhiteNinja+1","theDuelist:GiantTrunade","theDuelist:BigKoala+1","theDuelist:MiracleFertilizer+1"],"picked":"SKIP","floor":48},{"not_picked":["theDuelist:WhiteHowling","theDuelist:FairyBox","theDuelist:Reinforcements+1","theDuelist:Wiretap+1","theDuelist:CrystalRaigeki"],"picked":"SKIP","floor":48},{"not_picked":["theDuelist:SpiritHarp+1","theDuelist:RainbowNeos+1","theDuelist:HappyLover+1","theDuelist:Eva+1"],"picked":"theDuelist:SangaEarth+1","floor":54}],"player_experience":303608,"relics_obtained":[{"floor":7.0,"key":"Smiling Mask"},{"floor":9.0,"key":"Centennial Puzzle"},{"floor":10.0,"key":"theDuelist:ElectricBurst"},{"floor":12.0,"key":"Prayer Wheel"},{"floor":17.0,"key":"Snake Skull"},{"floor":17.0,"key":"theDuelist:MillenniumPrayerbook"},{"floor":17.0,"key":"theDuelist:SummonAnchorRare"},{"floor":23.0,"key":"Tingsha"},{"floor":26.0,"key":"theDuelist:DuelistOrichalcum"},{"floor":28.0,"key":"Old Coin"},{"floor":41,"key":"Meat on the Bone"},{"floor":43,"key":"Boot"},{"floor":45,"key":"Bag of Preparation"},{"floor":54,"key":"theDuelist:MetronomeRelicB"}],"event_choices":[{"damage_healed":0.0,"max_hp_gain":0.0,"max_hp_loss":0.0,"gold_gain":0.0,"event_name":"Aknamkanon\u0027s Tomb","player_choice":"Dig - random Duelist relic","duelist":true,"floor":3.0,"gold_loss":0.0,"damage_taken":0.0},{"damage_healed":0.0,"max_hp_gain":0.0,"max_hp_loss":0.0,"gold_gain":0.0,"event_name":"Living Wall","player_choice":"Grow","floor":4.0,"gold_loss":0.0,"damage_taken":0.0,"cards_upgraded":["theDuelist:FinalFlame"]},{"damage_healed":0.0,"max_hp_gain":5.0,"max_hp_loss":0.0,"gold_gain":0.0,"event_name":"Big Fish","player_choice":"Donut","floor":5.0,"gold_loss":0.0,"damage_taken":0.0},{"damage_healed":0.0,"max_hp_gain":0.0,"max_hp_loss":0.0,"gold_gain":0.0,"event_name":"betterNote:BetterNote","player_choice":"Ignored","floor":21.0,"gold_loss":0.0,"damage_taken":0.0,"cards_obtained":["Berserk"]},{"cards_removed":["theDuelist:CastleWalls"],"damage_healed":0.0,"max_hp_gain":0.0,"max_hp_loss":0.0,"gold_gain":0.0,"event_name":"Beggar","player_choice":"Gave Gold","floor":24.0,"gold_loss":75.0,"damage_taken":0.0},{"damage_healed":0.0,"max_hp_gain":0.0,"max_hp_loss":0.0,"gold_gain":99.0,"event_name":"Nest","player_choice":"Stole From Cult","floor":27.0,"gold_loss":0.0,"damage_taken":0.0},{"damage_healed":0,"gold_gain":0,"player_choice":"Leave","duelist":true,"damage_taken":0,"max_hp_gain":0,"max_hp_loss":0,"event_name":"Relic Duplicator","floor":36,"gold_loss":0},{"damage_healed":0,"gold_gain":0,"player_choice":"Leave","duelist":true,"damage_taken":0,"max_hp_gain":0,"max_hp_loss":0,"event_name":"Relic Duplicator","floor":38,"gold_loss":0}],"is_beta":false,"boss_relics":[{"not_picked":["HoveringKite","Busted Crown"],"picked":"Calling Bell"},{"not_picked":["SacredBark","Inserter"],"picked":"theDuelist:MillenniumKey"}],"items_purged_floors":[2,19,30,37,42,53],"is_endless":false,"potions_floor_spawned":[6,12,16,18,20,23,29,33,44,45,46],"ascension_level":0}}