{"host":"a70birb7gb03c330","time":1613441031,"event":{"mods":["Act Like it!","BaseMod","Better Vampires","Disable Question Mark Monsters","Downfall","Minty Spire (QoL Compilation)","Permanent Neow","StSLib"],"gold_per_floor":[99,117,135,151,151,151,178,178,78,111,111,111,136,155,175,175,175,175],"floor_reached":16,"language":"ENG","playtime":348,"items_purged":[],"score":116,"play_id":"9ecc2582-5667-421e-80f2-cdf921489e99","local_time":"20210215180351","is_ascension_mode":true,"campfire_choices":[{"data":"Slimebound:CorrosiveSpit","floor":1,"key":"SMITH"},{"data":"Slimebound:RejuvenatingLick","floor":9,"key":"SMITH"},{"floor":12,"key":"REST"}],"circlet_count":0,"master_deck":["Slimebound:Strike_Slimebound","Slimebound:Strike_Slimebound","Slimebound:Strike_Slimebound","Slimebound:Tackle","Slimebound:Defend_Slimebound","Slimebound:Defend_Slimebound","Slimebound:Defend_Slimebound","Slimebound:Split+1","Slimebound:CorrosiveSpit+1","Slimebound:RejuvenatingLick+1","Slimebound:SlimeSpikes","Slimebound:Schlurp","Slimebound:Nibble","Slimebound:SamplingLick","Slimebound:GoopSpray"],"relics":["Slimebound:AbsorbEndCombat","Matryoshka","Akabeko","Orichalcum","downfall:HeartBlessingBlue","MealTicket","downfall:ShatteredFragment","Slimebound:PreparedRelic"],"acts_visited":["Exordium"],"potions_floor_usage":[10,13],"damage_taken":[{"damage":0,"enemies":"Small Slimes","floor":2,"turns":4},{"damage":0,"enemies":"2 Louse","floor":3,"turns":2},{"damage":1,"enemies":"Cultist","floor":4,"turns":3},{"damage":22,"enemies":"Lagavulin","floor":10,"turns":6},{"damage":14,"enemies":"Gremlin Nob","floor":13,"turns":3},{"damage":10,"enemies":"Blue Slaver","floor":14,"turns":2},{"damage":1,"enemies":"2 Fungi Beasts","floor":15,"turns":2},{"damage":0,"enemies":"SI_SHIV_ARCHETYPE","floor":16,"turns":1}],"seed_played":"-2766581224520034216","potions_obtained":[{"floor":2,"key":"sneckomod:MuddlingPotion"},{"floor":3,"key":"Slimebound:SlimedPotion"},{"floor":10,"key":"Regen Potion"},{"floor":15,"key":"SteroidPotion"}],"is_trial":false,"path_per_floor":["R","M","M","M","?","?","T","?","R","E","?","R","E","M","M","B"],"character_chosen":"SLIMEBOUND","items_purchased":[],"campfire_rested":1,"item_purchase_floors":[],"current_hp_per_floor":[65,65,65,65,40,40,40,40,50,34,16,38,39,35,42,42,42,42],"gold":175,"neow_bonus":"UPGRADE_CARD","is_daily":false,"chose_seed":false,"campfire_upgraded":2,"win_rate":0.0,"timestamp":1613441031,"path_taken":["R","M","M","M","?","?","T","?","R","E","?","R","E","M","M","BOSS"],"items_purchased_type":[],"build_version":"2020-12-22","purchased_purges":0,"victory":false,"max_hp_per_floor":[65,65,65,65,65,65,65,65,75,75,75,75,75,75,75,75,75,75],"card_choices":[{"not_picked":["Slimebound:SpikyOuterGoop","Slimebound:MegaLick"],"picked":"Slimebound:RejuvenatingLick","floor":2},{"not_picked":["Slimebound:GoopTackle","Slimebound:RollThrough","Slimebound:SlimeBarrage"],"picked":"SKIP","floor":3},{"not_picked":["Slimebound:ComboTackle","Slimebound:FirmFortitude"],"picked":"Slimebound:SlimeSpikes","floor":4},{"not_picked":["Slimebound:LeechingTouch","Slimebound:MegaLick"],"picked":"Slimebound:Schlurp","floor":10},{"not_picked":["Slimebound:Equalize","Slimebound:GrowthPunch"],"picked":"Slimebound:Nibble","floor":13},{"not_picked":["Slimebound:Equalize","Slimebound:LeadByExample"],"picked":"Slimebound:SamplingLick","floor":14},{"not_picked":["Slimebound:PressTheAttack","Slimebound:Replication"],"picked":"Slimebound:GoopSpray","floor":15}],"player_experience":60078,"relics_obtained":[{"floor":7,"key":"Akabeko"},{"floor":10,"key":"MealTicket"},{"floor":13,"key":"Slimebound:PreparedRelic"}],"event_choices":[{"damage_healed":0,"gold_gain":0,"player_choice":"Success","damage_taken":25,"relics_obtained":["Matryoshka"],"max_hp_gain":0,"max_hp_loss":0,"event_name":"Scrap Ooze","floor":5,"gold_loss":0},{"cards_removed":["Slimebound:Defend_Slimebound"],"damage_healed":0,"gold_gain":0,"player_choice":"Card Removal","damage_taken":0,"max_hp_gain":0,"max_hp_loss":0,"event_name":"The Cleric","floor":6,"gold_loss":0}],"is_beta":false,"boss_relics":[],"items_purged_floors":[],"is_endless":false,"potions_floor_spawned":[2,3,10,15],"killed_by":"SI_SHIV_ARCHETYPE","ascension_level":1}}