{"host":"dl909bjyolgrn2uw","time":1613507748,"event":{"mods":["2.2 Compatiblity","BaseMod","Bestiary","Better Altar","Better Note","Better Sensory Stone","Better Skull","Better Third Choice","Better Vampires","Better-Laid Plans","BetterRewards","Colored Powertips","Curses Come First","Disable Question Mark Monsters","Displayed Cursed Tome","Emptier Cage","Minty Spire (QoL Compilation)","Morshu Shopkeeper","Permanent Neow","Rare Cards Sparkle","Relic Stats","Shop Mod","Spicy Shops","StSLib","SuperFastMode","Transform Curses"],"gold_per_floor":[115,132,151,161,172,172,199,27,54,54,68,103,103,115,115,192,192,203,203,216,227,247,247,266,291,291,291,324,324,354,372,372,447,447,464,474,519,530,546,546,581,581,581,506,60,60,60,71,71,71],"floor_reached":51,"language":"ENG","playtime":3639,"items_purged":["Defend_B"],"score":1422,"play_id":"2c715c1e-6d82-42c6-9897-1ccc2f0b881e","local_time":"20210216143548","is_ascension_mode":true,"campfire_choices":[{"data":"Defragment","floor":6.0,"key":"SMITH"},{"data":"Seek","floor":10.0,"key":"SMITH"},{"data":"Coolheaded","floor":15.0,"key":"SMITH"},{"data":"Loop","floor":23.0,"key":"SMITH"},{"data":"Buffer","floor":32.0,"key":"SMITH"},{"data":"Defragment","floor":40.0,"key":"SMITH"},{"data":"Fission","floor":42.0,"key":"SMITH"},{"data":"Loop","floor":49,"key":"SMITH"}],"circlet_count":0,"master_deck":["AscendersBane","Defend_B","Defend_B","Zap+1","Dualcast+1","CurseOfTheBell","Conserve Battery","Core Surge","Defragment+1","Ball Lightning","Tempest","Glacier","Seek+1","Compile Driver","Hologram","Cold Snap","Undo","Coolheaded+1","Electrodynamics","Compile Driver+1","Loop+1","Glacier+1","Hologram","Chaos","Buffer+1","Conserve Battery+1","Biased Cognition","Leap+1","BootSequence+1","Lockon+1","Reinforced Body+1","Defragment+1","Fission+1","Loop+1","Echo Form"],"relics":["Calling Bell","War Paint","HornCleat","Emotion Chip","Meat on the Bone","Orrery","Bronze Scales","Ancient Tea Set","Cursed Key","Happy Flower","Dream Catcher","White Beast Statue","Astrolabe","WingedGreaves","Centennial Puzzle","FossilizedHelix"],"acts_visited":["Exordium","TheCity","TheBeyond"],"potions_floor_usage":[50,50],"damage_taken":[{"damage":0.0,"enemies":"Cultist","floor":1.0,"turns":4.0},{"damage":11.0,"enemies":"Jaw Worm","floor":2.0,"turns":4.0},{"damage":4.0,"enemies":"2 Louse","floor":3.0,"turns":3.0},{"damage":0.0,"enemies":"Large Slime","floor":4.0,"turns":6.0},{"damage":11.0,"enemies":"3 Louse","floor":5.0,"turns":3.0},{"damage":20.0,"enemies":"Lagavulin","floor":7.0,"turns":4.0},{"damage":7.0,"enemies":"Lots of Slimes","floor":11.0,"turns":4.0},{"damage":0.0,"enemies":"Gremlin Nob","floor":12.0,"turns":3.0},{"damage":0.0,"enemies":"Blue Slaver","floor":14.0,"turns":3.0},{"damage":2.0,"enemies":"The Guardian","floor":16.0,"turns":10.0},{"damage":0.0,"enemies":"Chosen","floor":18.0,"turns":3.0},{"damage":0.0,"enemies":"2 Thieves","floor":20.0,"turns":3.0},{"damage":7.0,"enemies":"Centurion and Healer","floor":21.0,"turns":4.0},{"damage":8.0,"enemies":"Snecko","floor":22.0,"turns":6.0},{"damage":17.0,"enemies":"Snake Plant","floor":24.0,"turns":4.0},{"damage":6.0,"enemies":"Book of Stabbing","floor":25.0,"turns":6.0},{"damage":18.0,"enemies":"Slavers","floor":28.0,"turns":4.0},{"damage":18.0,"enemies":"Book of Stabbing","floor":30.0,"turns":5.0},{"damage":0.0,"enemies":"Centurion and Healer","floor":31.0,"turns":8.0},{"damage":0.0,"enemies":"Automaton","floor":33.0,"turns":8.0},{"damage":1.0,"enemies":"3 Darklings","floor":35.0,"turns":4.0},{"damage":0.0,"enemies":"Orb Walker","floor":36.0,"turns":4.0},{"damage":0.0,"enemies":"2 Orb Walkers","floor":37.0,"turns":3.0},{"damage":0.0,"enemies":"3 Darklings","floor":38.0,"turns":5.0},{"damage":0.0,"enemies":"Maw","floor":39.0,"turns":7.0},{"damage":1.0,"enemies":"Reptomancer","floor":41.0,"turns":5.0},{"damage":0,"enemies":"Jaw Worm Horde","floor":48,"turns":6},{"damage":30,"enemies":"Time Eater","floor":50,"turns":10}],"seed_played":"2735258190525196133","potions_obtained":[{"floor":2.0,"key":"Block Potion"},{"floor":4.0,"key":"SteroidPotion"},{"floor":7.0,"key":"DistilledChaos"},{"floor":12.0,"key":"SpeedPotion"},{"floor":16.0,"key":"Ancient Potion"},{"floor":22.0,"key":"FocusPotion"},{"floor":24.0,"key":"DuplicationPotion"},{"floor":29.0,"key":"PotionOfCapacity"},{"floor":33.0,"key":"Fire Potion"},{"floor":35.0,"key":"ColorlessPotion"},{"floor":37.0,"key":"EssenceOfSteel"},{"floor":38.0,"key":"FearPotion"},{"floor":41.0,"key":"LiquidMemories"}],"is_trial":false,"path_per_floor":["M","M","M","M","M","R","E","$","T","R","M","E","?","M","R","B",null,"M","?","M","M","M","R","M","E","T","?","E","?","E","M","R","B",null,"M","M","?","M","M","R","E","R","T","$","$","?","?","M","R","B",null],"character_chosen":"DEFECT","items_purchased":["Orrery","Loop","FossilizedHelix","Swift Potion"],"campfire_rested":0,"item_purchase_floors":[8,45,45,45],"current_hp_per_floor":[64,53,49,49,38,38,18,18,18,18,23,35,35,47,47,45,65,65,65,65,58,50,50,45,39,39,39,33,33,27,39,39,39,63,62,62,62,62,62,62,61,61,61,61,61,61,44,44,44,26],"gold":71,"neow_bonus":"BOSS_RELIC","is_daily":false,"chose_seed":false,"campfire_upgraded":8,"win_rate":0.0,"timestamp":1613507748,"path_taken":["M","M","M","?","M","R","E","$","T","R","M","E","?","M","R","BOSS","M","?","M","M","M","R","M","E","T","?","E","?","E","M","R","BOSS","M","?","?","M","M","R","E","R","T","$","$","?","?","M","R","BOSS"],"items_purchased_type":["Relic","Card","Relic","Potion"],"build_version":"2020-12-22","purchased_purges":1,"victory":true,"max_hp_per_floor":[71,71,71,71,71,71,71,71,71,71,71,71,71,71,71,71,71,71,71,71,71,71,71,71,71,71,71,71,71,71,71,71,71,71,71,71,71,71,71,71,71,71,71,71,71,71,71,71,71,71],"relic_stats":{"Emotion Chip":[38,26,12,0,0],"Dream Catcher":0,"Centennial Puzzle":[3],"Happy Flower":[23],"counters":[28,137],"Bronze Scales":[436],"Astrolabe":["Leap","BootSequence","Lockon"],"War Paint":["Zap","Dualcast"],"Cursed Key":0,"obtain_stats":[{"Happy Flower":25,"Astrolabe":34,"War Paint":0,"Ancient Tea Set":12,"Cursed Key":17,"White Beast Statue":30,"Calling Bell":0,"Emotion Chip":0,"Dream Catcher":28,"Centennial Puzzle":41,"HornCleat":0,"Bronze Scales":9,"Orrery":8,"WingedGreaves":37,"Cracked Core":0,"FossilizedHelix":45,"Meat on the Bone":7},{"Happy Flower":16,"Astrolabe":20,"War Paint":0,"Ancient Tea Set":8,"Cursed Key":10,"White Beast Statue":18,"Calling Bell":0,"Emotion Chip":0,"Dream Catcher":17,"Centennial Puzzle":26,"HornCleat":0,"Bronze Scales":6,"Orrery":6,"WingedGreaves":23,"Cracked Core":0,"FossilizedHelix":26,"Meat on the Bone":6},{"Happy Flower":70,"Astrolabe":95,"War Paint":0,"Ancient Tea Set":31,"Cursed Key":44,"White Beast Statue":79,"Calling Bell":0,"Emotion Chip":0,"Dream Catcher":74,"Centennial Puzzle":121,"HornCleat":0,"Bronze Scales":24,"Orrery":24,"WingedGreaves":105,"Cracked Core":0,"FossilizedHelix":121,"Meat on the Bone":24}],"Meat on the Bone":96},"card_choices":[{"not_picked":["Hologram","Recycle"],"picked":"Conserve Battery","floor":1.0},{"not_picked":["Rebound","Blizzard"],"picked":"Core Surge","floor":2.0},{"not_picked":["Beam Cell","Reinforced Body"],"picked":"Defragment","floor":3.0},{"not_picked":["Melter","Coolheaded"],"picked":"Sweeping Beam","floor":4.0},{"not_picked":["Capacitor","Hologram"],"picked":"Ball Lightning","floor":5.0},{"not_picked":["Echo Form","Heatsinks"],"picked":"Tempest","floor":7.0},{"not_picked":["Conserve Battery","Turbo"],"picked":"Glacier","floor":8.0},{"not_picked":["Streamline","Steam"],"picked":"Seek","floor":8.0},{"not_picked":["Conserve Battery","Gash"],"picked":"Compile Driver","floor":8.0},{"not_picked":["Barrage","Streamline"],"picked":"Hologram","floor":8.0},{"not_picked":["Hologram","Go for the Eyes"],"picked":"Cold Snap","floor":11.0},{"not_picked":["Hyperbeam","Genetic Algorithm"],"picked":"Undo","floor":12.0},{"not_picked":["Ball Lightning","Steam"],"picked":"Coolheaded","floor":14.0},{"not_picked":["Amplify","Seek"],"picked":"Electrodynamics","floor":16.0},{"not_picked":["Heatsinks","Chill"],"picked":"Compile Driver+1","floor":18.0},{"not_picked":["White Noise","Ball Lightning"],"picked":"Glacier+1","floor":20.0},{"not_picked":["FTL","Go for the Eyes","Stack"],"picked":"SKIP","floor":21.0},{"not_picked":["Cold Snap+1","Turbo","Ball Lightning"],"picked":"SKIP","floor":22.0},{"not_picked":["Stack","Chaos","Rebound"],"picked":"SKIP","floor":24.0},{"not_picked":["Turbo","Ball Lightning","Barrage"],"picked":"SKIP","floor":25.0},{"not_picked":["Cold Snap","White Noise","Beam Cell"],"picked":"SKIP","floor":28.0},{"not_picked":["Sunder","Beam Cell"],"picked":"Buffer","floor":30.0},{"not_picked":["Cold Snap","Static Discharge"],"picked":"Conserve Battery+1","floor":31.0},{"not_picked":["Core Surge","Echo Form"],"picked":"Biased Cognition","floor":33.0},{"not_picked":["Conserve Battery","Stack+1"],"picked":"Reinforced Body+1","floor":35.0},{"not_picked":["Storm","Turbo","Compile Driver"],"picked":"SKIP","floor":36.0},{"not_picked":["White Noise","Sweeping Beam+1","Barrage"],"picked":"SKIP","floor":38.0},{"not_picked":["Ball Lightning","Sweeping Beam"],"picked":"Defragment","floor":39.0},{"not_picked":["Chill","Chaos+1"],"picked":"Fission","floor":41.0},{"not_picked":["Compile Driver","Reprogram","Genetic Algorithm"],"picked":"SKIP","floor":48}],"player_experience":452134,"relics_obtained":[{"floor":0.0,"key":"War Paint"},{"floor":0.0,"key":"HornCleat"},{"floor":0.0,"key":"Emotion Chip"},{"floor":7.0,"key":"Meat on the Bone"},{"floor":9.0,"key":"Bronze Scales"},{"floor":12.0,"key":"Ancient Tea Set"},{"floor":25.0,"key":"Happy Flower"},{"floor":28.0,"key":"Dream Catcher"},{"floor":30.0,"key":"White Beast Statue"},{"floor":37.0,"key":"WingedGreaves"},{"floor":41.0,"key":"Centennial Puzzle"}],"event_choices":[{"damage_healed":35.0,"max_hp_gain":0.0,"max_hp_loss":71.0,"gold_gain":0.0,"event_name":"betterThird:BetterShining","player_choice":"Leave","floor":13.0,"gold_loss":0.0,"damage_taken":0.0},{"damage_healed":0.0,"max_hp_gain":0.0,"max_hp_loss":0.0,"gold_gain":0.0,"event_name":"The Library","player_choice":"Read","floor":19.0,"gold_loss":0.0,"damage_taken":0.0,"cards_obtained":["Loop"]},{"damage_healed":0.0,"max_hp_gain":0.0,"max_hp_loss":0.0,"gold_gain":0.0,"cards_transformed":["Strike_B","Strike_B"],"event_name":"Drug Dealer","player_choice":"Became Test Subject","floor":27.0,"gold_loss":0.0,"damage_taken":0.0,"cards_obtained":["Hologram","Chaos"]},{"damage_healed":0.0,"max_hp_gain":0.0,"max_hp_loss":0.0,"gold_gain":0.0,"event_name":"Lab","player_choice":"Got Potions","floor":29.0,"gold_loss":0.0,"damage_taken":0.0},{"damage_healed":0.0,"max_hp_gain":0.0,"max_hp_loss":0.0,"gold_gain":0.0,"event_name":"Mysterious Sphere","player_choice":"Fight","floor":37.0,"gold_loss":0.0,"damage_taken":0.0},{"cards_removed":["Sweeping Beam"],"damage_healed":0.0,"max_hp_gain":0.0,"max_hp_loss":0.0,"gold_gain":0.0,"event_name":"Falling","player_choice":"Removed Attack","floor":46.0,"gold_loss":0.0,"damage_taken":0.0},{"damage_healed":0.0,"max_hp_gain":0.0,"max_hp_loss":17.0,"gold_gain":3.0,"event_name":"betterStone:BetterStone","player_choice":"2","floor":47.0,"gold_loss":0.0,"damage_taken":0.0}],"is_beta":false,"boss_relics":[{"not_picked":["Velvet Choker","Tiny House"],"picked":"Cursed Key"},{"not_picked":["Inserter","SacredBark"],"picked":"Astrolabe"}],"items_purged_floors":[44],"is_endless":false,"potions_floor_spawned":[2,4,7,12,16,22,24,25,31,33,35,36,37,38,39,41,48],"ascension_level":16}}