{"host":"enpah696raxjhbxd","time":1613454497,"event":{"mods":["BaseMod","Challenge The Spire","Chen","Colored Powertips","Friendly Minions","Minty Spire (QoL Compilation)","Replay The Spire","StSLib","TestMod","The Bladedancer","The Poker Player","UnlockEverythingMod"],"gold_per_floor":[111,111,111,111,121,121,148,148,148,148,162,162,181,210,210,305,305,315,93,8,20,20,45,45,75,102,114,114,145,158,183,183,287,287,301,301,320,514,122,227,227,342,394,481,481,283,283,360,360,505],"floor_reached":51,"language":"ZHS","playtime":1330,"items_purged":["blademaster:Gust+1"],"score":1218,"play_id":"5dcd5b5e-80bd-49cd-a203-b3dea4a69afb","local_time":"20210216134817","is_ascension_mode":true,"campfire_choices":[{"data":"blademaster:Bloodbath","floor":6,"key":"SMITH"},{"data":"testmod-Mystery","floor":8,"key":"SMITH"},{"data":"blademaster:Gust","floor":10,"key":"SMITH"},{"data":"blademaster:DancingEdge","floor":15,"key":"SMITH"},{"data":"blademaster:RagingBlow","floor":24,"key":"SMITH"},{"floor":28,"key":"RECALL"},{"data":"blademaster:Rupture","floor":32,"key":"SMITH"},{"data":"blademaster:StanceMastery","floor":41,"key":"SMITH"},{"data":"blademaster:HighVoltage","floor":45,"key":"SMITH"},{"data":"blademaster:Defend","floor":47,"key":"SMITH"},{"data":"blademaster:Defend","floor":49,"key":"SMITH"}],"circlet_count":0,"master_deck":["blademaster:Strike","blademaster:Strike","blademaster:Strike","blademaster:Strike","blademaster:Defend","blademaster:Defend+1","blademaster:Defend+1","blademaster:Defend+1","blademaster:RagingBlow+1","blademaster:HighVoltage+1","testmod-Mystery+1","blademaster:Bloodbath+1","blademaster:DancingEdge+1","blademaster:LightningCrash+1","blademaster:ThunderSlash+1","blademaster:DancingEdge+1","blademaster:Rupture+1","blademaster:Vortex+1","blademaster:CullingStrike+1","blademaster:StanceMastery+1","blademaster:AirSlash+1","blademaster:Rupture+1"],"relics":["blademaster:DancersAmulet","testmod-TestBox","testmod-CrystalShield","Bottled Flame","Molten Egg 2","testmod-Fanaticism","PreservedInsect","StrikeDummy","Bag of Marbles","testmod-LifeArmor","Quantum Egg","Omamori","testmod-TimeTraveler","Replay:Bandana","Toxic Egg 2","Bronze Scales","Oddly Smooth Stone","Replay:Rubber Ducky","Membership Card"],"acts_visited":["Exordium","TheCity","TheBeyond","TheEnding"],"potions_floor_usage":[16,25,27,27],"damage_taken":[{"damage":0,"enemies":"2 Louse","floor":1,"turns":5},{"damage":0,"enemies":"Cultist","floor":5,"turns":4},{"damage":0,"enemies":"Replay:BlueRogue","floor":7,"turns":7},{"damage":0,"enemies":"Small Slimes","floor":11,"turns":3},{"damage":4,"enemies":"3 Louse","floor":13,"turns":2},{"damage":22,"enemies":"Lagavulin","floor":14,"turns":5},{"damage":42,"enemies":"Slime Boss","floor":16,"turns":9},{"damage":0,"enemies":"Spheric Guardian","floor":18,"turns":2},{"damage":22,"enemies":"2 Thieves","floor":21,"turns":2},{"damage":0,"enemies":"Gremlin Leader","floor":23,"turns":2},{"damage":26,"enemies":"Replay:Snechameleon","floor":25,"turns":2},{"damage":28,"enemies":"Centurion and Healer","floor":27,"turns":2},{"damage":14,"enemies":"Slavers","floor":29,"turns":2},{"damage":0,"enemies":"3 Cultists","floor":30,"turns":2},{"damage":14,"enemies":"Book of Stabbing","floor":31,"turns":2},{"damage":28,"enemies":"Champ","floor":33,"turns":4},{"damage":0,"enemies":"3 Darklings","floor":35,"turns":3},{"damage":0,"enemies":"Orb Walker","floor":37,"turns":1},{"damage":0,"enemies":"R_Hoarder","floor":40,"turns":2},{"damage":0,"enemies":"Reptomancer","floor":42,"turns":2},{"damage":0,"enemies":"Sphere and 2 Shapes","floor":44,"turns":2},{"damage":0,"enemies":"Jaw Worm Horde","floor":48,"turns":2},{"damage":100,"enemies":"Replay:Hell Engine","floor":50,"turns":4}],"seed_played":"3909606079020141529","potions_obtained":[{"floor":5,"key":"LiquidMemories"},{"floor":14,"key":"Strength Potion"},{"floor":16,"key":"SpeedPotion"},{"floor":18,"key":"LiquidMemories"},{"floor":25,"key":"Fire Potion"},{"floor":33,"key":"FairyPotion"},{"floor":37,"key":"LiquidMemories"}],"is_trial":false,"path_per_floor":["M","?","$","?","M","R","E","R","T","R","M","$","M","E","R","B",null,"M","$","?","M","?","E","R","E","T","M","R","E","M","E","R","B",null,"M","?","M","?","$","E","R","E","T","M","R","$","R","M","R","B",null],"character_chosen":"THE_BLADEMASTER","items_purchased":["PreservedInsect","Replay:Bandana","Toxic Egg 2","Membership Card","blademaster:Rupture+1"],"campfire_rested":0,"item_purchase_floors":[19,39,39,46,46],"current_hp_per_floor":[75,75,75,75,75,75,75,75,75,75,75,75,75,59,59,23,62,68,68,68,64,64,70,70,60,60,74,74,67,73,62,62,75,75,75,75,75,57,57,57,57,57,57,57,57,57,57,57,57,75],"gold":505,"neow_bonus":"RANDOM_COLORLESS","is_daily":false,"chose_seed":false,"campfire_upgraded":10,"win_rate":0.0,"timestamp":1613454497,"path_taken":["M","?","$","?","M","R","E","R","T","R","?","?","M","E","R","BOSS","M","$","?","M","?","E","R","E","T","?","R","E","M","E","R","BOSS","M","?","?","?","$","E","R","E","T","M","R","$","R","M","R","BOSS"],"items_purchased_type":["Relic","Relic","Relic","Relic","Card"],"build_version":"2020-12-22","purchased_purges":1,"victory":true,"max_hp_per_floor":[75,75,75,75,75,75,75,75,75,75,75,75,75,75,75,75,75,75,75,75,75,75,75,75,75,75,75,75,75,75,75,75,75,75,75,75,75,75,75,75,75,75,75,75,75,75,75,75,75,75],"card_choices":[{"not_picked":["Swift Strike","testmod-Automaton"],"picked":"testmod-Mystery","floor":0},{"not_picked":["blademaster:Gust","blademaster:SharpBlades"],"picked":"blademaster:Bloodbath","floor":1},{"not_picked":["blademaster:BrainBloom","blademaster:SlyStabs"],"picked":"blademaster:Gust","floor":5},{"not_picked":["blademaster:AncestralHealing","blademaster:Blockade","blademaster:Overcharge"],"picked":"SKIP","floor":7},{"not_picked":["blademaster:Momentum","blademaster:Hailwind","blademaster:Stability"],"picked":"SKIP","floor":11},{"not_picked":["blademaster:Thrust","blademaster:WindSlash"],"picked":"blademaster:DancingEdge","floor":13},{"not_picked":["blademaster:ThunderSlash+1","blademaster:Overcharge"],"picked":"blademaster:LightningCrash+1","floor":14},{"not_picked":["blademaster:ColdBlood","blademaster:RollingTyphoon+1"],"picked":"blademaster:Blindside+1","floor":16},{"not_picked":["blademaster:Havoc+1","blademaster:CombatPrep+1"],"picked":"blademaster:ThunderSlash+1","floor":18},{"not_picked":["blademaster:BrainBloom","blademaster:Flurry","blademaster:EyeOfTheTornado"],"picked":"SKIP","floor":21},{"not_picked":["blademaster:AspectOfWind","blademaster:Bloodbath","blademaster:CombatPrep"],"picked":"SKIP","floor":23},{"not_picked":["blademaster:Sharpen","blademaster:FuryOfTheElements+1"],"picked":"blademaster:DancingEdge+1","floor":25},{"not_picked":["blademaster:Slice+1","blademaster:Breeze+1","blademaster:Sharpen"],"picked":"SKIP","floor":27},{"not_picked":["blademaster:AncestralHealing","blademaster:Meditate"],"picked":"blademaster:Rupture","floor":29},{"not_picked":["blademaster:AirSlash+1","blademaster:BladeMastery+1"],"picked":"blademaster:Vortex+1","floor":30},{"not_picked":["blademaster:BladeMastery","blademaster:RagingBlow+1"],"picked":"blademaster:CullingStrike+1","floor":31},{"not_picked":["blademaster:Empower","blademaster:FlockOfBlades"],"picked":"blademaster:StanceMastery","floor":33},{"not_picked":["blademaster:Overcharge","blademaster:Flurry","blademaster:LeechingStrike+1"],"picked":"SKIP","floor":35},{"not_picked":["blademaster:DragonStrike+1","blademaster:Flurry+1","blademaster:Breeze+1"],"picked":"SKIP","floor":37},{"not_picked":["blademaster:LightningCrash+1","blademaster:AwakeningDefend+1","blademaster:FuriousStrike+1"],"picked":"SKIP","floor":40},{"not_picked":["blademaster:AwakeningDefend+1","blademaster:Rupture+1","blademaster:Momentum+1"],"picked":"SKIP","floor":42},{"not_picked":["blademaster:Cut+1","blademaster:StanceMastery","blademaster:CombatPrep+1"],"picked":"SKIP","floor":44},{"not_picked":["blademaster:AspectOfWind+1","blademaster:Safeguard+1","blademaster:IcyWind+1"],"picked":"SKIP","floor":48}],"player_experience":228478,"relics_obtained":[{"floor":7,"key":"Bottled Flame"},{"floor":7,"key":"blademaster:StanceHealPerk"},{"floor":14,"key":"Molten Egg 2"},{"floor":14,"key":"blademaster:LightningChargePerk"},{"floor":23,"key":"Bag of Marbles"},{"floor":23,"key":"blademaster:BonusFuryPerk"},{"floor":25,"key":"testmod-LifeArmor"},{"floor":25,"key":"blademaster:ComboEveryTurnPerk"},{"floor":29,"key":"Quantum Egg"},{"floor":29,"key":"blademaster:StrongPerk"},{"floor":31,"key":"Omamori"},{"floor":31,"key":"blademaster:BleedingMoreDamagePerk"},{"floor":40,"key":"Bronze Scales"},{"floor":40,"key":"blademaster:BonusComboPerk"},{"floor":42,"key":"Oddly Smooth Stone"},{"floor":42,"key":"blademaster:RandomBladePerk"},{"floor":43,"key":"Replay:Rubber Ducky"}],"event_choices":[{"damage_healed":0,"gold_gain":0,"player_choice":"Bought 0 Potions","damage_taken":0,"max_hp_gain":0,"max_hp_loss":0,"event_name":"The Woman in Blue","floor":4,"gold_loss":0},{"damage_healed":0,"gold_gain":0,"player_choice":"Obtained Relic","damage_taken":0,"relics_obtained":["StrikeDummy"],"max_hp_gain":0,"max_hp_loss":0,"event_name":"Addict","floor":20,"gold_loss":85},{"damage_healed":0,"gold_gain":0,"cards_transformed":["blademaster:Blindside"],"player_choice":"Transformed","damage_taken":0,"max_hp_gain":0,"max_hp_loss":0,"event_name":"Transmorgrifier","floor":22,"gold_loss":0,"cards_obtained":["blademaster:DragonStrike"]},{"damage_healed":0,"gold_gain":0,"cards_transformed":["blademaster:DragonStrike"],"player_choice":"Transformed","damage_taken":0,"max_hp_gain":0,"max_hp_loss":0,"event_name":"Transmorgrifier","floor":36,"gold_loss":0,"cards_obtained":["blademaster:AirSlash"]}],"is_beta":false,"boss_relics":[{"not_picked":["testmod-GoldenSoul","Pandora\u0027s Box"],"picked":"testmod-Fanaticism"},{"not_picked":["Philosopher\u0027s Stone","testmod-Nine"],"picked":"testmod-TimeTraveler"}],"items_purged_floors":[19],"is_endless":false,"potions_floor_spawned":[5,14,16,18,21,25,33,37,40],"ascension_level":5}}