{"host":"kfzb6d1vwx0oeud7","time":1613441383,"event":{"mods":["BaseMod","Colored Map","Colored Powertips","Infinite Spire","Marisa????????","Minty Spire (QoL Compilation)","Remilia??????","StSLib","The Cursed","The Disciple","The Servant 0.9.4"],"gold_per_floor":[116,132,132,132,7,41,57,57,80,80,94,94,94,137,137,243,243,264,273,543,567,590,590,590,590],"floor_reached":24,"language":"ENG","playtime":2129,"items_purged":[],"score":229,"play_id":"c6d7fa2a-2241-4564-b65d-34a5acefe599","local_time":"20210215210943","is_ascension_mode":false,"campfire_choices":[{"floor":8,"key":"REST"},{"data":"LockedScales","floor":10,"key":"SMITH"},{"floor":12,"key":"REST"},{"data":"BeatsPerMinute","floor":15,"key":"SMITH"},{"data":"Accruing","floor":23,"key":"SMITH"}],"circlet_count":0,"master_deck":["Allargando+1","Vivace+1","Strike_Br+1","Strike_Br","Strike_Br","Strike_Br","Defend_Br","Defend_Br","Defend_Br","Defend_Br","SecondHand","PatternShift","PrimeTime","LockedBlood","LockedScales+1","WindUp","ReapSow+9","LockedThread","LockedMedicine","Engulf","BeatsPerMinute+1","RageCommand","WatchCommand","Gluttony_TH","Stagnate","Accruing+1"],"relics":["Chronometer","Art of War","Orichalcum?","Peace Pipe","Whetstone","Kunai","CeramicFish","Philosopher\u0027s Stone"],"acts_visited":["Exordium","TheCity"],"potions_floor_usage":[14,16,24],"damage_taken":[{"damage":1,"enemies":"Jaw Worm","floor":1,"turns":6},{"damage":1,"enemies":"2 Louse","floor":2,"turns":3},{"damage":25,"enemies":"Lagavulin","floor":6,"turns":7},{"damage":0,"enemies":"Small Slimes","floor":7,"turns":3},{"damage":9,"enemies":"Looter","floor":11,"turns":3},{"damage":19,"enemies":"Gremlin Nob","floor":14,"turns":5},{"damage":18,"enemies":"The Guardian","floor":16,"turns":12},{"damage":5,"enemies":"Spheric Guardian","floor":18,"turns":3},{"damage":14,"enemies":"3 Byrds","floor":21,"turns":4},{"damage":13,"enemies":"Snecko","floor":22,"turns":4},{"damage":28,"enemies":"Snake Plant","floor":24,"turns":2}],"seed_played":"-1850530089341715385","potions_obtained":[{"floor":6,"key":"SpeedPotion"},{"floor":7,"key":"Dexterity Potion"},{"floor":22,"key":"ColorlessPotion"}],"is_trial":false,"path_per_floor":["M","M","?","?","$","E","M","R","T","R","M","R","?","E","R","B",null,"M","?","?","M","M","R","M"],"character_chosen":"CHRONO_CLASS","items_purchased":["LockedScales","WindUp","ReapSow"],"campfire_rested":2,"item_purchase_floors":[5,5,5],"current_hp_per_floor":[70,69,51,51,51,32,32,53,53,53,48,69,69,54,54,42,71,66,81,54,40,27,27,0,0],"gold":590,"neow_bonus":"TEN_PERCENT_HP_BONUS","is_daily":false,"chose_seed":false,"campfire_upgraded":3,"win_rate":0.0,"timestamp":1613441383,"path_taken":["M","M","?","?","?","E","M","R","T","R","M","R","?","E","R","BOSS","M","?","?","?","M","R","M"],"items_purchased_type":["Card","Card","Card"],"build_version":"2020-12-22","purchased_purges":0,"victory":false,"max_hp_per_floor":[71,71,71,71,71,71,71,71,71,71,71,71,71,71,71,71,71,71,86,86,86,86,86,86,86],"card_choices":[{"not_picked":["Echoward","HandsUpB"],"picked":"PrimeTime","floor":1},{"not_picked":["Parity","Cuckoo"],"picked":"LockedBlood","floor":2},{"not_picked":["BackFourSeconds","WindUp"],"picked":"LockedThread","floor":6},{"not_picked":["Recurrance","BiteCommand"],"picked":"LockedMedicine","floor":7},{"not_picked":["Echoward","LockedTurtyl"],"picked":"Engulf","floor":11},{"not_picked":["DaylightSavings","ShortSighted"],"picked":"BeatsPerMinute","floor":14},{"not_picked":["Echonomics","Pendulum"],"picked":"RageCommand","floor":16},{"not_picked":["WakeUpCall","LockedThread+1"],"picked":"WatchCommand","floor":18},{"not_picked":["EscortCommand","WindUp"],"picked":"Stagnate","floor":21},{"not_picked":["HandsUpC","LockedOrichalcum"],"picked":"Accruing","floor":22}],"player_experience":429673,"relics_obtained":[{"floor":6,"key":"Peace Pipe"},{"floor":9,"key":"Whetstone"},{"floor":13,"key":"Kunai"},{"floor":14,"key":"CeramicFish"}],"event_choices":[{"damage_healed":0,"gold_gain":0,"player_choice":"Success","damage_taken":18,"relics_obtained":["Art of War"],"max_hp_gain":0,"max_hp_loss":0,"event_name":"Scrap Ooze","floor":3,"gold_loss":0},{"damage_healed":0,"gold_gain":270,"player_choice":"GOLD GOLD GOLD ","damage_taken":27,"max_hp_gain":0,"max_hp_loss":0,"event_name":"Knowing Skull","floor":20,"potions_obtained":[],"gold_loss":0,"cards_obtained":[]}],"is_beta":false,"boss_relics":[{"not_picked":["Empty Cage","Tiny House"],"picked":"Philosopher\u0027s Stone"}],"items_purged_floors":[],"is_endless":false,"potions_floor_spawned":[6,7,22],"killed_by":"Snake Plant","ascension_level":0}}