{"host":"95i1gxnztdrdyvhi","time":1613438067,"event":{"mods":["AchievementEnabler","Act Like it!","BaseMod","Minty Spire (QoL Compilation)","Quick Restart","Shapeshifter Mod","StSLib"],"gold_per_floor":[110,130,145,145,145,175,175,194,219,319,91,91,111,150,150,262,321,340,340,340],"floor_reached":19,"language":"ENG","playtime":1099,"items_purged":["StSShapeShifter:ShapeShifter_Strike"],"score":202,"play_id":"ad2414bc-3311-4b8c-8405-b40ef792384c","local_time":"20210216011427","is_ascension_mode":false,"campfire_choices":[{"data":"StSShapeShifter:MysticalSeed","floor":7,"key":"SMITH"},{"data":"StSShapeShifter:WolfForm","floor":15,"key":"SMITH"}],"circlet_count":0,"master_deck":["StSShapeShifter:ShapeShifter_Strike","StSShapeShifter:ShapeShifter_Strike","StSShapeShifter:ShapeShifter_Strike","StSShapeShifter:ShapeShifter_Defend","StSShapeShifter:ShapeShifter_Defend","StSShapeShifter:ShapeShifter_Defend","StSShapeShifter:ShapeShifter_Defend","StSShapeShifter:ShapeShifter_Defend","StSShapeShifter:Tortoise_Form","StSShapeShifter:Lynx_Form","StSShapeShifter:MysticalSeed+1","StSShapeShifter:MonkeyForm+1","StSShapeShifter:OakBlade","StSShapeShifter:BladeOfGrass","StSShapeShifter:WolfForm+1","StSShapeShifter:BarkSkin","StSShapeShifter:WiltingWrath","StSShapeShifter:LionForm","StSShapeShifter:WolfForm","StSShapeShifter:Pounce","StSShapeShifter:Garden","StSShapeShifter:OakBlade+1"],"relics":["StSShapeShifter:AnimalHeart","StSShapeShifter:TheShapeShiftersMagnolia","Strawberry","MealTicket","Omamori","CeramicFish","Tiny House"],"acts_visited":["Exordium","TheCity"],"potions_floor_usage":[14],"damage_taken":[{"damage":6,"enemies":"Jaw Worm","floor":1,"turns":2},{"damage":0,"enemies":"2 Louse","floor":2,"turns":3},{"damage":0,"enemies":"Cultist","floor":3,"turns":3},{"damage":22,"enemies":"Gremlin Nob","floor":6,"turns":4},{"damage":2,"enemies":"3 Louse","floor":8,"turns":4},{"damage":23,"enemies":"Gremlin Gang","floor":13,"turns":8},{"damage":18,"enemies":"3 Sentries","floor":14,"turns":5},{"damage":33,"enemies":"The Guardian","floor":16,"turns":13},{"damage":38,"enemies":"2 Thieves","floor":18,"turns":4},{"damage":20,"enemies":"3 Byrds","floor":19,"turns":4}],"seed_played":"-7205248707147048509","potions_obtained":[{"floor":2,"key":"BlessingOfTheForge"},{"floor":3,"key":"SkillPotion"},{"floor":13,"key":"CultistPotion"},{"floor":16,"key":"Ancient Potion"}],"is_trial":false,"path_per_floor":["M","M","M","?","?","E","R","M","T","?","$","?","M","E","R","B",null,"M","M"],"character_chosen":"SHAPESHIFTER","items_purchased":["Omamori"],"campfire_rested":0,"item_purchase_floors":[11],"current_hp_per_floor":[72,72,72,72,72,57,57,69,69,61,76,76,57,49,49,38,90,68,66,66],"gold":340,"neow_bonus":"ONE_RANDOM_RARE_CARD","is_daily":false,"chose_seed":false,"campfire_upgraded":2,"win_rate":0.0,"timestamp":1613438067,"path_taken":["M","M","M","?","?","E","R","M","T","?","$","?","M","E","R","BOSS","M","M"],"items_purchased_type":["Relic"],"build_version":"2020-12-22","purchased_purges":1,"victory":false,"max_hp_per_floor":[78,78,78,78,78,85,85,85,85,85,85,85,85,85,85,85,90,90,90,90],"card_choices":[{"not_picked":["StSShapeShifter:SunflowerShuriken","StSShapeShifter:Sapling"],"picked":"StSShapeShifter:MonkeyForm","floor":1},{"not_picked":["StSShapeShifter:ThornToss","StSShapeShifter:DeerForm"],"picked":"StSShapeShifter:OakBlade","floor":2},{"not_picked":["StSShapeShifter:ThornedSkin","StSShapeShifter:Roar"],"picked":"StSShapeShifter:BladeOfGrass","floor":3},{"not_picked":["StSShapeShifter:BloomingSlash","StSShapeShifter:FallingLeaves"],"picked":"StSShapeShifter:WolfForm","floor":6},{"not_picked":["StSShapeShifter:Garden","StSShapeShifter:HummingbirdForm"],"picked":"StSShapeShifter:BarkSkin","floor":8},{"not_picked":["StSShapeShifter:SunflowerShuriken","StSShapeShifter:Maul"],"picked":"StSShapeShifter:LionForm","floor":13},{"not_picked":["StSShapeShifter:Maul","StSShapeShifter:CursedApple"],"picked":"StSShapeShifter:WolfForm","floor":14},{"not_picked":["StSShapeShifter:MysticalSeed","StSShapeShifter:DragonForm"],"picked":"StSShapeShifter:Pounce","floor":16},{"not_picked":["StSShapeShifter:RockSlide","StSShapeShifter:ShiftingStrike"],"picked":"StSShapeShifter:Garden","floor":17},{"not_picked":["StSShapeShifter:BearForm","StSShapeShifter:Bonk+1"],"picked":"StSShapeShifter:OakBlade+1","floor":18}],"player_experience":623014,"relics_obtained":[{"floor":6,"key":"Strawberry"},{"floor":9,"key":"MealTicket"},{"floor":14,"key":"CeramicFish"}],"event_choices":[{"damage_healed":0,"gold_gain":0,"player_choice":"Ignored","damage_taken":0,"max_hp_gain":0,"max_hp_loss":0,"event_name":"Liars Game","floor":4,"gold_loss":0},{"cards_removed":["StSShapeShifter:ShapeShifter_Strike"],"damage_healed":0,"gold_gain":0,"player_choice":"Forget","damage_taken":0,"max_hp_gain":0,"max_hp_loss":0,"event_name":"Living Wall","floor":5,"gold_loss":0},{"damage_healed":0,"gold_gain":0,"player_choice":"1 cards matched","damage_taken":0,"max_hp_gain":0,"max_hp_loss":0,"event_name":"Match and Keep!","floor":12,"gold_loss":0,"cards_obtained":["StSShapeShifter:WiltingWrath"]},{"damage_healed":0,"gold_gain":0,"player_choice":"1 cards matched","damage_taken":0,"max_hp_gain":0,"max_hp_loss":0,"event_name":"Match and Keep!","floor":12,"gold_loss":0,"cards_obtained":["StSShapeShifter:WiltingWrath"]}],"is_beta":false,"boss_relics":[{"not_picked":["Cursed Key","Pandora\u0027s Box"],"picked":"Tiny House"}],"items_purged_floors":[11],"is_endless":false,"potions_floor_spawned":[2,3,8,13,16,18],"killed_by":"3 Byrds","ascension_level":0}}