{"host":"iml8x8es9od4zowg","time":1613467226,"event":{"mods":["2.2 Compatiblity","BaseMod","Minty Spire (QoL Compilation)","StSLib","Td1madao Mod","The Bug Knight","The Jungle","¡¼?Úª?ø«¡½REMEMod"],"gold_per_floor":[409,409,409,409,65,100,100,134,134,170,289,289,323,434,434,560,560,576,851,874,175,175,216,216,252,252,293,317,317,94,128,128,128,128],"floor_reached":33,"language":"KOR","playtime":1979,"items_purged":["Injury","Regret","HollowMod:HowlingWraiths"],"score":614,"play_id":"5248dd19-2447-48aa-a4b3-0089087411e6","local_time":"20210216182026","daily_mods":["Draft","Colorless Cards","Heirloom","Flight","DeadlyEvents","Elite Swarm"],"is_ascension_mode":true,"campfire_choices":[{"data":"Apotheosis","floor":7,"key":"SMITH"},{"floor":12,"key":"RECALL"},{"data":"Enlightenment","floor":15,"key":"SMITH"},{"data":"HollowMod:HerrahsAnger","floor":24,"key":"SMITH"},{"data":"REME_HeartOfCthun","floor":29,"key":"SMITH"},{"floor":32,"key":"REST"}],"circlet_count":0,"master_deck":["HollowMod:CloakDash","Good Instincts","HollowMod:HeavyBlow","HollowMod:PureNailStrike","HollowMod:SharpenedNail","HollowMod:ChannelNail","HollowMod:SiblingsSouls","Good Instincts","Madness","HollowMod:DoubleDash","HollowMod:VengefulSpirit","Madness","HollowMod:HeavyBlow","Enlightenment+1","Apotheosis+1","REME_BodyOfCthun","REME_Flogging+1","REME_WheelOfFate","HollowMod:SlysStrikes+1","REME_HeartOfCthun+1","HollowMod:HerrahsAnger+1","Panache+1","REME_EyeOfCthun","HollowMod:CloakDash","Flash of Steel","HollowMod:SlysStrikes+1"],"relics":["HollowMod:KingsSoulRelic","REME_ComplimentaryCards","Old Coin","Golden Idol","Boot","Frozen Egg 2","Anchor","Incense Burner","HollowMod:MillibellesNoteRelic","Tiny Chest","Singing Bowl","Strawberry","Toy Ornithopter","Turnip","Ice Cream","Happy Flower","REME_HandOfSuture","PreservedInsect","White Beast Statue","Bag of Marbles","Akabeko","Thread and Needle"],"acts_visited":["Exordium","TheCity"],"potions_floor_usage":[13,23,23,25,31,33],"damage_taken":[{"damage":0,"enemies":"Jaw Worm","floor":1,"turns":2},{"damage":19,"enemies":"Gremlin Nob","floor":6,"turns":5},{"damage":0,"enemies":"HollowMod:MossKnight","floor":8,"turns":7},{"damage":0,"enemies":"Lagavulin","floor":10,"turns":5},{"damage":0,"enemies":"HollowMod:MossKnight","floor":11,"turns":3},{"damage":0,"enemies":"3 Sentries","floor":13,"turns":2},{"damage":0,"enemies":"Gremlin Nob","floor":14,"turns":3},{"damage":16,"enemies":"Slime Boss","floor":16,"turns":4},{"damage":5,"enemies":"3 Byrds","floor":18,"turns":3},{"damage":60,"enemies":"Slavers","floor":23,"turns":4},{"damage":8,"enemies":"Gremlin Leader","floor":25,"turns":3},{"damage":5,"enemies":"HollowMod:Nosk","floor":27,"turns":4},{"damage":4,"enemies":"2 Thieves","floor":28,"turns":2},{"damage":0,"enemies":"REME_1_Revenger","floor":31,"turns":1},{"damage":82,"enemies":"HollowMod:NKGrimm","floor":33,"turns":4}],"seed_played":"-7554162760546036851","potions_obtained":[{"floor":8,"key":"Regen Potion"},{"floor":10,"key":"Weak Potion"},{"floor":13,"key":"EssenceOfSteel"},{"floor":16,"key":"SkillPotion"},{"floor":23,"key":"Strength Potion"},{"floor":27,"key":"DuplicationPotion"},{"floor":28,"key":"Swift Potion"},{"floor":31,"key":"Block Potion"}],"is_trial":true,"path_per_floor":["M","?","?","?","$","E","R","E","T","E","E","R","E","E","R","B",null,"M","?","T","$","?","E","R","E","T","E","M","R","$","E","R","B"],"character_chosen":"THE_BUGKNIGHT","items_purchased":["FairyPotion","REME_BodyOfCthun","Turnip","Ice Cream","Flash of Steel"],"campfire_rested":1,"item_purchase_floors":[5,5,21,21,30],"current_hp_per_floor":[75,75,75,68,68,49,49,49,49,49,49,49,56,65,65,61,86,83,83,83,83,83,28,28,25,25,20,16,16,16,21,47,0,0],"gold":128,"neow_bonus":"","is_daily":false,"chose_seed":false,"campfire_upgraded":4,"win_rate":0.0,"timestamp":1613467226,"path_taken":["M","?","?","?","$","E","R","E","T","E","E","R","?","?","R","BOSS","M","?","?","$","?","E","R","E","T","E","?","R","$","E","R","BOSS"],"items_purchased_type":["Potion","Card","Relic","Relic","Card"],"build_version":"2020-12-22","purchased_purges":3,"victory":false,"max_hp_per_floor":[75,75,75,75,75,75,75,75,75,75,75,75,77,86,86,86,86,88,88,88,88,88,88,88,88,88,88,88,88,88,88,88,88,88],"card_choices":[{"not_picked":["HollowMod:VengefulVoid","HollowMod:WraithStrike"],"picked":"HollowMod:CloakDash","floor":0},{"not_picked":["HollowMod:AbyssShriek","HollowMod:SoulSplash"],"picked":"Good Instincts","floor":0},{"not_picked":["HollowMod:GoodIntentions","HollowMod:VengefulVoid"],"picked":"HollowMod:HowlingWraiths","floor":0},{"not_picked":["REME_MagicPocketWatch","HollowMod:DoubleDash"],"picked":"HollowMod:HeavyBlow","floor":0},{"not_picked":["HollowMod:HowlingWraiths","HollowMod:InfectedCysts"],"picked":"HollowMod:PureNailStrike","floor":0},{"not_picked":["HollowMod:InfectedCysts","HollowMod:WraithStrike"],"picked":"HollowMod:SharpenedNail","floor":0},{"not_picked":["HollowMod:DescendingDark","HollowMod:TaintedHusks"],"picked":"HollowMod:ChannelNail","floor":0},{"not_picked":["HollowMod:BrokenVessel","HollowMod:SoulSplash"],"picked":"HollowMod:SiblingsSouls","floor":0},{"not_picked":["HollowMod:DescendingDark","HollowMod:BaldurShell"],"picked":"Good Instincts","floor":0},{"not_picked":["HollowMod:SoulSplash","HollowMod:WraithStrike"],"picked":"Madness","floor":0},{"not_picked":["HollowMod:InfectedCysts","HollowMod:DescendingDark"],"picked":"HollowMod:DoubleDash","floor":0},{"not_picked":["HollowMod:CornifersMapStart","HollowMod:HowlingWraiths"],"picked":"HollowMod:VengefulSpirit","floor":0},{"not_picked":["Bandage Up","HollowMod:MantisMark"],"picked":"Madness","floor":0},{"not_picked":["HollowMod:SoulStrike","HollowMod:WraithStrike"],"picked":"HollowMod:HeavyBlow","floor":0},{"not_picked":["HollowMod:SiblingsShadow","HollowMod:InfectedCysts"],"picked":"Enlightenment","floor":0},{"not_picked":["REME_TwoStrings","HollowMod:DoubleDash","HollowMod:BrokenVessel"],"picked":"SKIP","floor":1},{"not_picked":["REME_AllRoundStrike","HollowMod:ElderbugsWisdom+1","HollowMod:NewInfectedGuardian"],"picked":"SKIP","floor":6},{"not_picked":["Magnetism+1","REME_AllRoundStrike"],"picked":"REME_Flogging+1","floor":8},{"not_picked":["HollowMod:WhiteLadysBlessing+1","HollowMod:Hiveblood"],"picked":"REME_WheelOfFate","floor":10},{"not_picked":["HollowMod:HornetsHelp","HollowMod:LordofShades+1"],"picked":"HollowMod:SlysStrikes+1","floor":11},{"not_picked":["Secret Weapon","HollowMod:VoidDash","HollowMod:PureVessel+1"],"picked":"Singing Bowl","floor":13},{"not_picked":["REME_BodyOfCthun","Transmutation","HollowMod:ZotesMagnificence"],"picked":"Singing Bowl","floor":14},{"not_picked":["Violence","HollowMod:ElderbugsWisdom+1"],"picked":"REME_HeartOfCthun","floor":16},{"not_picked":["HollowMod:TaintedHusks+1","HollowMod:CycloneSlash","HollowMod:ShapeofUnn+1"],"picked":"Singing Bowl","floor":18},{"not_picked":["HollowMod:PaleKingsBlessing","HollowMod:AwokenDreamNail"],"picked":"HollowMod:HerrahsAnger","floor":23},{"not_picked":["The Bomb","REME_HeartOfCthun"],"picked":"Panache+1","floor":25},{"not_picked":["HollowMod:LordofShades+1","HollowMod:VoidDash"],"picked":"REME_EyeOfCthun","floor":27},{"not_picked":["HollowMod:InfectedCysts+1","HollowMod:SoulSplash"],"picked":"HollowMod:CloakDash","floor":28},{"not_picked":["REME_AllRoundStrike","HollowMod:ZotesMagnificence"],"picked":"HollowMod:SlysStrikes+1","floor":31}],"player_experience":598700,"relics_obtained":[{"floor":6,"key":"Frozen Egg 2"},{"floor":8,"key":"Anchor"},{"floor":9,"key":"Incense Burner"},{"floor":10,"key":"HollowMod:MillibellesNoteRelic"},{"floor":11,"key":"Tiny Chest"},{"floor":13,"key":"Singing Bowl"},{"floor":14,"key":"Strawberry"},{"floor":23,"key":"REME_HandOfSuture"},{"floor":25,"key":"PreservedInsect"},{"floor":26,"key":"White Beast Statue"},{"floor":27,"key":"Akabeko"},{"floor":31,"key":"Thread and Needle"}],"event_choices":[{"damage_healed":0,"gold_gain":0,"player_choice":"Take Wound","damage_taken":0,"relics_obtained":["Golden Idol"],"max_hp_gain":0,"max_hp_loss":0,"event_name":"Golden Idol","floor":2,"gold_loss":0,"cards_obtained":["Injury"]},{"damage_healed":0,"gold_gain":0,"player_choice":"Box","damage_taken":0,"relics_obtained":["Boot"],"max_hp_gain":0,"max_hp_loss":0,"event_name":"Big Fish","floor":3,"gold_loss":0,"cards_obtained":["Regret"]},{"cards_removed":["Regret"],"damage_healed":0,"gold_gain":0,"player_choice":"Card Removal","damage_taken":7,"max_hp_gain":0,"max_hp_loss":0,"event_name":"Golden Wing","floor":4,"gold_loss":0},{"damage_healed":0,"gold_gain":275,"player_choice":"Desecrate","damage_taken":0,"max_hp_gain":0,"max_hp_loss":0,"event_name":"Golden Shrine","floor":19,"gold_loss":0,"cards_obtained":["Regret"]},{"damage_healed":0,"gold_gain":0,"player_choice":"Ignored","damage_taken":0,"max_hp_gain":0,"max_hp_loss":0,"event_name":"Ghosts","floor":22,"gold_loss":0}],"is_beta":false,"boss_relics":[{"not_picked":["Coffee Dripper","Tiny House"],"picked":"HollowMod:KingsSoulRelic"}],"items_purged_floors":[5,21,30],"is_endless":false,"potions_floor_spawned":[8,10,13,14,16,23,27,28,31],"killed_by":"HollowMod:NKGrimm","ascension_level":1}}