{"host":"2lo6hma6kymb0g9i","time":1613467412,"event":{"mods":["BaseMod","Colored Map","DeckTracker","Minty Spire (QoL Compilation)"],"gold_per_floor":[111,111,111,111,122,122,122,448,473,473,507,518,6,19,19,92,92,57,73,73,73],"floor_reached":20,"language":"JPN","playtime":1038,"items_purged":["Strike_R"],"score":414,"play_id":"ae8e8c7f-1293-4f5d-bc92-be16a5a4a8a2","local_time":"20210216182332","is_ascension_mode":true,"campfire_choices":[{"data":"Infernal Blade","floor":6.0,"key":"SMITH"},{"data":"Infernal Blade","floor":10.0,"key":"SMITH"},{"data":"True Grit","floor":15.0,"key":"SMITH"}],"circlet_count":0,"master_deck":["AscendersBane","Strike_R+1","Strike_R","Strike_R","Defend_R+1","Defend_R","Defend_R","Defend_R","Bash","Infernal Blade+1","Infernal Blade+1","Second Wind","True Grit+1","Impervious","Disarm","Corruption","Shrug It Off"],"relics":["Black Blood","NeowsBlessing","Potion Belt","Old Coin","Anchor","Ornamental Fan","White Beast Statue","Red Skull"],"acts_visited":["Exordium","TheCity"],"potions_floor_usage":[16,16,20,20],"damage_taken":[{"damage":0.0,"enemies":"Small Slimes","floor":1.0,"turns":1.0},{"damage":0.0,"enemies":"Cultist","floor":5.0,"turns":1.0},{"damage":0.0,"enemies":"Gremlin Nob","floor":8.0,"turns":1.0},{"damage":4.0,"enemies":"3 Sentries","floor":11.0,"turns":8.0},{"damage":9.0,"enemies":"Jaw Worm","floor":12.0,"turns":5.0},{"damage":3.0,"enemies":"Blue Slaver","floor":14.0,"turns":2.0},{"damage":68,"enemies":"Slime Boss","floor":16,"turns":17},{"damage":18,"enemies":"2 Thieves","floor":18,"turns":5},{"damage":32,"enemies":"Chosen","floor":19,"turns":9},{"damage":38,"enemies":"Shelled Parasite and Fungi","floor":20,"turns":13}],"seed_played":"3662410971478401289","potions_obtained":[{"floor":1.0,"key":"ElixirPotion"},{"floor":8.0,"key":"AttackPotion"},{"floor":11.0,"key":"BloodPotion"},{"floor":14.0,"key":"FairyPotion"},{"floor":16,"key":"Swift Potion"},{"floor":18,"key":"Energy Potion"},{"floor":19,"key":"BlessingOfTheForge"}],"is_trial":false,"path_per_floor":["M","?","?","?","M","R","?","E","T","R","E","M","$","M","R","B",null,"M","M","M"],"character_chosen":"IRONCLAD","items_purchased":["White Beast Statue","Red Skull"],"campfire_rested":0,"item_purchase_floors":[13,13],"current_hp_per_floor":[74,63,40,40,46,46,39,45,45,45,47,44,44,47,47,28,63,57,37,0,0],"gold":73,"neow_bonus":"THREE_ENEMY_KILL","is_daily":false,"chose_seed":false,"campfire_upgraded":3,"win_rate":0.0,"timestamp":1613467412,"path_taken":["M","?","?","?","?","R","?","E","T","R","E","M","$","M","R","BOSS","M","M","M"],"items_purchased_type":["Relic","Relic"],"build_version":"2020-12-22","purchased_purges":1,"victory":false,"max_hp_per_floor":[75,75,75,75,75,75,75,75,75,75,75,75,75,75,75,75,75,75,75,75,75],"card_choices":[{"not_picked":["Blood for Blood","Seeing Red"],"picked":"Infernal Blade","floor":1.0},{"not_picked":["True Grit","Power Through"],"picked":"Second Wind","floor":5.0},{"not_picked":["Intimidate","Iron Wave"],"picked":"True Grit","floor":8.0},{"not_picked":["Juggernaut","Flex"],"picked":"Impervious","floor":11.0},{"not_picked":["Clash","Inflame","Infernal Blade"],"picked":"SKIP","floor":12.0},{"not_picked":["Havoc","Pommel Strike"],"picked":"Disarm","floor":14.0},{"not_picked":["Juggernaut","Feed"],"picked":"Corruption","floor":16},{"not_picked":["Havoc","Wild Strike","Perfected Strike"],"picked":"SKIP","floor":18},{"not_picked":["Anger","Havoc"],"picked":"Shrug It Off","floor":19}],"player_experience":1212937,"relics_obtained":[{"floor":8.0,"key":"Old Coin"},{"floor":9.0,"key":"Anchor"},{"floor":11.0,"key":"Ornamental Fan"}],"event_choices":[{"damage_healed":0.0,"max_hp_gain":0.0,"max_hp_loss":0.0,"gold_gain":0.0,"event_name":"Scrap Ooze","player_choice":"Success","floor":2.0,"gold_loss":0.0,"damage_taken":11.0,"relics_obtained":["Potion Belt"]},{"damage_healed":0.0,"max_hp_gain":0.0,"max_hp_loss":0.0,"gold_gain":0.0,"event_name":"Shining Light","player_choice":"Entered Light","floor":3.0,"gold_loss":0.0,"damage_taken":23.0,"cards_upgraded":["Strike_R","Defend_R"]},{"damage_healed":0.0,"max_hp_gain":0.0,"max_hp_loss":0.0,"gold_gain":0.0,"event_name":"Match and Keep!","player_choice":"1 cards matched","floor":4.0,"gold_loss":0.0,"damage_taken":0.0,"cards_obtained":["Infernal Blade"]},{"cards_removed":["Strike_R"],"damage_healed":0.0,"max_hp_gain":0.0,"max_hp_loss":0.0,"gold_gain":0.0,"event_name":"Golden Wing","player_choice":"Card Removal","floor":7.0,"gold_loss":0.0,"damage_taken":7.0}],"is_beta":false,"boss_relics":[{"not_picked":["Fusion Hammer","Sozu"],"picked":"Black Blood"}],"items_purged_floors":[13],"is_endless":false,"potions_floor_spawned":[1,8,11,14,16,18,19],"killed_by":"Shelled Parasite and Fungi","ascension_level":20}}