{"host":"za1qviwhp34x909e","time":1613458273,"event":{"mods":["Act Like it!","BaseMod","Colored Map","Colored Powertips","Downfall","Highlight Path","Hubris","Koishi","Marisa????????","Minty Spire (QoL Compilation)","Quick Restart","Reimu??????","Replay The Spire","StSLib","The Servant 0.9.4"],"gold_per_floor":[119,119,66,341,356,356,367,398,424,454,473,473,38,38,38,118,118,118,118,114,114,134,134,134,134],"floor_reached":24,"language":"ENG","playtime":1525,"items_purged":["Koishi:BasicStrike"],"score":229,"play_id":"f5c37963-5963-4683-b9da-d6f27c472f7d","local_time":"20210216005113","is_ascension_mode":false,"campfire_choices":[{"data":"Koishi:GhostParty","floor":6,"key":"SMITH"},{"data":"Koishi:FidgetySnatcher","floor":15,"key":"SMITH"},{"data":"Koishi:Possession","floor":23,"key":"SMITH"}],"circlet_count":0,"master_deck":["Koishi:Provoke","Koishi:HauntingSlash","Koishi:GhostParty+1","Koishi:PerfectMindControl","Koishi:BramblyRoseGarden","Koishi:CatchAndRose","Koishi:FourthEye","Koishi:RuptureMind","Koishi:SpiritedAway","Koishi:CatchAndRose","Koishi:ReflexRadar","Koishi:FidgetySnatcher+1","Koishi:Possession+1","Koishi:RoseHell","Koishi:JumpScare","Koishi:PhantomStrike","Koishi:ConfinedInnocent","Koishi:RoseHell","Koishi:EmbersOfLove"],"relics":["Koishi:ImaginaryFriend","ReplayTheSpireMod:Ring of Addiction","Toy Ornithopter","Potion Belt","Ring of Hypnosis","Blue Doll","Boot","Replay:Bottled Snecko","Singing Bowl","YidongShenshe:ReiMu","Replay:Grab Bag","Coffee Dripper","ReplayTheSpireMod:DimensionalGlitch","Pandora\u0027s Box","hubris:Towel","Frozen Eye"],"acts_visited":["Exordium","TheCity"],"potions_floor_usage":[7,8,8,11,16,24],"damage_taken":[{"damage":0,"enemies":"2 Louse","floor":1,"turns":4},{"damage":8,"enemies":"Jaw Worm","floor":5,"turns":9},{"damage":3,"enemies":"Cultist","floor":7,"turns":6},{"damage":9,"enemies":"Gremlin Nob","floor":8,"turns":8},{"damage":4,"enemies":"Lagavulin","floor":10,"turns":10},{"damage":6,"enemies":"3 Louse","floor":11,"turns":4},{"damage":18,"enemies":"Hexaghost","floor":16,"turns":10},{"damage":12,"enemies":"Chosen","floor":18,"turns":6},{"damage":20,"enemies":"3 Byrds","floor":20,"turns":4},{"damage":9,"enemies":"Snake Plant","floor":22,"turns":5},{"damage":31,"enemies":"Book of Stabbing","floor":24,"turns":4}],"seed_played":"-8927745216119266415","potions_obtained":[{"floor":1,"key":"LiquidBronze"},{"floor":2,"key":"ZuzhouPotion:ReiMu"},{"floor":2,"key":"Dexterity Potion"},{"floor":2,"key":"PowerPotion"},{"floor":5,"key":"Energy Potion"},{"floor":8,"key":"SpeedPotion"},{"floor":22,"key":"Energy Potion"}],"is_trial":false,"path_per_floor":["M","?","$","?","M","R","M","E","T","E","M","?","$","?","R","B",null,"M","?","M","?","M","R","E"],"character_chosen":"KOISHI","items_purchased":["Koishi:CatchAndRose","Koishi:FidgetySnatcher","Singing Bowl","Koishi:Possession"],"campfire_rested":0,"item_purchase_floors":[3,13,13,13],"current_hp_per_floor":[42,42,42,42,37,37,40,45,45,45,45,38,38,38,38,27,56,49,49,32,32,27,27,0,0],"gold":134,"neow_bonus":"TRANSFORM_TWO_CARDS","is_daily":false,"chose_seed":false,"campfire_upgraded":3,"win_rate":0.0,"timestamp":1613458273,"path_taken":["M","?","$","?","M","R","M","E","T","E","?","?","$","?","R","BOSS","M","?","M","?","M","R","E"],"items_purchased_type":["Card","Card","Relic","Card"],"build_version":"2020-12-22","purchased_purges":1,"victory":false,"max_hp_per_floor":[60,60,60,60,60,58,58,58,58,58,58,58,58,58,56,56,56,58,58,58,58,60,58,58,58],"card_choices":[{"not_picked":["Koishi:RacingHeart","Koishi:UnseenTerror"],"picked":"Koishi:BramblyRoseGarden","floor":1},{"not_picked":["Koishi:IdleWhim","Koishi:ParalyzingFear"],"picked":"Koishi:FourthEye","floor":5},{"not_picked":["Koishi:ReflexRadar","Koishi:UnansweredLove"],"picked":"Koishi:RuptureMind","floor":7},{"not_picked":["Koishi:UnconsciousUprising","Koishi:PhantomStrike"],"picked":"Koishi:SpiritedAway","floor":8},{"not_picked":["Koishi:Bloodlust","Koishi:DanmakuParanoia"],"picked":"Koishi:CatchAndRose","floor":10},{"not_picked":["Koishi:UnseenTerror","Koishi:LastRemote"],"picked":"Koishi:ReflexRadar","floor":11},{"not_picked":["Koishi:Heartbroken","Koishi:ImGoingToCallYouNow"],"picked":"Koishi:RoseHell","floor":16},{"not_picked":["Koishi:UnansweredLove+1","Koishi:SubconsciousSweep","Koishi:JumpScare"],"picked":"Singing Bowl","floor":18},{"not_picked":["Koishi:ParalyzingFear","Koishi:CatchAndRose","Koishi:SprinkleStarAndHeart"],"picked":"Singing Bowl","floor":20},{"not_picked":["Koishi:PhantomBarrier","Koishi:HeartfeltFancy","Koishi:Prune"],"picked":"Singing Bowl","floor":22}],"player_experience":737972,"relics_obtained":[{"floor":2,"key":"ReplayTheSpireMod:Ring of Addiction"},{"floor":2,"key":"Toy Ornithopter"},{"floor":2,"key":"Potion Belt"},{"floor":2,"key":"Ring of Hypnosis"},{"floor":8,"key":"Blue Doll"},{"floor":9,"key":"Boot"},{"floor":10,"key":"Replay:Bottled Snecko"}],"event_choices":[{"damage_healed":0,"gold_gain":275,"player_choice":"Desecrate","damage_taken":0,"max_hp_gain":0,"max_hp_loss":0,"event_name":"Golden Shrine","floor":4,"gold_loss":0,"cards_obtained":["Regret"]},{"cards_removed":["Regret"],"damage_healed":0,"gold_gain":0,"player_choice":"Card Removal","damage_taken":7,"max_hp_gain":0,"max_hp_loss":0,"event_name":"Golden Wing","floor":12,"gold_loss":0},{"damage_healed":0,"gold_gain":0,"player_choice":"Take Tiny Shrine away","damage_taken":0,"relics_obtained":["YidongShenshe:ReiMu"],"max_hp_gain":0,"max_hp_loss":0,"event_name":"yidonshenshe","floor":14,"gold_loss":0,"cards_obtained":["Poor:ReiMu"]},{"cards_removed":["Poor:ReiMu"],"damage_healed":0,"gold_gain":0,"player_choice":"Removed Curses","damage_taken":0,"max_hp_gain":0,"max_hp_loss":0,"event_name":"Fountain of Cleansing","floor":21,"gold_loss":0}],"is_beta":false,"boss_relics":[{"not_picked":["hubris:Backtick","Runic Dome"],"picked":"Replay:Grab Bag"},{"not_picked":["hubris:CrackedHourglass","Replay:Bronze Core"],"picked":"Coffee Dripper"},{"not_picked":["Sozu","Velvet Choker"],"picked":"ReplayTheSpireMod:DimensionalGlitch"},{"not_picked":["Black Star","SacredBark"],"picked":"Pandora\u0027s Box"}],"items_purged_floors":[13],"is_endless":false,"potions_floor_spawned":[1,5,8,22],"killed_by":"Book of Stabbing","ascension_level":0}}