{"host":"imuivj26agbrliq2","time":1613458220,"event":{"mods":["AchievementEnabler","Act Like it!","Aspiration","BaseMod","Colored Map","Colored Powertips","Dota2Spire","Duelist Mod","Friendly Minions","Gensokyo","GifTheSpireLib","Hallownest","Hermit","Highlight Path","KinomotoSakuraMod(木之本樱)","Koishi","Lobotomy","LobotomyExtend","Marisa（F雨　魔理沙）","Minty Spire (QoL Compilation)","Quick Restart","Rare Cards Sparkle","Relic Stats","Remilia（蕾米莉亚）","Replay The Spire","RumiaBox-露米娅的神秘盒子","Spicy Shops","StSLib","The Administrix","The Animator","The Blackbeard","The Bug Knight","The Cursed","The Hierophant","The Mystic","The Poker Player","The Runesmith","The Servant 0.9.4","Yakumo Yukari mod","Youmu（魂魄妖梦）","Yuyuko","【功能Mod】混沌之环修复补丁","【功能Mod】聪明的最终Boss"],"gold_per_floor":[116,127,137,137,15,15,15,15,15,25,39,37,57,76,76,76,76],"floor_reached":16,"language":"ZHS","playtime":1662,"items_purged":["ClowCardTheShield","Voices"],"score":94,"play_id":"ba7feff9-ba5e-4da3-b03f-fbbc6ec75ec2","local_time":"20210216145020","is_ascension_mode":false,"campfire_choices":[{"floor":6,"key":"REST"},{"data":"SpellCardSeal","floor":8,"key":"SMITH"},{"data":"ClowCardTheWood","floor":15,"key":"SMITH"}],"circlet_count":0,"master_deck":["ClowCardTheSword+1","ClowCardTheSword","ClowCardTheSword","ClowCardTheShield","ClowCardTheShield","ClowCardTheShield","SpellCardSeal+1","SpellCardRelease","ClowCardTheSilent","ClowCardTheSleep","ClowCardTheMist","ClowCardTheDream","ClowCardTheDark","ClowCardTheWood+1","ClowCardTheEarthy","ClowCardTheEarthy","ClowCardTheErase","ClowCardTheGlow"],"relics":["KSMOD_SealedBook","KSMOD_SealedWand","LetterFromLob","Divine Protection","ReplayTheSpireMod:CursedCoin"],"acts_visited":["Exordium"],"potions_floor_usage":[1,10,16,16,16],"damage_taken":[{"damage":1,"enemies":"Cultist","floor":1,"turns":4},{"damage":5,"enemies":"2 Louse","floor":2,"turns":2},{"damage":0,"enemies":"Jaw Worm","floor":3,"turns":6},{"damage":2,"enemies":"Exordium Wildlife","floor":10,"turns":3},{"damage":10,"enemies":"Looter","floor":11,"turns":5},{"damage":0,"enemies":"Large Slime","floor":13,"turns":7},{"damage":0,"enemies":"Blue Slaver","floor":14,"turns":3},{"damage":71,"enemies":"Fading Forest","floor":16,"turns":10}],"seed_played":"170239584834518780","potions_obtained":[{"floor":1,"key":"EntropicBrew"},{"floor":10,"key":"EssenceOfSteel"},{"floor":14,"key":"BlessingOfTheForge"}],"is_trial":false,"path_per_floor":["M","M","M","?","$","R","E","R","T","M","M","$","M","M","R","B"],"character_chosen":"KINOMOTOSAKURA","items_purchased":["ClowCardTheDream","ReplayTheSpireMod:CursedCoin","ClowCardTheEarthy"],"campfire_rested":1,"item_purchase_floors":[5,12,12],"current_hp_per_floor":[69,64,64,64,64,70,70,70,70,68,58,58,58,58,58,0,0],"gold":76,"neow_bonus":"UPGRADE_CARD","is_daily":false,"chose_seed":false,"campfire_upgraded":2,"win_rate":0.0,"timestamp":1613458220,"path_taken":["M","?","?","?","?","R","E","R","T","M","M","?","M","M","R","BOSS"],"items_purchased_type":["Card","Relic","Card"],"build_version":"2020-12-22","purchased_purges":2,"victory":false,"max_hp_per_floor":[70,70,70,70,70,70,70,70,70,70,70,70,70,70,70,70,70],"relic_stats":{"counters":[8,40],"obtain_stats":[{"Divine Protection":9,"KSMOD_SealedBook":0,"ReplayTheSpireMod:CursedCoin":12,"KSMOD_SealedWand":0,"LetterFromLob":1},{"Divine Protection":3,"KSMOD_SealedBook":0,"ReplayTheSpireMod:CursedCoin":5,"KSMOD_SealedWand":0,"LetterFromLob":1},{"Divine Protection":12,"KSMOD_SealedBook":0,"ReplayTheSpireMod:CursedCoin":20,"KSMOD_SealedWand":0,"LetterFromLob":4}]},"card_choices":[{"not_picked":["ClowCardTheMaze","ClowCardThePower"],"picked":"ClowCardTheSilent","floor":1},{"not_picked":["ClowCardTheGlow","ClowCardTheShot"],"picked":"ClowCardTheSleep","floor":2},{"not_picked":["ClowCardTheMaze","ClowCardThePower"],"picked":"ClowCardTheMist","floor":3},{"not_picked":["ClowCardTheJump","ClowCardTheFirey"],"picked":"ClowCardTheDark","floor":10},{"not_picked":["ClowCardTheLock","ClowCardTheShot"],"picked":"ClowCardTheWood","floor":11},{"not_picked":["ClowCardTheMaze","ClowCardTheSilent"],"picked":"ClowCardTheErase","floor":13},{"not_picked":["ClowCardTheSand","ClowCardTheLock"],"picked":"ClowCardTheGlow","floor":14}],"player_experience":73021,"relics_obtained":[{"floor":1,"key":"LetterFromLob"},{"floor":9,"key":"Divine Protection"}],"event_choices":[],"is_beta":false,"boss_relics":[],"items_purged_floors":[5,12],"is_endless":false,"potions_floor_spawned":[1,10,14],"killed_by":"Fading Forest","ascension_level":0}}