{"host":"neeznpvpgo0qgfkd","time":1613461205,"event":{"mods":["AchievementEnabler","BaseMod","BetterRewards","Colored Map","Colored Powertips","Exacting","Minty Spire (QoL Compilation)","Permanent Neow","Quick Restart","Shop Mod"],"gold_per_floor":[111,111,111,125,75,126,126,170,193,193,226,264,339,372,372,521,521,539,558,558,352,381,414,432,451,451,498,541,541,93,93,93,223,223,270,603,603,626,651,686,686,721,721,757,757,797,806,382,382,382,382,382,56,99,99,99],"floor_reached":55,"language":"ENG","playtime":2589,"items_purged":["Injury","Regret"],"score":1396,"play_id":"af5995b2-6403-4442-bb4b-2e980bb3fa90","local_time":"20210216024005","is_ascension_mode":true,"campfire_choices":[{"data":"Apotheosis","floor":7.0,"key":"SMITH"},{"floor":10.0,"key":"REST"},{"floor":15.0,"key":"RECALL"},{"floor":32.0,"key":"REST"},{"data":"Limit Break","floor":41.0,"key":"SMITH"},{"floor":45.0,"key":"DIG"},{"floor":49.0,"key":"DIG"},{"floor":52,"key":"DIG"}],"circlet_count":0,"master_deck":["Strike_R","Strike_R","Strike_R","Strike_R","Strike_R","Defend_R","Defend_R","Defend_R","Defend_R","Bash","Rupture","Apotheosis+1","Iron Wave","Cleave","Dropkick","Reaper","Demon Form","Flex+1","Seeing Red+1","Pain","Rupture","Trip","Sword Boomerang","Twin Strike+1","Bloodletting","Limit Break+1","Iron Wave+1","Flex+1","Inflame","Flex+1","Armaments+1","Evolve+1","Shrug It Off+1","Panacea+1","Finesse+1","Violence+1","Disarm+1"],"relics":["Burning Blood","Lantern","Gremlin Horn","Unceasing Top","ClockworkSouvenir","Oddly Smooth Stone","Smiling Mask","Paper Frog","Vajra","Akabeko","Tiny Chest","Shuriken","WarpedTongs","Eternal Feather","White Beast Statue","CeramicFish","Ancient Tea Set","Blood Vial","HandDrill","MutagenicStrength","Black Star","Meat on the Bone","Question Card","Toxic Egg 2","Shovel","Juzu Bracelet","Ornamental Fan","Mercury Hourglass","Mummified Hand","Kunai","Anchor","Bottled Flame","MerchantsRug","Nunchaku","Self Forming Clay","Thread and Needle","Bottled Lightning","Happy Flower","Bronze Scales","Charon\u0027s Ashes"],"acts_visited":["Exordium","TheCity","TheBeyond","TheEnding"],"potions_floor_usage":[50,50,50,55],"damage_taken":[{"damage":2.0,"enemies":"2 Louse","floor":1.0,"turns":3.0},{"damage":2.0,"enemies":"Jaw Worm","floor":4.0,"turns":4.0},{"damage":31.0,"enemies":"Lagavulin","floor":6.0,"turns":5.0},{"damage":27.0,"enemies":"3 Sentries","floor":8.0,"turns":4.0},{"damage":1.0,"enemies":"Cultist","floor":11.0,"turns":3.0},{"damage":36.0,"enemies":"Lagavulin","floor":12.0,"turns":7.0},{"damage":4.0,"enemies":"3 Sentries","floor":14.0,"turns":3.0},{"damage":40.0,"enemies":"Slime Boss","floor":16.0,"turns":6.0},{"damage":0.0,"enemies":"Spheric Guardian","floor":18.0,"turns":4.0},{"damage":33.0,"enemies":"2 Thieves","floor":19.0,"turns":5.0},{"damage":19.0,"enemies":"Shelled Parasite and Fungi","floor":22.0,"turns":3.0},{"damage":43.0,"enemies":"Book of Stabbing","floor":23.0,"turns":4.0},{"damage":28.0,"enemies":"Snake Plant","floor":24.0,"turns":3.0},{"damage":6.0,"enemies":"Chosen and Byrds","floor":25.0,"turns":4.0},{"damage":25.0,"enemies":"Slavers","floor":28.0,"turns":4.0},{"damage":9.0,"enemies":"Champ","floor":33.0,"turns":5.0},{"damage":0.0,"enemies":"3 Shapes","floor":35.0,"turns":2.0},{"damage":10.0,"enemies":"3 Darklings","floor":38.0,"turns":3.0},{"damage":33.0,"enemies":"Sphere and 2 Shapes","floor":39.0,"turns":4.0},{"damage":41.0,"enemies":"Reptomancer","floor":40.0,"turns":4.0},{"damage":61.0,"enemies":"Nemesis","floor":42.0,"turns":5.0},{"damage":19.0,"enemies":"Giant Head","floor":44.0,"turns":5.0},{"damage":74.0,"enemies":"Reptomancer","floor":46.0,"turns":5.0},{"damage":81,"enemies":"Donu and Deca","floor":50,"turns":7},{"damage":10,"enemies":"Shield and Spear","floor":54,"turns":2},{"damage":91,"enemies":"The Heart","floor":55,"turns":5}],"seed_played":"6538930561430575437","potions_obtained":[{"floor":6.0,"key":"EntropicBrew"},{"floor":11.0,"key":"SpeedPotion"},{"floor":14.0,"key":"Explosive Potion"},{"floor":19.0,"key":"DuplicationPotion"},{"floor":22.0,"key":"LiquidBronze"},{"floor":28.0,"key":"ElixirPotion"},{"floor":33.0,"key":"Ancient Potion"},{"floor":35.0,"key":"Fruit Juice"},{"floor":38.0,"key":"LiquidMemories"},{"floor":39.0,"key":"LiquidMemories"},{"floor":40.0,"key":"ElixirPotion"},{"floor":42.0,"key":"AttackPotion"},{"floor":44.0,"key":"ColorlessPotion"},{"floor":46.0,"key":"BloodPotion"},{"floor":54,"key":"EssenceOfSteel"}],"is_trial":false,"path_per_floor":["M","?","?","M","$","E","R","E","T","R","M","E","?","E","R","B",null,"M","M","?","$","M","E","M","M","T","T","E","?","$","?","R","B",null,"M","?","T","M","M","E","R","E","T","E","R","E","?","$","R","B",null,"R","$","E","B"],"character_chosen":"IRONCLAD","items_purchased":["Lantern","Gremlin Horn","Rupture","ClockworkSouvenir","Apotheosis","Oddly Smooth Stone","Rupture","Trip","Blood Vial","HandDrill","Fruit Juice","Block Potion","MerchantsRug","Nunchaku","Self Forming Clay","Finesse+1","Violence+1","Happy Flower"],"campfire_rested":2,"item_purchase_floors":[0,0,0,0,0,0,21,21,30,30,30,30,48,48,48,48,53,53],"current_hp_per_floor":[76,76,76,80,80,55,55,34,34,58,63,40,32,80,80,62,76,80,54,54,54,41,63,41,54,54,54,35,35,40,40,80,79,84,90,90,90,86,61,64,82,41,41,66,84,57,57,57,78,61,83,90,90,90,0,0],"gold":99,"neow_bonus":"","is_daily":false,"chose_seed":false,"campfire_upgraded":2,"win_rate":0.0,"timestamp":1613461205,"path_taken":["M","?","?","M","$","E","R","E","T","R","M","E","?","E","R","BOSS","M","M","?","$","?","E","?","M","T","?","E","?","$","?","R","BOSS","M","?","?","M","M","E","R","E","T","E","R","E","?","$","R","BOSS","R","$","E","BOSS"],"items_purchased_type":["Relic","Relic","Card","Relic","Card","Relic","Card","Card","Relic","Relic","Potion","Potion","Relic","Relic","Relic","Card","Card","Relic"],"build_version":"2020-12-22","purchased_purges":2,"victory":false,"max_hp_per_floor":[80,80,80,80,80,80,80,80,80,80,80,80,80,80,80,80,80,80,80,80,80,80,80,80,80,80,80,80,80,85,85,85,85,85,90,90,90,90,90,90,90,90,90,90,90,90,90,90,90,90,90,90,90,90,90,90],"card_choices":[{"not_picked":["Evolve","Clothesline"],"picked":"Iron Wave","floor":1.0},{"not_picked":["Havoc","Anger"],"picked":"Cleave","floor":4.0},{"not_picked":["Feel No Pain","Armaments"],"picked":"Dropkick","floor":6.0},{"not_picked":["Evolve","Ghostly Armor"],"picked":"Reaper","floor":8.0},{"not_picked":["Feel No Pain","Warcry","Clothesline"],"picked":"SKIP","floor":11.0},{"not_picked":["Armaments","Pommel Strike","Bludgeon"],"picked":"SKIP","floor":12.0},{"not_picked":["Sever Soul","Clash","Rage"],"picked":"SKIP","floor":14.0},{"not_picked":["Impervious","Reaper"],"picked":"Demon Form","floor":16.0},{"not_picked":["Hemokinesis","Blood for Blood+1"],"picked":"Flex+1","floor":18.0},{"not_picked":["Body Slam","Blood for Blood"],"picked":"Seeing Red+1","floor":19.0},{"not_picked":["Cleave","Wild Strike"],"picked":"Sword Boomerang","floor":22.0},{"not_picked":["Burning Pact","Wild Strike","Juggernaut"],"picked":"SKIP","floor":23.0},{"not_picked":["Perfected Strike","True Grit"],"picked":"Twin Strike+1","floor":24.0},{"not_picked":["Combust+1","Wild Strike+1","Intimidate"],"picked":"SKIP","floor":25.0},{"not_picked":["Pommel Strike+1","Anger"],"picked":"Bloodletting","floor":28.0},{"not_picked":["Reaper","Juggernaut"],"picked":"Limit Break","floor":33.0},{"not_picked":["Sever Soul","Burning Pact+1"],"picked":"Iron Wave+1","floor":35.0},{"not_picked":["Armaments+1","Hemokinesis+1"],"picked":"Flex+1","floor":38.0},{"not_picked":["Armaments","Dark Embrace"],"picked":"Inflame","floor":39.0},{"not_picked":["Clash","Wild Strike"],"picked":"Flex+1","floor":40.0},{"not_picked":["Blood for Blood","True Grit+1","Clash"],"picked":"Armaments+1","floor":42.0},{"not_picked":["Armaments+1","Barricade","Body Slam+1"],"picked":"Evolve+1","floor":44.0},{"not_picked":["Wild Strike+1","Infernal Blade+1","True Grit+1"],"picked":"Shrug It Off+1","floor":46.0},{"not_picked":["Enlightenment+1","HandOfGreed","Apotheosis+1"],"picked":"Panacea+1","floor":47.0},{"not_picked":["Spot Weakness+1","Sever Soul","Heavy Blade"],"picked":"Disarm+1","floor":54}],"player_experience":1417654,"relics_obtained":[{"floor":6.0,"key":"Paper Frog"},{"floor":8.0,"key":"Vajra"},{"floor":12.0,"key":"Akabeko"},{"floor":14.0,"key":"Tiny Chest"},{"floor":16.0,"key":"Shuriken"},{"floor":23.0,"key":"Eternal Feather"},{"floor":26.0,"key":"White Beast Statue"},{"floor":27.0,"key":"CeramicFish"},{"floor":28.0,"key":"Ancient Tea Set"},{"floor":37.0,"key":"Meat on the Bone"},{"floor":40.0,"key":"Question Card"},{"floor":40.0,"key":"Toxic Egg 2"},{"floor":42.0,"key":"Shovel"},{"floor":42.0,"key":"Juzu Bracelet"},{"floor":43.0,"key":"Ornamental Fan"},{"floor":44.0,"key":"Mercury Hourglass"},{"floor":44.0,"key":"Mummified Hand"},{"floor":45.0,"key":"Kunai"},{"floor":46.0,"key":"Anchor"},{"floor":46.0,"key":"Bottled Flame"},{"floor":49.0,"key":"Thread and Needle"},{"floor":52,"key":"Bottled Lightning"},{"floor":54,"key":"Bronze Scales"},{"floor":54,"key":"Charon\u0027s Ashes"}],"event_choices":[{"damage_healed":0.0,"max_hp_gain":0.0,"max_hp_loss":0.0,"gold_gain":0.0,"event_name":"Golden Idol","player_choice":"Take Wound","floor":2.0,"gold_loss":0.0,"damage_taken":0.0,"relics_obtained":["Golden Idol"],"cards_obtained":["Injury"]},{"damage_healed":0.0,"max_hp_gain":0.0,"max_hp_loss":0.0,"gold_gain":0.0,"event_name":"Big Fish","player_choice":"Box","floor":3.0,"gold_loss":0.0,"damage_taken":0.0,"relics_obtained":["Smiling Mask"],"cards_obtained":["Regret"]},{"damage_healed":0.0,"max_hp_gain":0.0,"max_hp_loss":0.0,"gold_gain":75.0,"event_name":"FaceTrader","player_choice":"Touch","floor":13.0,"gold_loss":0.0,"damage_taken":8.0},{"damage_healed":0.0,"max_hp_gain":0.0,"max_hp_loss":0.0,"gold_gain":0.0,"event_name":"Accursed Blacksmith","player_choice":"Rummage","floor":20.0,"gold_loss":0.0,"damage_taken":0.0,"relics_obtained":["WarpedTongs"],"cards_obtained":["Pain"]},{"damage_healed":0.0,"max_hp_gain":0.0,"max_hp_loss":0.0,"gold_gain":0.0,"event_name":"Vampires","player_choice":"Ignored","floor":29.0,"gold_loss":0.0,"damage_taken":0.0},{"damage_healed":0.0,"max_hp_gain":0.0,"max_hp_loss":0.0,"gold_gain":0.0,"event_name":"Drug Dealer","player_choice":"Inject Mutagens","floor":31.0,"gold_loss":0.0,"damage_taken":0.0,"relics_obtained":["MutagenicStrength"]},{"damage_healed":0.0,"max_hp_gain":0.0,"max_hp_loss":0.0,"gold_gain":333.0,"event_name":"The Moai Head","player_choice":"Gave Idol","floor":36.0,"relics_lost":["Golden Idol"],"gold_loss":0.0,"damage_taken":0.0},{"damage_healed":0.0,"max_hp_gain":0.0,"max_hp_loss":0.0,"gold_gain":0.0,"event_name":"SensoryStone","player_choice":"Memory 1","floor":47.0,"gold_loss":0.0,"damage_taken":0.0}],"is_beta":false,"boss_relics":[{"not_picked":["Runic Dome","Pandora\u0027s Box"],"picked":"Velvet Choker"},{"not_picked":["SacredBark","SlaversCollar"],"picked":"Black Star"}],"items_purged_floors":[5,21],"is_endless":false,"potions_floor_spawned":[6,11,14,19,22,28,33,35,38,39,40,42,44,46,54],"killed_by":"The Heart","ascension_level":6}}