{"host":"7zq0fgva91iwgkd5","time":1613518433,"event":{"mods":["AchievementEnabler","BaseMod","Bestiary","Colored Map","Curses Come First","DeckTracker","Minty Spire (QoL Compilation)","Rare Cards Sparkle","StSLib","Unceasing Turn Reminder"],"gold_per_floor":[111,111,111,129,142,176,176,219,244,264,18,18,18],"floor_reached":12,"language":"ENG","playtime":321,"items_purged":[],"score":154,"play_id":"87c2b9ba-d59c-4d41-8b09-5324ab4f23ff","local_time":"20210217003353","is_ascension_mode":true,"campfire_choices":[{"floor":7,"key":"REST"}],"circlet_count":0,"master_deck":["AscendersBane","Strike_R","Strike_R","Strike_R","Strike_R","Strike_R","Defend_R","Defend_R","Defend_R","Defend_R","Bash","Shrug It Off","Ghostly Armor","Pommel Strike","Ghostly Armor","Bludgeon","Shrug It Off"],"relics":["Burning Blood","NeowsBlessing","Golden Idol","Toy Ornithopter","Oddly Smooth Stone","Smiling Mask","Pantograph"],"acts_visited":["Exordium"],"potions_floor_usage":[5,8,12],"damage_taken":[{"damage":0,"enemies":"Small Slimes","floor":1,"turns":1},{"damage":0,"enemies":"2 Louse","floor":4,"turns":1},{"damage":0,"enemies":"Jaw Worm","floor":5,"turns":1},{"damage":45,"enemies":"3 Sentries","floor":6,"turns":11},{"damage":17,"enemies":"Gremlin Nob","floor":8,"turns":4},{"damage":21,"enemies":"Lots of Slimes","floor":10,"turns":7},{"damage":42,"enemies":"Lagavulin","floor":12,"turns":7}],"seed_played":"-2502449308258141986","potions_obtained":[{"floor":4,"key":"LiquidMemories"},{"floor":5,"key":"Fruit Juice"},{"floor":6,"key":"DuplicationPotion"}],"is_trial":false,"path_per_floor":["M","?","?","M","M","E","R","E","T","M","$","E"],"character_chosen":"IRONCLAD","items_purchased":["Pantograph"],"campfire_rested":1,"item_purchase_floors":[11],"current_hp_per_floor":[74,74,68,68,73,34,55,49,49,34,34,0,0],"gold":18,"neow_bonus":"THREE_ENEMY_KILL","is_daily":false,"chose_seed":false,"campfire_upgraded":0,"win_rate":0.0,"timestamp":1613518433,"path_taken":["M","?","?","?","M","E","R","E","T","?","?","E"],"items_purchased_type":["Relic"],"build_version":"2020-12-22","purchased_purges":0,"victory":false,"max_hp_per_floor":[75,75,68,68,73,73,73,73,73,73,73,73,73],"card_choices":[{"not_picked":["Thunderclap","Combust"],"picked":"Shrug It Off","floor":1},{"not_picked":["Searing Blow","Headbutt"],"picked":"Ghostly Armor","floor":4},{"not_picked":["Heavy Blade","Havoc"],"picked":"Pommel Strike","floor":5},{"not_picked":["Headbutt","Blood for Blood"],"picked":"Ghostly Armor","floor":6},{"not_picked":["Uppercut","Havoc"],"picked":"Bludgeon","floor":8},{"not_picked":["Body Slam","Havoc"],"picked":"Shrug It Off","floor":10}],"player_experience":169272,"relics_obtained":[{"floor":6,"key":"Toy Ornithopter"},{"floor":8,"key":"Oddly Smooth Stone"},{"floor":9,"key":"Smiling Mask"}],"event_choices":[{"damage_healed":0,"gold_gain":0,"player_choice":"Leave","damage_taken":0,"max_hp_gain":0,"max_hp_loss":0,"event_name":"The Cleric","floor":2,"gold_loss":0},{"damage_healed":0,"gold_gain":0,"player_choice":"Lose Max HP","damage_taken":0,"relics_obtained":["Golden Idol"],"max_hp_gain":0,"max_hp_loss":7,"event_name":"Golden Idol","floor":3,"gold_loss":0}],"is_beta":false,"boss_relics":[],"items_purged_floors":[],"is_endless":false,"potions_floor_spawned":[4,5,6],"killed_by":"Lagavulin","ascension_level":15}}