{"host":"6r762osam2bvfm66","time":1613441025,"event":{"mods":["BaseMod","Bestiary","Colored Map","Highlight Path","Minty Spire (QoL Compilation)","Relic Stats"],"gold_per_floor":[111,111,136,10,29,60,60,91,140,179,179,193,218,118,118,248,248,272,272,272,290,306,306,337,349,361,407,443,455,483,522,534,667,679,711,739,364,364,364,364,403,166,166,166,0,36,59,79,79,79],"floor_reached":51,"language":"ENG","playtime":3308,"items_purged":["Strike_P","Strike_P","Strike_P","Defend_P"],"score":1123,"play_id":"cc3850b5-1a4a-4501-96dc-6801f36488e4","local_time":"20210215200345","is_ascension_mode":true,"campfire_choices":[{"data":"SandsOfTime","floor":7,"key":"SMITH"},{"data":"Vigilance","floor":11,"key":"SMITH"},{"data":"Eruption","floor":15,"key":"SMITH"},{"data":"WheelKick","floor":23,"key":"SMITH"},{"data":"Vengeance","floor":25,"key":"SMITH"},{"data":"Adaptation","floor":29,"key":"SMITH"},{"floor":32,"key":"REST"},{"data":"Tantrum","floor":40,"key":"SMITH"},{"data":"Indignation","floor":49,"key":"SMITH"}],"circlet_count":0,"master_deck":["Strike_P+1","Defend_P","Defend_P+1","Defend_P+1","Eruption+1","Vigilance+1","EmptyFist","SandsOfTime+1","CutThroughFate","WheelKick+1","Vengeance+1","EmptyMind","BowlingBash+1","LessonLearned+1","Protect+1","Adaptation+1","Indignation+1","FearNoEvil","Vault","Tantrum+1","Adaptation+1","CrushJoints","EmptyBody+1","Protect+1"],"relics":["SacredBark","Golden Idol","Mercury Hourglass","Omamori","Tiny Chest","Lantern","Snecko Eye","MawBank","Mummified Hand","Smiling Mask","Strawberry","Calling Bell","Art of War","Blue Candle","Torii","Strange Spoon","Eternal Feather","Darkstone Periapt","Bottled Flame","Red Mask","Pear"],"acts_visited":["Exordium","TheCity","TheBeyond"],"potions_floor_usage":[6,8,16,18,20,22,27,33,33,41,47,50,50],"damage_taken":[{"damage":11,"enemies":"Cultist","floor":1,"turns":6},{"damage":5,"enemies":"Small Slimes","floor":3,"turns":5},{"damage":2,"enemies":"Jaw Worm","floor":5,"turns":3},{"damage":0,"enemies":"Gremlin Nob","floor":6,"turns":2},{"damage":7,"enemies":"3 Sentries","floor":8,"turns":3},{"damage":32,"enemies":"Gremlin Nob","floor":10,"turns":3},{"damage":0,"enemies":"Exordium Thugs","floor":12,"turns":2},{"damage":0,"enemies":"2 Fungi Beasts","floor":13,"turns":2},{"damage":3,"enemies":"Hexaghost","floor":16,"turns":7},{"damage":0,"enemies":"2 Thieves","floor":18,"turns":2},{"damage":11,"enemies":"Shell Parasite","floor":21,"turns":4},{"damage":0,"enemies":"3 Cultists","floor":22,"turns":2},{"damage":0,"enemies":"Gremlin Leader","floor":24,"turns":3},{"damage":4,"enemies":"Slavers","floor":27,"turns":2},{"damage":1,"enemies":"Sentry and Sphere","floor":28,"turns":3},{"damage":3,"enemies":"Centurion and Healer","floor":30,"turns":6},{"damage":0,"enemies":"Champ","floor":33,"turns":7},{"damage":0,"enemies":"3 Darklings","floor":35,"turns":3},{"damage":0,"enemies":"Orb Walker","floor":36,"turns":1},{"damage":21,"enemies":"Nemesis","floor":41,"turns":3},{"damage":0,"enemies":"Reptomancer","floor":46,"turns":3},{"damage":1,"enemies":"4 Shapes","floor":47,"turns":7},{"damage":0,"enemies":"Jaw Worm Horde","floor":48,"turns":4},{"damage":32,"enemies":"Awakened One","floor":50,"turns":11}],"seed_played":"-3501406950233085473","potions_obtained":[{"floor":3,"key":"BottledMiracle"},{"floor":5,"key":"BottledMiracle"},{"floor":12,"key":"Fire Potion"},{"floor":13,"key":"Block Potion"},{"floor":27,"key":"EssenceOfSteel"},{"floor":30,"key":"Energy Potion"},{"floor":33,"key":"Block Potion"}],"is_trial":false,"path_per_floor":["M","?","M","$","M","E","R","E","T","E","R","M","M","$","R","B",null,"M","?","?","M","M","R","E","R","T","E","M","R","M","T","R","B",null,"M","M","$","?","?","R","E","$","T","T","?","E","M","M","R","B",null],"character_chosen":"WATCHER","items_purchased":["SpeedPotion","Tantrum","Regen Potion","Energy Potion","Strange Spoon","Adaptation","Ambrosia","CrushJoints"],"campfire_rested":1,"item_purchase_floors":[4,37,37,37,37,42,42,42],"current_hp_per_floor":[61,61,56,56,54,54,54,47,47,15,15,15,15,15,15,12,53,53,53,44,33,33,33,33,33,33,29,28,28,25,32,57,57,77,77,77,77,67,67,67,46,46,46,46,46,56,89,89,90,58],"gold":79,"neow_bonus":"BOSS_RELIC","is_daily":false,"chose_seed":false,"campfire_upgraded":8,"win_rate":0.0,"timestamp":1613441025,"path_taken":["M","?","M","$","M","E","R","E","T","E","R","M","M","$","R","BOSS","M","?","?","?","M","R","E","R","T","E","M","R","M","?","R","BOSS","M","M","$","?","?","R","E","?","T","?","?","E","M","M","R","BOSS"],"items_purchased_type":["Potion","Card","Potion","Potion","Relic","Card","Potion","Card"],"build_version":"2020-12-22","purchased_purges":4,"victory":true,"max_hp_per_floor":[72,67,67,67,67,67,67,67,67,67,67,67,67,67,67,67,67,67,67,77,77,77,77,77,77,77,77,77,77,77,84,84,84,84,84,84,84,84,80,80,80,80,80,80,80,90,90,90,90,90],"relic_stats":{"Darkstone Periapt":0,"Torii":4,"counters":[24,94],"Golden Idol":175,"Blue Candle":[0],"Eternal Feather":1,"MawBank":156,"Smiling Mask":175,"Mercury Hourglass":[292],"Strange Spoon":[3],"Mummified Hand":[20],"Snecko Eye":[135,131,147,123],"Tiny Chest":2,"Art of War":[6],"obtain_stats":[{"Darkstone Periapt":43,"Lantern":10,"Pear":46,"Torii":34,"Golden Idol":2,"SacredBark":0,"Blue Candle":34,"Eternal Feather":41,"Omamori":8,"MawBank":24,"Smiling Mask":27,"Mercury Hourglass":6,"Calling Bell":34,"Strange Spoon":37,"Bottled Flame":44,"Mummified Hand":26,"Strawberry":31,"Snecko Eye":17,"Tiny Chest":9,"Art of War":34,"Red Mask":45,"PureWater":0},{"Darkstone Periapt":20,"Lantern":6,"Pear":21,"Torii":17,"Golden Idol":1,"SacredBark":0,"Blue Candle":17,"Eternal Feather":20,"Omamori":5,"MawBank":13,"Smiling Mask":14,"Mercury Hourglass":4,"Calling Bell":17,"Strange Spoon":19,"Bottled Flame":20,"Mummified Hand":13,"Strawberry":16,"Snecko Eye":9,"Tiny Chest":5,"Art of War":17,"Red Mask":20,"PureWater":0},{"Darkstone Periapt":69,"Lantern":22,"Pear":72,"Torii":62,"Golden Idol":6,"SacredBark":0,"Blue Candle":62,"Eternal Feather":69,"Omamori":19,"MawBank":44,"Smiling Mask":46,"Mercury Hourglass":16,"Calling Bell":62,"Strange Spoon":66,"Bottled Flame":69,"Mummified Hand":44,"Strawberry":55,"Snecko Eye":33,"Tiny Chest":19,"Art of War":62,"Red Mask":69,"PureWater":0}]},"card_choices":[{"not_picked":["Wireheading","ThirdEye"],"picked":"EmptyFist","floor":1},{"not_picked":["SashWhip","CrushJoints"],"picked":"SandsOfTime","floor":3},{"not_picked":["FlyingSleeves","WaveOfTheHand"],"picked":"CutThroughFate","floor":5},{"not_picked":["PathToVictory","Alpha","Fasting2"],"picked":"SKIP","floor":6},{"not_picked":["FlyingSleeves","Study"],"picked":"WheelKick","floor":8},{"not_picked":["FlurryOfBlows","WaveOfTheHand"],"picked":"Vengeance","floor":10},{"not_picked":["Fasting2","FollowUp"],"picked":"EmptyMind","floor":12},{"not_picked":["EmptyBody","Protect"],"picked":"BowlingBash","floor":13},{"not_picked":["DeusExMachina","Alpha"],"picked":"LessonLearned","floor":16},{"not_picked":["FlurryOfBlows","EmptyFist","ClearTheMind"],"picked":"SKIP","floor":18},{"not_picked":["Indignation","Consecrate"],"picked":"Protect+1","floor":21},{"not_picked":["Crescendo","Consecrate","Prostrate+1"],"picked":"SKIP","floor":22},{"not_picked":["FlyingSleeves","BowlingBash+1","EmptyBody"],"picked":"SKIP","floor":24},{"not_picked":["InnerPeace","FlurryOfBlows+1"],"picked":"Adaptation","floor":27},{"not_picked":["CutThroughFate","Prostrate"],"picked":"Indignation","floor":28},{"not_picked":["CutThroughFate","ThirdEye"],"picked":"FearNoEvil","floor":30},{"not_picked":["LessonLearned","DeusExMachina"],"picked":"Vault","floor":33},{"not_picked":["Halt","Consecrate","FlyingSleeves"],"picked":"SKIP","floor":35},{"not_picked":["BattleHymn","BowlingBash","ClearTheMind"],"picked":"SKIP","floor":36},{"not_picked":["ThirdEye+1","DeusExMachina","MentalFortress"],"picked":"SKIP","floor":41},{"not_picked":["FearNoEvil+1","Prostrate+1"],"picked":"EmptyBody+1","floor":46},{"not_picked":["Worship+1","DeceiveReality","ThirdEye+1"],"picked":"SKIP","floor":47},{"not_picked":["PathToVictory","Prostrate"],"picked":"Protect+1","floor":48}],"player_experience":101991,"relics_obtained":[{"floor":6,"key":"Mercury Hourglass"},{"floor":8,"key":"Omamori"},{"floor":9,"key":"Tiny Chest"},{"floor":10,"key":"Lantern"},{"floor":24,"key":"MawBank"},{"floor":26,"key":"Mummified Hand"},{"floor":27,"key":"Smiling Mask"},{"floor":31,"key":"Strawberry"},{"floor":34,"key":"Art of War"},{"floor":34,"key":"Blue Candle"},{"floor":34,"key":"Torii"},{"floor":41,"key":"Eternal Feather"},{"floor":43,"key":"Darkstone Periapt"},{"floor":44,"key":"Bottled Flame"},{"floor":46,"key":"Pear"}],"event_choices":[{"damage_healed":0,"gold_gain":0,"player_choice":"Lose Max HP","damage_taken":0,"relics_obtained":["Golden Idol"],"max_hp_gain":0,"max_hp_loss":5,"event_name":"Golden Idol","floor":2,"gold_loss":0},{"damage_healed":0,"gold_gain":0,"player_choice":"Ignored","damage_taken":0,"max_hp_gain":0,"max_hp_loss":0,"event_name":"Ghosts","floor":19,"gold_loss":0},{"damage_healed":0,"gold_gain":0,"player_choice":"POTION POTION ","damage_taken":19,"max_hp_gain":0,"max_hp_loss":0,"event_name":"Knowing Skull","floor":20,"potions_obtained":["Explosive Potion","Fruit Juice"],"gold_loss":0,"cards_obtained":[]},{"damage_healed":0,"gold_gain":0,"player_choice":"Memory 3","damage_taken":10,"max_hp_gain":0,"max_hp_loss":0,"event_name":"SensoryStone","floor":38,"gold_loss":0},{"damage_healed":0,"gold_gain":0,"player_choice":"Max HP","damage_taken":0,"max_hp_gain":0,"max_hp_loss":4,"event_name":"Winding Halls","floor":39,"gold_loss":0},{"damage_healed":0,"gold_gain":0,"player_choice":"Paid","damage_taken":0,"relics_obtained":["Red Mask"],"max_hp_gain":0,"max_hp_loss":0,"event_name":"Tomb of Lord Red Mask","floor":45,"gold_loss":166}],"is_beta":false,"boss_relics":[{"not_picked":["SlaversCollar","Empty Cage"],"picked":"Snecko Eye"},{"not_picked":["Astrolabe","Busted Crown"],"picked":"Calling Bell"}],"items_purged_floors":[4,14,37,42],"is_endless":false,"potions_floor_spawned":[3,5,12,13,27,30,33,46],"ascension_level":5}}