{"host":"07a2fkusd33ogvuu","time":1613501780,"event":{"mods":["BaseMod","Bestiary","Colored Powertips","Highlight Path","Minty Spire (QoL Compilation)","Relic Stats"],"gold_per_floor":[119,119,84,98,113,113,142,142,142,174,174,199,1,19,19,95,95,95,95,95,95,95,95,45,45,45,45,45,45,45,45,45,45,45,45,45,45,45,45,45,45,45,45,45,45,45,45,45,45,45,45,45],"floor_reached":51,"language":"ENG","playtime":10712,"items_purged":["Defend_B"],"score":1499,"play_id":"26a754a9-0241-4b62-b284-c72c13a7b742","local_time":"20210216185620","is_ascension_mode":true,"campfire_choices":[{"data":"Multi-Cast","floor":6.0,"key":"SMITH"},{"floor":11.0,"key":"REST"},{"data":"Rip and Tear","floor":15.0,"key":"SMITH"},{"data":"Chaos","floor":23.0,"key":"SMITH"},{"floor":30.0,"key":"REST"},{"data":"Barrage","floor":32.0,"key":"SMITH"},{"floor":40.0,"key":"REST"},{"floor":45.0,"key":"REST"},{"floor":47.0,"key":"RECALL"},{"floor":49.0,"key":"REST"}],"circlet_count":0,"master_deck":["AscendersBane","Strike_B","Strike_B","Strike_B","Defend_B","Defend_B","Defend_B","Zap","Dualcast","Multi-Cast+1","Coolheaded+1","Sunder+1","Capacitor","Conserve Battery","Conserve Battery","Glacier","Tempest","Rip and Tear+1","Auto Shields","Biased Cognition","Chill","Chaos+1","Ball Lightning","Echo Form","Beam Cell+1","Barrage+1","Ball Lightning","Coolheaded","Capacitor","Electrodynamics","Recycle","Decay","Go for the Eyes+1","Reinforced Body","Thunder Strike"],"relics":["FrozenCore","Pantograph","HornCleat","Cables","Blood Vial","Ectoplasm","Kunai","Centennial Puzzle","Ancient Tea Set","Torii"],"acts_visited":["Exordium","TheCity","TheBeyond"],"potions_floor_usage":[51],"damage_taken":[{"damage":15.0,"enemies":"Small Slimes","floor":1.0,"turns":3.0},{"damage":17.0,"enemies":"Jaw Worm","floor":4.0,"turns":4.0},{"damage":0.0,"enemies":"2 Louse","floor":5.0,"turns":2.0},{"damage":39.0,"enemies":"3 Sentries","floor":7.0,"turns":7.0},{"damage":0.0,"enemies":"Gremlin Nob","floor":10.0,"turns":3.0},{"damage":0.0,"enemies":"3 Sentries","floor":12.0,"turns":7.0},{"damage":0.0,"enemies":"Exordium Wildlife","floor":14.0,"turns":3.0},{"damage":22.0,"enemies":"Hexaghost","floor":16.0,"turns":14.0},{"damage":0.0,"enemies":"3 Byrds","floor":18.0,"turns":4.0},{"damage":5.0,"enemies":"Shell Parasite","floor":19.0,"turns":5.0},{"damage":4.0,"enemies":"Shelled Parasite and Fungi","floor":20.0,"turns":5.0},{"damage":2.0,"enemies":"Centurion and Healer","floor":21.0,"turns":6.0},{"damage":17.0,"enemies":"Book of Stabbing","floor":25.0,"turns":4.0},{"damage":0.0,"enemies":"Snecko","floor":27.0,"turns":4.0},{"damage":0.0,"enemies":"Sentry and Sphere","floor":28.0,"turns":3.0},{"damage":8.0,"enemies":"Gremlin Leader","floor":29.0,"turns":5.0},{"damage":0.0,"enemies":"Snake Plant","floor":31.0,"turns":3.0},{"damage":16.0,"enemies":"Champ","floor":33.0,"turns":7.0},{"damage":2.0,"enemies":"Orb Walker","floor":35.0,"turns":3.0},{"damage":5.0,"enemies":"3 Darklings","floor":37.0,"turns":5.0},{"damage":22.0,"enemies":"Sphere and 2 Shapes","floor":38.0,"turns":7.0},{"damage":10.0,"enemies":"Maw","floor":41.0,"turns":7.0},{"damage":40.0,"enemies":"Reptomancer","floor":42.0,"turns":6.0},{"damage":0.0,"enemies":"3 Darklings","floor":44.0,"turns":6.0},{"damage":36.0,"enemies":"Time Eater","floor":50.0,"turns":10.0},{"damage":56,"enemies":"Awakened One","floor":51,"turns":8}],"seed_played":"-6080738464868504212","potions_obtained":[{"floor":4.0,"key":"GamblersBrew"},{"floor":7.0,"key":"EssenceOfSteel"},{"floor":10.0,"key":"Fire Potion"},{"floor":12.0,"key":"Fire Potion"},{"floor":19.0,"key":"DistilledChaos"},{"floor":21.0,"key":"PowerPotion"},{"floor":25.0,"key":"Block Potion"},{"floor":28.0,"key":"FocusPotion"},{"floor":31.0,"key":"BlessingOfTheForge"},{"floor":33.0,"key":"Strength Potion"},{"floor":41.0,"key":"SneckoOil"},{"floor":44.0,"key":"Strength Potion"}],"is_trial":false,"path_per_floor":["M","?","?","M","M","R","E","?","T","E","R","E","$","M","R","B",null,"M","M","M","M","?","R","?","E","T","M","M","E","R","M","R","B",null,"M","?","M","M","?","R","M","E","T","M","R","?","R","?","R","B","B"],"character_chosen":"DEFECT","items_purchased":["Tempest","Rip and Tear"],"campfire_rested":5,"item_purchase_floors":[13,13],"current_hp_per_floor":[49,42,58,41,41,41,2,2,2,2,21,21,21,23,23,28,55,57,54,52,52,52,52,52,37,37,39,41,35,54,56,56,48,60,60,60,57,37,37,56,48,10,10,12,31,31,31,31,50,28,0,0],"gold":45,"neow_bonus":"THREE_RARE_CARDS","is_daily":false,"chose_seed":false,"campfire_upgraded":4,"win_rate":0.0,"timestamp":1613501780,"path_taken":["M","?","?","M","M","R","E","?","T","E","R","E","$","M","R","BOSS","M","M","M","M","?","R","?","E","T","M","M","E","R","?","R","BOSS","M","?","M","?","?","R","M","E","T","M","R","?","R","?","R","BOSS","BOSS"],"items_purchased_type":["Card","Card"],"build_version":"2020-12-22","purchased_purges":1,"victory":false,"max_hp_per_floor":[64,64,64,64,64,64,64,64,64,64,64,64,64,64,64,64,64,64,64,64,64,64,64,64,64,64,64,64,64,64,64,64,64,64,64,64,64,64,64,64,64,64,64,64,64,64,64,64,64,64,64,64],"relic_stats":{"Blood Vial":40,"Centennial Puzzle":[27],"Torii":4,"counters":[26,141],"Pantograph":68,"Ectoplasm":413,"Kunai":[13],"obtain_stats":[{"Blood Vial":12,"Centennial Puzzle":26,"HornCleat":9,"Torii":42,"Pantograph":7,"Ectoplasm":17,"Kunai":25,"Cracked Core":0,"Ancient Tea Set":29,"Cables":10,"FrozenCore":34},{"Blood Vial":6,"Centennial Puzzle":13,"HornCleat":4,"Torii":23,"Pantograph":4,"Ectoplasm":8,"Kunai":13,"Cracked Core":0,"Ancient Tea Set":16,"Cables":5,"FrozenCore":18},{"Blood Vial":26,"Centennial Puzzle":67,"HornCleat":16,"Torii":117,"Pantograph":16,"Ectoplasm":43,"Kunai":67,"Cracked Core":0,"Ancient Tea Set":79,"Cables":19,"FrozenCore":89}],"FrozenCore":[21],"Cables":[104,44,55,1,4]},"card_choices":[{"not_picked":["Seek","Amplify"],"picked":"Multi-Cast","floor":0.0},{"not_picked":["Beam Cell","Hologram"],"picked":"Coolheaded","floor":1.0},{"not_picked":["Gash","FTL"],"picked":"Sunder","floor":4.0},{"not_picked":["Turbo","Leap"],"picked":"Capacitor","floor":5.0},{"not_picked":["Double Energy","Melter"],"picked":"Conserve Battery","floor":7.0},{"not_picked":["Stack","Compile Driver"],"picked":"Conserve Battery","floor":10.0},{"not_picked":["Scrape","Thunder Strike"],"picked":"Glacier","floor":12.0},{"not_picked":["Recycle","Steam"],"picked":"Auto Shields","floor":14.0},{"not_picked":["Meteor Strike","Creative AI"],"picked":"Biased Cognition","floor":16.0},{"not_picked":["White Noise","Steam"],"picked":"Chill","floor":18.0},{"not_picked":["Leap","Conserve Battery"],"picked":"Chaos","floor":19.0},{"not_picked":["Beam Cell","Rebound"],"picked":"Ball Lightning","floor":20.0},{"not_picked":["Leap+1","Auto Shields"],"picked":"Echo Form","floor":21.0},{"not_picked":["Rebound","Meteor Strike"],"picked":"Beam Cell+1","floor":25.0},{"not_picked":["Conserve Battery","Cold Snap+1"],"picked":"Barrage","floor":27.0},{"not_picked":["Compile Driver","Beam Cell"],"picked":"Ball Lightning","floor":28.0},{"not_picked":["Heatsinks","Storm"],"picked":"Coolheaded","floor":29.0},{"not_picked":["Chill","Coolheaded"],"picked":"Capacitor","floor":31.0},{"not_picked":["Thunder Strike","Multi-Cast"],"picked":"Electrodynamics","floor":33.0},{"not_picked":["Beam Cell+1","Leap+1"],"picked":"Recycle","floor":35.0},{"not_picked":["BootSequence","Compile Driver"],"picked":"Go for the Eyes","floor":37.0},{"not_picked":["Fusion","Gash","Redo"],"picked":"SKIP","floor":38.0},{"not_picked":["Redo","Reprogram"],"picked":"Reinforced Body","floor":41.0},{"not_picked":["Chaos","Compile Driver+1"],"picked":"Thunder Strike","floor":42.0},{"not_picked":["Ball Lightning","Steam","Storm"],"picked":"SKIP","floor":44.0}],"player_experience":1233056,"relics_obtained":[{"floor":7.0,"key":"Pantograph"},{"floor":9.0,"key":"HornCleat"},{"floor":10.0,"key":"Cables"},{"floor":12.0,"key":"Blood Vial"},{"floor":25.0,"key":"Kunai"},{"floor":26.0,"key":"Centennial Puzzle"},{"floor":29.0,"key":"Ancient Tea Set"},{"floor":42.0,"key":"Torii"}],"event_choices":[{"cards_removed":["Strike_B"],"damage_healed":0.0,"max_hp_gain":0.0,"max_hp_loss":0.0,"gold_gain":0.0,"event_name":"Golden Wing","player_choice":"Card Removal","floor":2.0,"gold_loss":0.0,"damage_taken":7.0},{"damage_healed":16.0,"max_hp_gain":0.0,"max_hp_loss":0.0,"gold_gain":0.0,"event_name":"The Cleric","player_choice":"Healed","floor":3.0,"gold_loss":35.0,"damage_taken":0.0},{"damage_healed":0.0,"max_hp_gain":0.0,"max_hp_loss":0.0,"gold_gain":0.0,"event_name":"Living Wall","player_choice":"Grow","floor":8.0,"gold_loss":0.0,"damage_taken":0.0,"cards_upgraded":["Sunder"]},{"damage_healed":0.0,"max_hp_gain":0.0,"max_hp_loss":0.0,"gold_gain":0.0,"event_name":"Ghosts","player_choice":"Ignored","floor":22.0,"gold_loss":0.0,"damage_taken":0.0},{"damage_healed":0.0,"max_hp_gain":0.0,"max_hp_loss":0.0,"gold_gain":0.0,"event_name":"Designer","player_choice":"Upgrade","floor":24.0,"gold_loss":50.0,"damage_taken":0.0,"cards_upgraded":["Coolheaded"]},{"damage_healed":0.0,"max_hp_gain":0.0,"max_hp_loss":0.0,"gold_gain":0.0,"event_name":"Wheel of Change","player_choice":"Cursed","floor":36.0,"gold_loss":0.0,"damage_taken":0.0,"cards_obtained":["Decay"]},{"damage_healed":0.0,"max_hp_gain":0.0,"max_hp_loss":0.0,"gold_gain":0.0,"event_name":"Mysterious Sphere","player_choice":"Ignored","floor":39.0,"gold_loss":0.0,"damage_taken":0.0},{"damage_healed":0.0,"max_hp_gain":0.0,"max_hp_loss":0.0,"gold_gain":0.0,"event_name":"The Moai Head","player_choice":"Ignored","floor":46.0,"gold_loss":0.0,"damage_taken":0.0},{"damage_healed":0.0,"max_hp_gain":0.0,"max_hp_loss":0.0,"gold_gain":0.0,"event_name":"Upgrade Shrine","player_choice":"Upgraded","floor":48.0,"gold_loss":0.0,"damage_taken":0.0,"cards_upgraded":["Go for the Eyes"]}],"is_beta":false,"boss_relics":[{"not_picked":["SacredBark","Philosopher\u0027s Stone"],"picked":"Ectoplasm"},{"not_picked":["Tiny House","SlaversCollar"],"picked":"FrozenCore"}],"items_purged_floors":[13],"is_endless":false,"potions_floor_spawned":[4,7,10,12,19,21,25,28,31,33,41,44],"killed_by":"Awakened One","ascension_level":20}}