{"host":"956g3854xvs16zht","time":1613512382,"event":{"mods":["AlwaysNeverKeys","Ascension Reborn","Aspiration","BaseMod","BetterRewards","Colored Map","Colored Powertips","DeckTracker","Displayed Cursed Tome","Energized Spire","Evolution","Friendly Minions","Infinite Spire","Minty Spire (QoL Compilation)","Permanent Neow","Railgun Mod","Relic Filter","Relic Sorter","Shop Mod","Spicy Shops","StSLib"],"gold_per_floor":[109,124,199,94,105,105,105,105,152,179,179,211,62,93,93,93,93],"floor_reached":16,"language":"ENG","playtime":893,"items_purged":["Strike_B","Strike_B"],"score":116,"play_id":"dbf1e91f-2923-44b1-a9be-e52d78772c67","local_time":"20210216165302","is_ascension_mode":true,"campfire_choices":[{"data":"Self Repair","floor":6,"key":"SMITH"},{"floor":11,"key":"REST"},{"floor":15,"key":"REST"}],"circlet_count":0,"master_deck":["Barrage+1","Strike_B+1","Defend_B","Defend_B","Defend_B","Defend_B","Zap","Dualcast","Redo","Ball Lightning","Self Repair+1","Self Repair","White Noise","FTL","Ball Lightning","Ball Lightning"],"relics":["Cracked Core","EVO:Axolotl","MerchantsRug","Juzu Bracelet","Boot","Question Card","Vajra"],"acts_visited":["Exordium"],"potions_floor_usage":[],"damage_taken":[{"damage":0,"enemies":"Small Slimes","floor":1,"turns":4},{"damage":10,"enemies":"2 Louse","floor":2,"turns":3},{"damage":1,"enemies":"Jaw Worm","floor":5,"turns":3},{"damage":30,"enemies":"3 Sentries","floor":10,"turns":5},{"damage":31,"enemies":"Lagavulin","floor":12,"turns":5},{"damage":27,"enemies":"3 Sentries","floor":14,"turns":4},{"damage":57,"enemies":"The Guardian","floor":16,"turns":8}],"seed_played":"-8594104035021459022","potions_obtained":[{"floor":5,"key":"LiquidMemories"},{"floor":12,"key":"BlessingOfTheForge"},{"floor":14,"key":"PowerPotion"}],"is_trial":false,"path_per_floor":["M","M","?","$","M","R","?","?","T","E","R","E","$","E","R","B"],"character_chosen":"DEFECT","items_purchased":["MerchantsRug","Self Repair","Ball Lightning"],"campfire_rested":2,"item_purchase_floors":[4,4,13],"current_hp_per_floor":[75,65,54,54,60,60,60,48,48,35,57,43,43,33,55,0,0],"gold":93,"neow_bonus":"NOSTALGIA","is_daily":false,"chose_seed":false,"campfire_upgraded":1,"win_rate":0.0,"timestamp":1613512382,"path_taken":["M","M","?","$","M","R","?","?","T","E","R","E","?","E","R","BOSS"],"items_purchased_type":["Relic","Card","Card"],"build_version":"2020-12-22","purchased_purges":2,"victory":false,"max_hp_per_floor":[75,75,75,75,75,75,75,75,75,75,75,75,75,75,75,75,75],"card_choices":[{"not_picked":["Sweeping Beam","Rebound"],"picked":"Redo","floor":1},{"not_picked":["Loop","Stack"],"picked":"Ball Lightning","floor":2},{"not_picked":["Chaos","Go for the Eyes"],"picked":"Self Repair","floor":5},{"not_picked":["Consume","Hologram"],"picked":"White Noise","floor":10},{"not_picked":["Melter","Leap"],"picked":"FTL","floor":12},{"not_picked":["Gash","Rip and Tear","Melter"],"picked":"Ball Lightning","floor":14}],"player_experience":21149,"relics_obtained":[{"floor":9,"key":"Boot"},{"floor":10,"key":"Whetstone"},{"floor":12,"key":"Question Card"},{"floor":14,"key":"Vajra"}],"event_choices":[{"damage_healed":0,"gold_gain":75,"player_choice":"Gather Gold","damage_taken":11,"max_hp_gain":0,"max_hp_loss":0,"event_name":"World of Goop","floor":3,"gold_loss":0},{"damage_healed":0,"gold_gain":0,"player_choice":"Ignored","damage_taken":0,"max_hp_gain":0,"max_hp_loss":0,"event_name":"Golden Wing","floor":7,"gold_loss":0},{"damage_healed":0,"gold_gain":0,"player_choice":"Success","damage_taken":12,"relics_obtained":["Juzu Bracelet"],"max_hp_gain":0,"max_hp_loss":0,"event_name":"Scrap Ooze","floor":8,"gold_loss":0}],"is_beta":false,"boss_relics":[],"items_purged_floors":[13,13],"is_endless":false,"potions_floor_spawned":[5,12,14],"killed_by":"The Guardian","ascension_level":0}}