{"host":"baujym3o9opv3mbj","time":1613479158,"event":{"mods":["AchievementEnabler","BaseMod","Colored Map","Minty Spire (QoL Compilation)","Rare Cards Sparkle","StSLib","SuperFastMode"],"gold_per_floor":[110,127,127,138,138,138,154,172,172,172,202,202,202,222,222,222,222],"floor_reached":16,"language":"KOR","playtime":1151,"items_purged":[],"score":102,"play_id":"85b36f35-756f-4f52-aae0-c1cfc3efc988","local_time":"20210216213918","is_ascension_mode":false,"campfire_choices":[{"data":"Bash","floor":6,"key":"SMITH"},{"floor":10,"key":"REST"},{"floor":12,"key":"REST"},{"floor":15,"key":"REST"}],"circlet_count":0,"master_deck":["Strike_R","Strike_R","Strike_R","Strike_R","Strike_R","Defend_R","Defend_R","Defend_R","Defend_R","Bash+1","Headbutt","Uppercut","Flex","Pommel Strike","Pommel Strike","Dark Embrace","Parasite","Impervious"],"relics":["Burning Blood","Centennial Puzzle","Mummified Hand","Gremlin Horn"],"acts_visited":["Exordium"],"potions_floor_usage":[16,16,16],"damage_taken":[{"damage":5,"enemies":"Cultist","floor":1,"turns":4},{"damage":5,"enemies":"Small Slimes","floor":2,"turns":3},{"damage":7,"enemies":"2 Louse","floor":4,"turns":3},{"damage":11,"enemies":"Red Slaver","floor":7,"turns":4},{"damage":21,"enemies":"Lots of Slimes","floor":8,"turns":6},{"damage":54,"enemies":"Gremlin Nob","floor":11,"turns":6},{"damage":19,"enemies":"Large Slime","floor":14,"turns":6},{"damage":81,"enemies":"Hexaghost","floor":16,"turns":12}],"seed_played":"-3005742446390793365","potions_obtained":[{"floor":1,"key":"EssenceOfSteel"},{"floor":7,"key":"Swift Potion"},{"floor":11,"key":"AttackPotion"}],"is_trial":false,"path_per_floor":["M","M","$","M","?","R","M","M","T","R","E","R","?","M","R","B"],"character_chosen":"IRONCLAD","items_purchased":[],"campfire_rested":3,"item_purchase_floors":[],"current_hp_per_floor":[80,80,80,79,79,79,74,59,59,80,32,56,76,63,80,0,0],"gold":222,"neow_bonus":"RANDOM_COMMON_RELIC","is_daily":false,"chose_seed":false,"campfire_upgraded":1,"win_rate":0.0,"timestamp":1613479158,"path_taken":["M","?","$","M","?","R","M","M","T","R","E","R","?","M","R","BOSS"],"items_purchased_type":[],"build_version":"2020-12-22","purchased_purges":0,"victory":false,"max_hp_per_floor":[80,80,80,80,80,80,80,80,80,80,80,80,80,80,80,80,80],"card_choices":[{"not_picked":["Seeing Red","Blood for Blood"],"picked":"Headbutt","floor":1},{"not_picked":["True Grit","Body Slam"],"picked":"Uppercut","floor":2},{"not_picked":["Pummel","Warcry"],"picked":"Flex","floor":4},{"not_picked":["Pummel","Clash"],"picked":"Pommel Strike","floor":7},{"not_picked":["Seeing Red","Uppercut"],"picked":"Pommel Strike","floor":8},{"not_picked":["Fire Breathing","Perfected Strike"],"picked":"Dark Embrace","floor":11},{"not_picked":["Combust","Dual Wield"],"picked":"Impervious","floor":14}],"player_experience":1494,"relics_obtained":[{"floor":9,"key":"Mummified Hand"},{"floor":11,"key":"Gremlin Horn"}],"event_choices":[{"damage_healed":0,"gold_gain":0,"player_choice":"Leave","damage_taken":0,"max_hp_gain":0,"max_hp_loss":0,"event_name":"The Cleric","floor":5,"gold_loss":0},{"damage_healed":20,"gold_gain":0,"player_choice":"Healed and dodged fight","damage_taken":0,"max_hp_gain":0,"max_hp_loss":0,"event_name":"Mushrooms","floor":13,"gold_loss":0,"cards_obtained":["Parasite"]}],"is_beta":false,"boss_relics":[],"items_purged_floors":[],"is_endless":false,"potions_floor_spawned":[1,7,11,14],"killed_by":"Hexaghost","ascension_level":0}}