{"host":"c97twqu0op5dg8i4","time":1613448636,"event":{"mods":["AchievementEnabler","BaseMod","Colored Map","Minty Spire (QoL Compilation)","Permanent Neow"],"gold_per_floor":[113,113,113,132,132,132,172,145,194,207,207,242,280,323,350,362,374,509,521,548,560,597,534,566,578,623,635,647,647],"floor_reached":28,"language":"ENG","playtime":645,"items_purged":[],"score":406,"play_id":"2fab62ab-ed67-4c3f-8a79-4b59c401e109","local_time":"20210215231036","is_ascension_mode":true,"campfire_choices":[{"data":"Electrodynamics","floor":6.0,"key":"SMITH"},{"floor":11.0,"key":"REST"},{"floor":16.0,"key":"REST"},{"data":"Defragment","floor":17.0,"key":"SMITH"},{"floor":25.0,"key":"REST"},{"data":"Tempest","floor":27,"key":"SMITH"}],"circlet_count":0,"master_deck":["AscendersBane","Strike_B","Strike_B","Strike_B","Strike_B","Defend_B","Defend_B","Defend_B","Defend_B","Zap","Dualcast","Electrodynamics+1","Ball Lightning","Tempest+1","Fission","Redo","Defragment+1","Conserve Battery","Buffer","CurseOfTheBell","Conserve Battery","Leap","Ball Lightning","Skim"],"relics":["Cracked Core","Orichalcum","Golden Idol","Akabeko","Blood Vial","Eternal Feather","Odd Mushroom","MawBank","Calling Bell","DataDisk","Question Card","Lizard Tail","Pantograph"],"acts_visited":["Exordium","TheCity"],"potions_floor_usage":[26,26,28],"damage_taken":[{"damage":13.0,"enemies":"Small Slimes","floor":1.0,"turns":2.0},{"damage":2.0,"enemies":"2 Louse","floor":4.0,"turns":2.0},{"damage":28.0,"enemies":"Lagavulin","floor":7.0,"turns":5.0},{"damage":6.0,"enemies":"Jaw Worm","floor":10.0,"turns":2.0},{"damage":4.0,"enemies":"3 Sentries","floor":12.0,"turns":2.0},{"damage":21.0,"enemies":"The Mushroom Lair","floor":13.0,"turns":4.0},{"damage":16.0,"enemies":"Gremlin Nob","floor":14.0,"turns":4.0},{"damage":10.0,"enemies":"Blue Slaver","floor":15.0,"turns":3.0},{"damage":32.0,"enemies":"Slime Boss","floor":18.0,"turns":6.0},{"damage":6.0,"enemies":"Chosen","floor":20.0,"turns":3.0},{"damage":13.0,"enemies":"2 Thieves","floor":22.0,"turns":3.0},{"damage":27.0,"enemies":"Shelled Parasite and Fungi","floor":24.0,"turns":3.0},{"damage":72,"enemies":"Gremlin Leader","floor":26,"turns":8},{"damage":37,"enemies":"Book of Stabbing","floor":28,"turns":4}],"seed_played":"-7944864729398649832","potions_obtained":[{"floor":7.0,"key":"DuplicationPotion"},{"floor":13.0,"key":"Swift Potion"},{"floor":26,"key":"Swift Potion"}],"is_trial":false,"path_per_floor":["M","?","?","M","?","R","E","?","T","M","R","E","?","E","M","R","R","B",null,"M","?","M","?","M","R","E","R","E"],"character_chosen":"DEFECT","items_purchased":[],"campfire_rested":3,"item_purchase_floors":[],"current_hp_per_floor":[55,52,57,55,55,55,27,27,27,23,45,43,24,10,2,33,42,12,59,55,55,44,44,19,53,23,35,0,0],"gold":647,"neow_bonus":"THREE_RARE_CARDS","is_daily":false,"chose_seed":false,"campfire_upgraded":3,"win_rate":0.0,"timestamp":1613448636,"path_taken":["M","?","?","M","?","R","E","?","T","?","R","E","?","E","M","R","R","BOSS","M","?","M","?","M","R","E","R","E"],"items_purchased_type":[],"build_version":"2020-12-22","purchased_purges":0,"victory":false,"max_hp_per_floor":[75,75,80,80,74,74,74,74,74,74,74,74,74,74,74,74,74,74,74,74,74,74,74,74,74,74,74,74,74],"card_choices":[{"not_picked":["Thunder Strike","Hyperbeam"],"picked":"Electrodynamics","floor":0.0},{"not_picked":["Cold Snap","Stack","Blizzard"],"picked":"SKIP","floor":1.0},{"not_picked":["Double Energy","Conserve Battery"],"picked":"Ball Lightning","floor":4.0},{"not_picked":["Gash","Leap"],"picked":"Tempest","floor":7.0},{"not_picked":["Go for the Eyes","Glacier"],"picked":"Fission","floor":10.0},{"not_picked":["Force Field","Sunder","Cold Snap"],"picked":"SKIP","floor":12.0},{"not_picked":["Gash","Barrage"],"picked":"Redo","floor":13.0},{"not_picked":["Coolheaded","Rebound"],"picked":"Defragment","floor":14.0},{"not_picked":["Redo","Coolheaded"],"picked":"Conserve Battery","floor":15.0},{"not_picked":["Reboot","Fission"],"picked":"Buffer","floor":18.0},{"not_picked":["Gash","Rebound","Barrage"],"picked":"Conserve Battery","floor":20.0},{"not_picked":["Gash","Rip and Tear+1","Sweeping Beam","Streamline"],"picked":"SKIP","floor":22.0},{"not_picked":["BootSequence","Streamline","Conserve Battery"],"picked":"Ball Lightning","floor":24.0},{"not_picked":["Conserve Battery","White Noise+1","Lockon"],"picked":"Skim","floor":26}],"player_experience":413905,"relics_obtained":[{"floor":7.0,"key":"Akabeko"},{"floor":9.0,"key":"Blood Vial"},{"floor":12.0,"key":"Eternal Feather"},{"floor":13.0,"key":"Odd Mushroom"},{"floor":14.0,"key":"MawBank"},{"floor":19.0,"key":"DataDisk"},{"floor":19.0,"key":"Question Card"},{"floor":19.0,"key":"Lizard Tail"},{"floor":26,"key":"Pantograph"}],"event_choices":[{"damage_healed":0.0,"max_hp_gain":0.0,"max_hp_loss":0.0,"gold_gain":0.0,"event_name":"Scrap Ooze","player_choice":"Success","floor":2.0,"gold_loss":0.0,"damage_taken":3.0,"relics_obtained":["Orichalcum"]},{"damage_healed":0.0,"max_hp_gain":5.0,"max_hp_loss":0.0,"gold_gain":0.0,"event_name":"Big Fish","player_choice":"Donut","floor":3.0,"gold_loss":0.0,"damage_taken":0.0},{"damage_healed":0.0,"max_hp_gain":0.0,"max_hp_loss":6.0,"gold_gain":0.0,"event_name":"Golden Idol","player_choice":"Lose Max HP","floor":5.0,"gold_loss":0.0,"damage_taken":0.0,"relics_obtained":["Golden Idol"]},{"damage_healed":0.0,"max_hp_gain":0.0,"max_hp_loss":0.0,"gold_gain":0.0,"event_name":"World of Goop","player_choice":"Left Gold","floor":8.0,"gold_loss":27.0,"damage_taken":0.0},{"damage_healed":0.0,"max_hp_gain":0.0,"max_hp_loss":0.0,"gold_gain":0.0,"event_name":"Mushrooms","player_choice":"Fought Mushrooms","floor":13.0,"gold_loss":0.0,"damage_taken":0.0},{"damage_healed":0.0,"max_hp_gain":0.0,"max_hp_loss":0.0,"gold_gain":0.0,"event_name":"The Library","player_choice":"Read","floor":21.0,"gold_loss":0.0,"damage_taken":0.0,"cards_obtained":["Leap"]},{"cards_removed":["Writhe"],"damage_healed":0.0,"max_hp_gain":0.0,"max_hp_loss":0.0,"gold_gain":0.0,"event_name":"Beggar","player_choice":"Gave Gold","floor":23.0,"gold_loss":75.0,"damage_taken":0.0}],"is_beta":false,"boss_relics":[{"not_picked":["Tiny House","Pandora\u0027s Box"],"picked":"Calling Bell"}],"items_purged_floors":[],"is_endless":false,"potions_floor_spawned":[7,13,14,15,24,26],"killed_by":"Book of Stabbing","ascension_level":12}}