{"host":"91blwi3hgehj6ch9","time":1613482939,"event":{"mods":["2.2 Compatiblity","AchievementEnabler","BaseMod","Colored Map","DeckTracker","Keyboard Shortcuts","Minty Spire (QoL Compilation)","Permanent Neow","StSLib","SuperFastMode","everything is the same but u backflip on backflip"],"gold_per_floor":[116,41,41,51,51,78,94,112,165,165,179,254,275,260,260,349,349,370,420,420,420],"floor_reached":20,"language":"KOR","playtime":618,"items_purged":["Defend_P"],"score":362,"play_id":"3f62fd92-8b20-4e99-9676-8c397c76e3e0","local_time":"20210216224219","is_ascension_mode":true,"campfire_choices":[{"data":"Eruption","floor":15,"key":"SMITH"}],"circlet_count":0,"master_deck":["AscendersBane","Strike_P","Strike_P","Strike_P+1","Strike_P","Defend_P","Defend_P","Defend_P","Eruption+1","Vigilance","InnerPeace","SashWhip","Evaluate","PathToVictory","Protect","LessonLearned"],"relics":["HolyWater","NeowsBlessing","Mercury Hourglass","Strawberry","Blood Vial","Golden Idol"],"acts_visited":["Exordium","TheCity"],"potions_floor_usage":[],"damage_taken":[{"damage":0.0,"enemies":"Jaw Worm","floor":1.0,"turns":1.0},{"damage":0.0,"enemies":"Small Slimes","floor":4.0,"turns":1.0},{"damage":0.0,"enemies":"3 Sentries","floor":6.0,"turns":1.0},{"damage":0.0,"enemies":"2 Louse","floor":7.0,"turns":2.0},{"damage":7.0,"enemies":"Blue Slaver","floor":8.0,"turns":3.0},{"damage":0.0,"enemies":"3 Louse","floor":11.0,"turns":1.0},{"damage":5,"enemies":"Large Slime","floor":13,"turns":5},{"damage":11,"enemies":"Exordium Thugs","floor":14,"turns":4},{"damage":26,"enemies":"The Guardian","floor":16,"turns":15},{"damage":35,"enemies":"3 Byrds","floor":18,"turns":6},{"damage":33,"enemies":"Spheric Guardian","floor":20,"turns":4}],"seed_played":"1067304009860986269","potions_obtained":[{"floor":1.0,"key":"SkillPotion"},{"floor":8.0,"key":"Dexterity Potion"},{"floor":13,"key":"SpeedPotion"}],"is_trial":false,"path_per_floor":["M","$","?","M","?","E","M","M","T","?","M","?","M","M","R","B",null,"M","?","M"],"character_chosen":"WATCHER","items_purchased":[],"campfire_rested":0,"item_purchase_floors":[],"current_hp_per_floor":[61,61,50,50,50,57,57,50,50,50,52,41,38,29,29,5,52,19,19,0,0],"gold":420,"neow_bonus":"THREE_ENEMY_KILL","is_daily":false,"chose_seed":false,"campfire_upgraded":1,"win_rate":0.0,"timestamp":1613482939,"path_taken":["M","$","?","M","?","E","M","M","T","?","M","?","M","M","R","BOSS","M","?","M"],"items_purchased_type":[],"build_version":"2020-12-22","purchased_purges":1,"victory":false,"max_hp_per_floor":[68,68,68,68,68,75,75,75,75,68,68,68,68,68,68,68,68,68,68,68,68],"card_choices":[{"not_picked":["CrushJoints","ThirdEye"],"picked":"InnerPeace","floor":1.0},{"not_picked":["ThirdEye","CrushJoints"],"picked":"SashWhip","floor":4.0},{"not_picked":["LikeWater","EmptyBody"],"picked":"Evaluate","floor":6.0},{"not_picked":["EmptyFist","Study","MasterReality"],"picked":"SKIP","floor":7.0},{"not_picked":["EmptyFist","Study","MasterReality"],"picked":"SKIP","floor":7.0},{"not_picked":["ReachHeaven","EmptyBody"],"picked":"PathToVictory","floor":8.0},{"not_picked":["Consecrate","JustLucky","ForeignInfluence"],"picked":"SKIP","floor":11.0},{"not_picked":["EmptyFist","CutThroughFate"],"picked":"Protect","floor":13},{"not_picked":["EmptyFist","Prostrate","CutThroughFate"],"picked":"SKIP","floor":14},{"not_picked":["Vault","Establishment"],"picked":"LessonLearned","floor":16},{"not_picked":["Swivel","SashWhip","CutThroughFate+1"],"picked":"SKIP","floor":18}],"player_experience":271197,"relics_obtained":[{"floor":6.0,"key":"Strawberry"},{"floor":9.0,"key":"Blood Vial"}],"event_choices":[{"damage_healed":0.0,"max_hp_gain":0.0,"max_hp_loss":0.0,"gold_gain":0.0,"event_name":"Scrap Ooze","player_choice":"Success","floor":3.0,"gold_loss":0.0,"damage_taken":11.0,"relics_obtained":["Mercury Hourglass"]},{"damage_healed":0.0,"max_hp_gain":0.0,"max_hp_loss":0.0,"gold_gain":0.0,"event_name":"Liars Game","player_choice":"Ignored","floor":5.0,"gold_loss":0.0,"damage_taken":0.0},{"damage_healed":0.0,"max_hp_gain":0.0,"max_hp_loss":7.0,"gold_gain":0.0,"event_name":"Golden Idol","player_choice":"Lose Max HP","floor":10.0,"gold_loss":0.0,"damage_taken":0.0,"relics_obtained":["Golden Idol"]},{"damage_healed":0.0,"max_hp_gain":0.0,"max_hp_loss":0.0,"gold_gain":75.0,"event_name":"World of Goop","player_choice":"Gather Gold","floor":12.0,"gold_loss":0.0,"damage_taken":11.0},{"damage_healed":0,"gold_gain":50,"player_choice":"Stole From Cult","damage_taken":0,"max_hp_gain":0,"max_hp_loss":0,"event_name":"Nest","floor":19,"gold_loss":0}],"is_beta":false,"boss_relics":[{"not_picked":["SacredBark","Velvet Choker"],"picked":"HolyWater"}],"items_purged_floors":[2],"is_endless":false,"potions_floor_spawned":[1,8,13,14,16],"killed_by":"Spheric Guardian","ascension_level":16}}