{"host":"a1eatafr7pisesky","time":1613463373,"event":{"mods":["AchievementEnabler","BaseMod","Colored Map","Keyboard Shortcuts","Minty Spire (QoL Compilation)","Say the Spire","StSLib","SuperFastMode","everything is the same but u backflip on backflip"],"gold_per_floor":[115,85,100,151,168,168,198,123,123,143,143,169,169,200,200,274,274,289,339,254,254,266,294,294,311,380,35,35,48,66,66,66,145,145,155,180,225,225,241,241,241,241],"floor_reached":41,"language":"KOR","playtime":918,"items_purged":["Defend_P","Strike_P"],"score":835,"play_id":"026eab86-b818-44cb-bb5c-6649fb781a4e","local_time":"20210216171613","is_ascension_mode":true,"campfire_choices":[{"data":"Eruption","floor":6.0,"key":"SMITH"},{"floor":13.0,"key":"REST"},{"data":"Adaptation","floor":15.0,"key":"SMITH"},{"data":"Vault","floor":24.0,"key":"SMITH"},{"floor":32.0,"key":"REST"},{"floor":40,"key":"REST"}],"circlet_count":0,"master_deck":["AscendersBane","Eruption+1","Vigilance","EmptyFist","Adaptation+1","FearNoEvil","Vault+1","Perseverance","ReachHeaven+1","SashWhip+1","WheelKick+1","EmptyBody"],"relics":["PureWater","NeowsBlessing","Bag of Preparation","Orichalcum","Centennial Puzzle","StrikeDummy","SlaversCollar","Torii","Nunchaku","Shuriken","Pantograph","Astrolabe","Mango","Calipers"],"acts_visited":["Exordium","TheCity","TheBeyond"],"potions_floor_usage":[],"damage_taken":[{"damage":0.0,"enemies":"2 Louse","floor":1.0,"turns":1.0},{"damage":0.0,"enemies":"Cultist","floor":3.0,"turns":1.0},{"damage":0.0,"enemies":"Small Slimes","floor":5.0,"turns":1.0},{"damage":20.0,"enemies":"Gremlin Nob","floor":7.0,"turns":4.0},{"damage":6.0,"enemies":"Looter","floor":10.0,"turns":2.0},{"damage":21.0,"enemies":"Lagavulin","floor":12.0,"turns":5.0},{"damage":6.0,"enemies":"Gremlin Nob","floor":14.0,"turns":3.0},{"damage":21.0,"enemies":"Hexaghost","floor":16.0,"turns":6.0},{"damage":4.0,"enemies":"Shell Parasite","floor":18.0,"turns":3.0},{"damage":17.0,"enemies":"2 Thieves","floor":22.0,"turns":3.0},{"damage":0.0,"enemies":"Gremlin Leader","floor":23.0,"turns":5.0},{"damage":16.0,"enemies":"Snake Plant","floor":25.0,"turns":5.0},{"damage":1.0,"enemies":"Snecko","floor":29.0,"turns":4.0},{"damage":10.0,"enemies":"Centurion and Healer","floor":30.0,"turns":4.0},{"damage":10.0,"enemies":"Champ","floor":33.0,"turns":3.0},{"damage":0.0,"enemies":"3 Darklings","floor":35.0,"turns":3.0},{"damage":0.0,"enemies":"Mind Bloom Boss Battle","floor":36.0,"turns":3.0},{"damage":70.0,"enemies":"2 Orb Walkers","floor":37.0,"turns":6.0},{"damage":0,"enemies":"Orb Walker","floor":39,"turns":3},{"damage":56,"enemies":"Nemesis","floor":41,"turns":5}],"seed_played":"-2430093058914687654","potions_obtained":[{"floor":2.0,"key":"SteroidPotion"},{"floor":2.0,"key":"Energy Potion"},{"floor":3.0,"key":"EssenceOfSteel"},{"floor":7.0,"key":"PowerPotion"},{"floor":12.0,"key":"DuplicationPotion"},{"floor":14.0,"key":"GamblersBrew"},{"floor":18.0,"key":"LiquidBronze"},{"floor":23.0,"key":"Weak Potion"},{"floor":25.0,"key":"FearPotion"},{"floor":36.0,"key":"Fruit Juice"},{"floor":37.0,"key":"SpeedPotion"},{"floor":39,"key":"Block Potion"}],"is_trial":false,"path_per_floor":["M","?","M","T","M","R","E","$","T","M","?","E","R","E","R","B",null,"M","?","?","?","M","E","R","M","T","$","?","M","M","?","R","B",null,"M","?","?","?","M","R","E"],"character_chosen":"WATCHER","items_purchased":["Pantograph"],"campfire_rested":3,"item_purchase_floors":[27],"current_hp_per_floor":[61,61,61,61,61,61,41,41,41,35,35,14,34,28,28,7,53,49,49,49,49,32,32,32,16,16,16,16,15,5,5,25,40,61,61,82,17,17,17,41,0,0],"gold":241,"neow_bonus":"THREE_ENEMY_KILL","is_daily":false,"chose_seed":false,"campfire_upgraded":3,"win_rate":0.0,"timestamp":1613463373,"path_taken":["M","?","?","?","M","R","E","$","T","M","?","E","R","E","R","BOSS","M","?","?","?","M","E","R","?","T","$","?","M","M","?","R","BOSS","M","?","?","?","M","R","E"],"items_purchased_type":["Relic"],"build_version":"2020-12-22","purchased_purges":2,"victory":false,"max_hp_per_floor":[68,68,68,68,68,68,68,68,68,68,68,68,68,68,68,68,68,68,68,68,68,68,68,68,68,68,68,68,68,68,68,68,68,68,68,82,87,83,83,83,83,83],"card_choices":[{"not_picked":["FlyingSleeves","ReachHeaven"],"picked":"EmptyFist","floor":1.0},{"not_picked":["Consecrate","FlurryOfBlows"],"picked":"Adaptation","floor":3.0},{"not_picked":["Crescendo","WheelKick"],"picked":"FearNoEvil","floor":5.0},{"not_picked":["Nirvana","JustLucky","EmptyBody"],"picked":"SKIP","floor":7.0},{"not_picked":["Sanctity","Crescendo","ThirdEye"],"picked":"SKIP","floor":10.0},{"not_picked":["DeusExMachina","BattleHymn","SashWhip"],"picked":"SKIP","floor":12.0},{"not_picked":["BattleHymn","CrushJoints","ReachHeaven"],"picked":"SKIP","floor":14.0},{"not_picked":["ConjureBlade","Devotion"],"picked":"Vault","floor":16.0},{"not_picked":["EmptyBody+1","Halt","Weave+1"],"picked":"SKIP","floor":18.0},{"not_picked":["Evaluate","ClearTheMind+1","Conclude"],"picked":"SKIP","floor":22.0},{"not_picked":["Establishment","ReachHeaven","Meditate"],"picked":"SKIP","floor":23.0},{"not_picked":["Perseverance","SignatureMove","Worship"],"picked":"SKIP","floor":25.0},{"not_picked":["SashWhip","Conclude","Protect"],"picked":"SKIP","floor":29.0},{"not_picked":["DeceiveReality","SandsOfTime","Protect+1"],"picked":"SKIP","floor":30.0},{"not_picked":["Pray","Prostrate","EmptyBody"],"picked":"SKIP","floor":35.0},{"not_picked":["Consecrate+1","BattleHymn"],"picked":"EmptyBody","floor":37.0},{"not_picked":["SashWhip","Devotion","ThirdEye"],"picked":"SKIP","floor":39}],"player_experience":457033,"relics_obtained":[{"floor":4.0,"key":"Bag of Preparation"},{"floor":7.0,"key":"Orichalcum"},{"floor":12.0,"key":"Centennial Puzzle"},{"floor":14.0,"key":"StrikeDummy"},{"floor":23.0,"key":"Nunchaku"},{"floor":26.0,"key":"Shuriken"},{"floor":36.0,"key":"Mango"},{"floor":37.0,"key":"Calipers"}],"event_choices":[{"damage_healed":0.0,"max_hp_gain":0.0,"max_hp_loss":0.0,"gold_gain":0.0,"event_name":"The Woman in Blue","player_choice":"Bought 2 Potions","floor":2.0,"gold_loss":0.0,"damage_taken":0.0},{"cards_removed":["Defend_P"],"damage_healed":0.0,"max_hp_gain":0.0,"max_hp_loss":0.0,"gold_gain":0.0,"event_name":"Living Wall","player_choice":"Forget","floor":11.0,"gold_loss":0.0,"damage_taken":0.0},{"damage_healed":0.0,"max_hp_gain":0.0,"max_hp_loss":0.0,"gold_gain":50.0,"event_name":"Nest","player_choice":"Stole From Cult","floor":19.0,"gold_loss":0.0,"damage_taken":0.0},{"damage_healed":0.0,"max_hp_gain":0.0,"max_hp_loss":0.0,"gold_gain":0.0,"event_name":"Addict","player_choice":"Obtained Relic","floor":20.0,"gold_loss":85.0,"damage_taken":0.0,"relics_obtained":["Torii"]},{"damage_healed":0.0,"max_hp_gain":0.0,"max_hp_loss":0.0,"gold_gain":0.0,"cards_transformed":["Defend_P","Strike_P"],"event_name":"Drug Dealer","player_choice":"Became Test Subject","floor":21.0,"gold_loss":0.0,"damage_taken":0.0,"cards_obtained":["Perseverance","WreathOfFlame"]},{"damage_healed":0.0,"max_hp_gain":0.0,"max_hp_loss":0.0,"gold_gain":0.0,"event_name":"Vampires","player_choice":"Ignored","floor":28.0,"gold_loss":0.0,"damage_taken":0.0},{"cards_removed":["Strike_P"],"damage_healed":0.0,"max_hp_gain":0.0,"max_hp_loss":0.0,"gold_gain":0.0,"event_name":"Bonfire Elementals","player_choice":"Offered Basic","floor":31.0,"gold_loss":0.0,"damage_taken":0.0},{"damage_healed":0.0,"max_hp_gain":0.0,"max_hp_loss":0.0,"gold_gain":0.0,"event_name":"MindBloom","player_choice":"Fight","floor":36.0,"gold_loss":0.0,"damage_taken":0.0},{"damage_healed":0.0,"max_hp_gain":0.0,"max_hp_loss":0.0,"gold_gain":0.0,"event_name":"Mysterious Sphere","player_choice":"Fight","floor":37.0,"gold_loss":0.0,"damage_taken":0.0},{"damage_healed":0.0,"max_hp_gain":0.0,"max_hp_loss":4.0,"gold_gain":0.0,"event_name":"Winding Halls","player_choice":"Max HP","floor":38.0,"gold_loss":0.0,"damage_taken":0.0}],"is_beta":false,"boss_relics":[{"not_picked":["Calling Bell","Ectoplasm"],"picked":"SlaversCollar"},{"not_picked":["Pandora\u0027s Box","Runic Dome"],"picked":"Astrolabe"}],"items_purged_floors":[8,27],"is_endless":false,"potions_floor_spawned":[3,7,12,14,18,22,23,25,36,37,39],"killed_by":"Nemesis","ascension_level":15}}