{"host":"jx3f6ezc0g3s9edc","time":1613512118,"event":{"mods":["AchievementEnabler","BaseMod","Bestiary","Colored Map","Highlight Path","Minty Spire (QoL Compilation)","StSLib"],"gold_per_floor":[14,32,32,32,49,62,72,72,72,103,120,120,120,120],"floor_reached":13,"language":"ENG","playtime":712,"items_purged":[],"score":122,"play_id":"244c504d-b3a1-4dc8-a1ab-513517a920d6","local_time":"20210216164838","is_ascension_mode":true,"campfire_choices":[{"data":"Consume","floor":8,"key":"SMITH"},{"floor":12,"key":"REST"}],"circlet_count":0,"master_deck":["Strike_B","Strike_B","Strike_B","Defend_B","Defend_B","Defend_B","Defend_B","Zap","Dualcast","Master of Strategy","Consume+1","Turbo","Streamline","Coolheaded","Redo","Sweeping Beam"],"relics":["Cracked Core","Emotion Chip","TungstenRod"],"acts_visited":["Exordium"],"potions_floor_usage":[],"damage_taken":[{"damage":1,"enemies":"Cultist","floor":1,"turns":3},{"damage":15,"enemies":"2 Louse","floor":2,"turns":3},{"damage":7,"enemies":"Jaw Worm","floor":5,"turns":3},{"damage":6,"enemies":"Exordium Thugs","floor":6,"turns":5},{"damage":1,"enemies":"Exordium Wildlife","floor":7,"turns":3},{"damage":10,"enemies":"Lagavulin","floor":10,"turns":6},{"damage":5,"enemies":"3 Louse","floor":11,"turns":4},{"damage":56,"enemies":"Gremlin Nob","floor":13,"turns":5}],"seed_played":"-536710716974873134","potions_obtained":[{"floor":2,"key":"DistilledChaos"},{"floor":6,"key":"Dexterity Potion"},{"floor":11,"key":"Dexterity Potion"}],"is_trial":false,"path_per_floor":["M","M","$","?","M","M","M","R","T","E","M","R","E"],"character_chosen":"DEFECT","items_purchased":[],"campfire_rested":1,"item_purchase_floors":[],"current_hp_per_floor":[67,52,52,52,45,39,38,38,38,28,23,45,0,0],"gold":120,"neow_bonus":"RANDOM_COLORLESS_2","is_daily":false,"chose_seed":false,"campfire_upgraded":1,"win_rate":0.0,"timestamp":1613512118,"path_taken":["M","M","$","?","?","M","M","R","T","E","M","R","E"],"items_purchased_type":[],"build_version":"2020-12-22","purchased_purges":0,"victory":false,"max_hp_per_floor":[75,75,75,75,75,75,75,75,75,75,75,75,75,75],"card_choices":[{"not_picked":["Secret Technique","Violence"],"picked":"Master of Strategy","floor":0},{"not_picked":["Darkness","Turbo"],"picked":"Consume","floor":1},{"not_picked":["Double Energy","Compile Driver"],"picked":"Turbo","floor":2},{"not_picked":["Lockon","Steam"],"picked":"Streamline","floor":5},{"not_picked":["Streamline","Conserve Battery"],"picked":"Coolheaded","floor":6},{"not_picked":["Compile Driver","Blizzard","Rebound"],"picked":"SKIP","floor":7},{"not_picked":["Buffer","Reprogram"],"picked":"Redo","floor":10},{"not_picked":["Cold Snap","Leap"],"picked":"Sweeping Beam","floor":11}],"player_experience":874982,"relics_obtained":[{"floor":9,"key":"Emotion Chip"},{"floor":10,"key":"TungstenRod"}],"event_choices":[{"cards_removed":["Strike_B"],"damage_healed":0,"gold_gain":0,"player_choice":"Offered Basic","damage_taken":0,"max_hp_gain":0,"max_hp_loss":0,"event_name":"Bonfire Elementals","floor":4,"gold_loss":0}],"is_beta":false,"boss_relics":[],"items_purged_floors":[],"is_endless":false,"potions_floor_spawned":[2,6,11],"killed_by":"Gremlin Nob","ascension_level":8}}