{"host":"txona5ehdq2r96f3","time":1613431770,"event":{"mods":["2.2 Compatiblity","AchievementEnabler","Aspiration","Bard","BaseMod","Beaked The Cultist","Colored Powertips","Conspire","Downfall","Halation","Hubris","Infinite Spire","Mad Scientist","Marisa????????","Minty Spire (QoL Compilation)","Random Character Button","Rare Cards Sparkle","Reliquary","Replay The Spire","StSLib","The Animator","The Cursed","The Disciple","The Necromancer","The Runesmith","The Servant 0.9.4","Unceasing Turn Reminder","egg","everything is the same but u backflip on backflip"],"gold_per_floor":[123,73,88,88,114,114,33,64,64,64,93,124,124,124,124,233,233,253,253,253,273,283,283,283,310,385,424,424,453,453,453,453,558,558,584,584,584,601,601,613,613],"floor_reached":40,"language":"ENG","playtime":2787,"items_purged":[],"score":455,"play_id":"0f43cf19-797c-4ae6-8bad-8188428e45fb","local_time":"20210216002930","is_ascension_mode":false,"campfire_choices":[{"data":"animator:ElricEdward","floor":6.0,"key":"SMITH"},{"data":"animator:Aqua","floor":10.0,"key":"SMITH"},{"data":"animator:IzunaHatsuse","floor":13.0,"key":"SMITH"},{"data":"animator:Pride","floor":15.0,"key":"SMITH"},{"data":"animator:HigakiRinne","floor":23.0,"key":"SMITH"},{"floor":28,"key":"REST"},{"floor":32,"key":"REST"}],"circlet_count":0,"master_deck":["animator:Strike_Konosuba","animator:Defend_Konosuba","animator:Defend","animator:Defend","animator:Defend","animator:Kazuma","animator:Aqua+1","animator:ElricEdward+1","CurseOfTheBell","CurseOfTheBell","animator:Hans","animator:Pride+1","animator:IzunaHatsuse+1","animator:HigakiRinne+1","animator:Darkness","animator:MamiTomoe","animator:MetalKnight","animator:Saber","animator:Archer","animator:Saber"],"relics":["animator:LivingPicture","animator:TheMissingPiece","animator:PurgingStone","NeowsBlessing","downfall:ExtraCursedBell","StoneCalendar","Meat on the Bone","Bag of Marbles","aspiration:FrozenJewel","infinitespire:Midas Blood","Smiling Mask","halation:PinkSoulGem","aspiration:PoetsPen_weak","Bottled Tornado","reliquary:IridiumChain","Juzu Bracelet","reliquary:ExpiredCoupon","Replay:Bronze Core"],"acts_visited":["Exordium","TheCity","TheBeyond"],"potions_floor_usage":[33],"damage_taken":[{"damage":0.0,"enemies":"Jaw Worm","floor":1.0,"turns":1.0},{"damage":0.0,"enemies":"Small Slimes","floor":3.0,"turns":2.0},{"damage":0.0,"enemies":"2 Louse","floor":5.0,"turns":1.0},{"damage":16.0,"enemies":"3 Sentries","floor":8.0,"turns":7.0},{"damage":3.0,"enemies":"Blue Slaver","floor":11.0,"turns":5.0},{"damage":4.0,"enemies":"Lagavulin","floor":12.0,"turns":7.0},{"damage":6.0,"enemies":"Fading Forest","floor":16.0,"turns":11.0},{"damage":11.0,"enemies":"conspire:FuzzyDice","floor":18.0,"turns":6.0},{"damage":13.0,"enemies":"Spheric Guardian","floor":21.0,"turns":6.0},{"damage":0.0,"enemies":"Snecko","floor":22.0,"turns":7.0},{"damage":30.0,"enemies":"Snake Plant","floor":25.0,"turns":7.0},{"damage":27,"enemies":"animator:HornedBat","floor":27,"turns":7},{"damage":10,"enemies":"conspire:SneckoGhost","floor":29,"turns":7},{"damage":39,"enemies":"Automaton","floor":33,"turns":9},{"damage":26,"enemies":"3 Darklings","floor":35,"turns":4},{"damage":14,"enemies":"3 Shapes","floor":38,"turns":3},{"damage":53,"enemies":"beaked:SuperParasite","floor":40,"turns":7}],"seed_played":"-8046378793752925747","potions_obtained":[{"floor":11.0,"key":"Block Potion"},{"floor":12.0,"key":"Reflective Coating"},{"floor":16.0,"key":"ColorlessPotion"},{"floor":18.0,"key":"BlessingOfTheForge"},{"floor":21.0,"key":"Strength Potion"},{"floor":29,"key":"LiquidBronze"},{"floor":35,"key":"SteroidPotion"}],"is_trial":false,"path_per_floor":["M","?","M","?","M","R","$","E","T","R","M","E","R","?","R","B",null,"M","?","T","M","M","R","?","M","T","E","R","E","?","?","R","B",null,"M","?","?","M","?","E"],"character_chosen":"THE_ANIMATOR","items_purchased":["animator:Pride"],"campfire_rested":2,"item_purchase_floors":[7],"current_hp_per_floor":[66,66,66,66,66,66,66,52,52,52,52,51,51,51,51,56,66,55,55,55,46,49,49,49,34,34,22,42,35,35,35,55,31,67,41,41,41,42,49,0,0],"gold":613,"neow_bonus":"THREE_ENEMY_KILL","is_daily":false,"chose_seed":false,"campfire_upgraded":5,"win_rate":0.0,"timestamp":1613431770,"path_taken":["M","?","M","?","M","R","$","E","T","R","M","E","R","?","R","BOSS","M","?","?","?","M","R","?","M","T","E","R","E","?","?","R","BOSS","M","?","?","M","?","E"],"items_purchased_type":["Card"],"build_version":"2020-12-22","purchased_purges":0,"victory":false,"max_hp_per_floor":[66,66,66,66,66,66,66,66,66,66,66,66,66,66,66,66,66,66,66,66,67,67,67,67,67,67,67,67,67,67,67,67,67,67,67,67,67,67,67,67,67],"card_choices":[{"not_picked":["animator:Genos","animator:TukaLunaMarceau"],"picked":"animator:ElricEdward","floor":1.0},{"not_picked":["animator:Shuna","animator:Witch","animator:Lu"],"picked":"SKIP","floor":3.0},{"not_picked":["animator:Shuna","animator:GuildGirl"],"picked":"animator:Hans","floor":5.0},{"not_picked":["animator:Sonic","animator:Ain"],"picked":"animator:IzunaHatsuse","floor":11.0},{"not_picked":["animator:Raven","animator:Ara","animator:Gluttony"],"picked":"SKIP","floor":12.0},{"not_picked":["animator:Shiro","animator:Shizu"],"picked":"animator:HigakiRinne","floor":16.0},{"not_picked":["animator:Elsword","animator:Chung+1"],"picked":"animator:GazelDwargon","floor":18.0},{"not_picked":["animator:Aqua","animator:YunYun"],"picked":"animator:Darkness","floor":21.0},{"not_picked":["animator:Emonzaemon","animator:NagisaMomoe","animator:Rena"],"picked":"SKIP","floor":22.0},{"not_picked":["animator:UneriGinkaku","animator:Entoma"],"picked":"animator:Saber","floor":25.0},{"not_picked":["animator:YaoHaDucy","animator:KrulTepes"],"picked":"animator:Archer","floor":27},{"not_picked":["animator:Shiro","animator:HomuraAkemi"],"picked":"animator:Saber","floor":33},{"not_picked":["animator:Benimaru","animator:Emonzaemon","animator:UneriGinkaku"],"picked":"SKIP","floor":35},{"not_picked":["animator:Berserker+1","animator:RoyMustang","animator:RinTohsaka+1"],"picked":"SKIP","floor":38}],"player_experience":144781,"relics_obtained":[{"floor":4.0,"key":"StoneCalendar"},{"floor":4.0,"key":"Meat on the Bone"},{"floor":4.0,"key":"Bag of Marbles"},{"floor":8.0,"key":"aspiration:FrozenJewel"},{"floor":9.0,"key":"infinitespire:Midas Blood"},{"floor":12.0,"key":"Smiling Mask"},{"floor":20.0,"key":"Bottled Tornado"},{"floor":26.0,"key":"reliquary:IridiumChain"},{"floor":27,"key":"Juzu Bracelet"},{"floor":29,"key":"reliquary:ExpiredCoupon"}],"event_choices":[{"cards_removed":["animator:Strike"],"damage_healed":0.0,"max_hp_gain":0.0,"max_hp_loss":0.0,"gold_gain":0.0,"event_name":"The Cleric","player_choice":"Card Removal","floor":2.0,"gold_loss":50.0,"damage_taken":0.0},{"damage_healed":0.0,"max_hp_gain":0.0,"max_hp_loss":0.0,"gold_gain":0.0,"cards_transformed":["animator:Strike","animator:Strike"],"event_name":"Drug Dealer","player_choice":"Became Test Subject","floor":24.0,"gold_loss":0.0,"damage_taken":0.0,"cards_obtained":["animator:MamiTomoe","animator:MetalKnight"]},{"cards_removed":["animator:GazelDwargon"],"damage_healed":0,"gold_gain":0,"player_choice":"Removed Power","damage_taken":0,"max_hp_gain":0,"max_hp_loss":0,"event_name":"Falling","floor":37,"gold_loss":0}],"is_beta":false,"boss_relics":[{"not_picked":["aspiration:ServantSkillbook","halation:HeavySnake"],"picked":"aspiration:PoetsPen_weak"},{"not_picked":["aspiration:RunicSpoon","halation:LoveArrow"],"picked":"Replay:Bronze Core"}],"items_purged_floors":[],"is_endless":false,"potions_floor_spawned":[11,12,16,18,21,29,35],"killed_by":"beaked:SuperParasite","ascension_level":0}}