{"host":"ox77rn1xcurm2t5a","time":1613500417,"event":{"mods":["2.2 Compatiblity","AchievementEnabler","Act Like it!","Aspiration","BaseMod","Best Route Mod","Better Match","Better Note","Better Sensory Stone","Block Reminder","Colored Map","Colored Powertips","Conjunction","Conspire","Custom Start","Energized Spire","GifTheSpireLib","Gold Saver","Gremlin Skip","Halation","Highlight Path","Hubris","Infinite Spire","Minty Spire (QoL Compilation)","Pale of the Ancients","Quick Restart","Replay The Spire","Reworked Bosses","ShortenTheSpire","Spire Exporter","StSLib","Stuff the Spire","Wandering Minibosses"],"gold_per_floor":[430,444,4,16,31,31,59,59,59,88,104,119,119,152,152,255,255,267,64,84,104,104,104,138,138,191,206,206,206],"floor_reached":28,"language":"ENG","playtime":690,"items_purged":["Defend_R"],"score":402,"play_id":"2c937146-4025-46f5-a2ea-8ee563f77a5b","local_time":"20210216203337","is_ascension_mode":true,"campfire_choices":[{"floor":6.0,"key":"RECALL"},{"data":"Inflame","floor":8.0,"key":"SMITH"},{"data":"Heavy Blade","floor":15.0,"key":"SMITH"},{"data":"Bash","floor":23,"key":"SMITH"},{"data":"Thunderclap","floor":25,"key":"SMITH"}],"circlet_count":0,"master_deck":["Strike_R","Strike_R","Strike_R","Strike_R","Strike_R","Defend_R","Defend_R","Inflame+1","Heavy Blade+1","Perfected Strike","Perfected Strike","Thunderclap+1","Pommel Strike+1","Bash+1","Twin Strike","Cleave+1","Pommel Strike+1"],"relics":["Burning Blood","Bag of Marbles","halation:Sosunser","StuffTheSpire:ForceGauntlet","Gremlin Horn","StuffTheSpire:Mouthbags","infinitespire:PuzzleCube","SlaversCollar","Onion Ring"],"acts_visited":["Exordium","TheCity"],"potions_floor_usage":[20,20,20,24,27],"damage_taken":[{"damage":4.0,"enemies":"Jaw Worm","floor":1.0,"turns":4.0},{"damage":28.0,"enemies":"Small Slimes","floor":2.0,"turns":7.0},{"damage":1.0,"enemies":"Cultist","floor":4.0,"turns":3.0},{"damage":13.0,"enemies":"Exordium Wildlife","floor":5.0,"turns":6.0},{"damage":6.0,"enemies":"Gremlin Nob","floor":7.0,"turns":3.0},{"damage":28.0,"enemies":"Lagavulin","floor":10.0,"turns":5.0},{"damage":12.0,"enemies":"Looter","floor":11.0,"turns":3.0},{"damage":13.0,"enemies":"Blue Slaver","floor":12.0,"turns":2.0},{"damage":0.0,"enemies":"Gremlin Nob","floor":14.0,"turns":2.0},{"damage":0.0,"enemies":"Slime Boss","floor":16.0,"turns":5.0},{"damage":12.0,"enemies":"2 Thieves","floor":18.0,"turns":4.0},{"damage":8,"enemies":"Shell Parasite","floor":20,"turns":2},{"damage":24,"enemies":"Snake Plant","floor":21,"turns":2},{"damage":16,"enemies":"Gremlin Leader","floor":24,"turns":4},{"damage":42,"enemies":"Centurion and Healer","floor":27,"turns":5},{"damage":9,"enemies":"Book of Stabbing","floor":28,"turns":1}],"seed_played":"8639022487836531064","potions_obtained":[{"floor":2.0,"key":"Weak Potion"},{"floor":5.0,"key":"Strength Potion"},{"floor":7.0,"key":"EssenceOfSteel"},{"floor":12.0,"key":"Adrenaline Potion"},{"floor":20,"key":"LiquidBronze"},{"floor":21,"key":"Dexterity Potion"}],"is_trial":false,"path_per_floor":["M","M","$","M","M","R","E","R","T","E","M","M","?","E","R","B",null,"M","$","M","M","?","R","E","R","T","M","E"],"character_chosen":"IRONCLAD","items_purchased":["Bag of Marbles","halation:Sosunser","Inflame","SteroidPotion","CultistPotion","SkillPotion"],"campfire_rested":0,"item_purchase_floors":[3,3,3,19,19,19],"current_hp_per_floor":[80,58,58,63,56,56,56,56,56,34,28,21,47,53,53,59,80,74,74,72,54,54,54,44,44,44,8,0,0],"gold":206,"neow_bonus":"REMOVE_CARD","is_daily":false,"chose_seed":false,"campfire_upgraded":4,"win_rate":0.0,"timestamp":1613500417,"path_taken":["M","M","$","M","M","R","E","R","T","E","M","M","?","E","R","BOSS","M","$","M","M","?","R","E","R","T","M","E"],"items_purchased_type":["Relic","Relic","Card","Potion","Potion","Potion"],"build_version":"2020-12-22","purchased_purges":1,"victory":false,"max_hp_per_floor":[80,80,80,80,80,80,80,80,80,80,80,80,80,80,80,80,80,80,80,80,80,80,80,80,80,80,80,80,80],"card_choices":[{"not_picked":["Armaments","Feel No Pain","StuffTheSpire:Slingshot"],"picked":"SKIP","floor":1.0},{"not_picked":["Clothesline","Massacre","Whirlwind"],"picked":"SKIP","floor":2.0},{"not_picked":["Shrug It Off","StuffTheSpire:Resist"],"picked":"Heavy Blade","floor":4.0},{"not_picked":["Wild Strike","hubris:ReadiedAction"],"picked":"Perfected Strike","floor":5.0},{"not_picked":["Intimidate","Armaments","Havoc"],"picked":"SKIP","floor":7.0},{"not_picked":["conspire:Purge","Life Link","Evolve"],"picked":"SKIP","floor":10.0},{"not_picked":["Body Slam","conspire:Charge"],"picked":"Perfected Strike","floor":11.0},{"not_picked":["ReplayTheSpireMod:Strike From Hell","ReplayTheSpireMod:Muscle Training"],"picked":"Thunderclap","floor":12.0},{"not_picked":["Defy Death","Armaments","Combust"],"picked":"SKIP","floor":14.0},{"not_picked":["StuffTheSpire:Resist","Flame Barrier+1"],"picked":"Pommel Strike+1","floor":18.0},{"not_picked":["Sword Boomerang","Anger"],"picked":"Twin Strike","floor":20},{"not_picked":["StuffTheSpire:Slingshot","Run Through","True Grit"],"picked":"SKIP","floor":21},{"not_picked":["Shrug It Off","Infernal Blade"],"picked":"Cleave+1","floor":24},{"not_picked":["Burning Pact","Armaments"],"picked":"Pommel Strike+1","floor":27}],"player_experience":3119618,"relics_obtained":[{"floor":7.0,"key":"StuffTheSpire:ForceGauntlet"},{"floor":9.0,"key":"Gremlin Horn"},{"floor":10.0,"key":"StuffTheSpire:Mouthbags"},{"floor":14.0,"key":"infinitespire:PuzzleCube"},{"floor":24,"key":"Onion Ring"}],"event_choices":[{"damage_healed":26.0,"max_hp_gain":0.0,"max_hp_loss":0.0,"gold_gain":0.0,"event_name":"Big Fish","player_choice":"Banana","floor":13.0,"gold_loss":0.0,"damage_taken":0.0},{"damage_healed":0,"gold_gain":0,"player_choice":"Bought 0 Potions","damage_taken":0,"max_hp_gain":0,"max_hp_loss":0,"event_name":"The Woman in Blue","floor":22,"gold_loss":0}],"is_beta":false,"boss_relics":[{"not_picked":["energizedSpire:DeadBattery","Runic Cube"],"picked":"SlaversCollar"}],"items_purged_floors":[3],"is_endless":false,"potions_floor_spawned":[2,5,7,12,20,21],"killed_by":"Book of Stabbing","ascension_level":4}}