{"host":"m6rwrrl4vtok99e8","time":1613460957,"event":{"mods":["Act Like it!","Arknights","Aspiration","BaseMod","Colored Powertips","Downfall","KomeijiMod","Lobotomy","Marisa????????","Minty Spire (QoL Compilation)","Remilia??????","Replay The Spire","RumiaBox-????????","StSLib","The Bug Knight","The Hierophant","The Servant 0.9.4","WarShipGirlsR/????R mod","Yuri Mod"],"gold_per_floor":[99,99,99,99,114,114,114,32,32,32,51,107,167,167,186,186,186],"floor_reached":16,"language":"ZHS","playtime":661,"items_purged":["Doubt"],"score":86,"play_id":"3a8a0210-7a98-4239-8ae1-d0bc9b237b69","local_time":"20210216153557","is_ascension_mode":false,"campfire_choices":[{"floor":1,"key":"RECALL"},{"data":"RealityMarble","floor":6,"key":"SMITH"},{"data":"MoonPhase","floor":9,"key":"SMITH"}],"circlet_count":0,"master_deck":["Strike_S","Strike_S","Strike_S","Strike_S","Defend_S","Defend_S","Defend_S","Defend_S","KidneyShot","Exchange","GearUp","RealityMarble+1","Ricochet","BestPractice","MoonPhase+1","Luminosity","WasteNot","DualDimension"],"relics":["Uniform","downfall:HeartsMalice","Gremlin Horn","ReplayTheSpireMod:CursedCoin","downfall:ShatteredFragment"],"acts_visited":["Exordium"],"potions_floor_usage":[16],"damage_taken":[{"damage":0,"enemies":"Cultist","floor":2,"turns":1},{"damage":0,"enemies":"Small Slimes","floor":3,"turns":1},{"damage":0,"enemies":"ats:Genji","floor":4,"turns":1},{"damage":7,"enemies":"3 Louse","floor":5,"turns":3},{"damage":0,"enemies":"downfall:FleeingMerchant","floor":8,"turns":4},{"damage":1,"enemies":"2 Fungi Beasts","floor":11,"turns":4},{"damage":5,"enemies":"downfall:FleeingMerchant","floor":13,"turns":4},{"damage":10,"enemies":"Exordium Thugs","floor":15,"turns":2},{"damage":22,"enemies":"DF_ARCHETYPE_STREAMLINE","floor":16,"turns":4}],"seed_played":"8297299615004213004","potions_obtained":[{"floor":5,"key":"Dexterity Potion"},{"floor":11,"key":"DistilledChaos"},{"floor":12,"key":"Fire Potion"}],"is_trial":false,"path_per_floor":["R","M","M","M","M","R","T","$","R","?","M","?","$","?","M","B"],"character_chosen":"THE_SERVANT","items_purchased":["MoonPhase","ReplayTheSpireMod:CursedCoin"],"campfire_rested":0,"item_purchase_floors":[8,13],"current_hp_per_floor":[65,65,65,65,58,58,58,58,58,65,64,48,43,28,18,0,0],"gold":186,"neow_bonus":"THREE_ENEMY_KILL","is_daily":false,"chose_seed":false,"campfire_upgraded":2,"win_rate":0.0,"timestamp":1613460957,"path_taken":["R","M","M","?","M","R","T","$","R","?","M","?","$","?","M","BOSS"],"items_purchased_type":["Card","Relic"],"build_version":"2020-12-22","purchased_purges":1,"victory":false,"max_hp_per_floor":[65,65,65,65,65,65,65,65,65,65,65,65,65,65,65,65,65],"card_choices":[{"not_picked":["Revamp","Potential"],"picked":"GearUp","floor":2},{"not_picked":["FastForward","Alleviate"],"picked":"RealityMarble","floor":3},{"not_picked":["Replace","GearUp"],"picked":"Ricochet","floor":4},{"not_picked":["Spin","FastForward","Ricochet"],"picked":"SKIP","floor":5},{"not_picked":["FastForward","ReturningBlade"],"picked":"BestPractice","floor":8},{"not_picked":["Potential","Advance"],"picked":"Luminosity","floor":11},{"not_picked":["ReturningBlade","Replace"],"picked":"WasteNot","floor":12},{"not_picked":["TimeWarp","Rearm","Gouge"],"picked":"SKIP","floor":13},{"not_picked":["BottledTime","Starlight"],"picked":"DualDimension","floor":15}],"player_experience":15002,"relics_obtained":[{"floor":12,"key":"Gremlin Horn"}],"event_choices":[],"is_beta":false,"boss_relics":[],"items_purged_floors":[13],"is_endless":false,"potions_floor_spawned":[5,11,15],"killed_by":"DF_ARCHETYPE_STREAMLINE","ascension_level":0}}