{"host":"4ml9yfuv9l3eue62","time":1613514029,"event":{"mods":["AchievementEnabler","BaseMod","Colored Map","Colored Powertips","Minty Spire (QoL Compilation)","StSLib","The Cursed","The Hierophant","The Poker Player"],"gold_per_floor":[99,111,286,141,159,159,159,159],"floor_reached":6,"language":"KOR","playtime":284,"items_purged":[],"score":36,"play_id":"f139eb6b-5eac-41bf-88ee-1b2a597cbc63","local_time":"20210217072029","is_ascension_mode":false,"metric_token":606,"campfire_choices":[],"circlet_count":0,"master_deck":["PokerPlayerMod:Diamond1","PokerPlayerMod:Diamond2","PokerPlayerMod:Diamond3","PokerPlayerMod:Diamond4","PokerPlayerMod:Diamond5","PokerPlayerMod:Spade1","PokerPlayerMod:Spade2","PokerPlayerMod:Spade3","PokerPlayerMod:Spade4","PokerPlayerMod:Club1","PokerPlayerMod:Club2","PokerPlayerMod:Heart2","PokerPlayerMod:TrumpStrike","PokerPlayerMod:BadJoker","PokerPlayerMod:Mulligan","PokerPlayerMod:Diamond4","Doubt","PokerPlayerMod:Heart3"],"relics":["PokerPlayerMod:DeckCase","NeowsBlessing","Bag of Marbles"],"acts_visited":["Exordium"],"potions_floor_usage":[],"damage_taken":[{"damage":0,"enemies":"Small Slimes","floor":1,"turns":1},{"damage":0,"enemies":"2 Louse","floor":2,"turns":1},{"damage":0,"enemies":"Cultist","floor":5,"turns":1},{"damage":64,"enemies":"Gremlin Nob","floor":6,"turns":5}],"seed_played":"2832634940147700225","potions_obtained":[{"floor":2,"key":"Fire Potion"}],"is_trial":false,"path_per_floor":["M","M","?","$","M","E"],"character_chosen":"THE_POKER_PLAYER","items_purchased":["Bag of Marbles"],"campfire_rested":0,"item_purchase_floors":[4],"current_hp_per_floor":[52,52,52,52,52,0,0,0],"gold":159,"neow_bonus":"THREE_ENEMY_KILL","is_daily":false,"chose_seed":false,"campfire_upgraded":0,"win_rate":0.0,"timestamp":1613514029,"path_taken":["M","M","?","$","M","E"],"items_purchased_type":["Relic"],"build_version":"2020-12-22","purchased_purges":0,"victory":false,"max_hp_per_floor":[52,52,52,52,52,52,52,52],"card_choices":[{"not_picked":["PokerPlayerMod:Diamond1","PokerPlayerMod:Spade1","PokerPlayerMod:Trickery"],"picked":"SKIP","floor":1},{"not_picked":["PokerPlayerMod:Diamond5","PokerPlayerMod:HiddenCard"],"picked":"PokerPlayerMod:Diamond4","floor":2},{"not_picked":["PokerPlayerMod:ClubShade","PokerPlayerMod:SpadeStrike"],"picked":"PokerPlayerMod:Heart3","floor":5}],"player_experience":71214,"relics_obtained":[],"event_choices":[{"damage_healed":0,"gold_gain":175,"player_choice":"AGREE","damage_taken":0,"max_hp_gain":0,"max_hp_loss":0,"event_name":"Liars Game","floor":3,"gold_loss":0,"cards_obtained":["Doubt"]}],"is_beta":false,"boss_relics":[],"items_purged_floors":[],"is_endless":false,"potions_floor_spawned":[2],"killed_by":"Gremlin Nob","ascension_level":0}}