{"host":"ftf7rwqr5w72pdsx","time":1613442592,"event":{"mods":["BaseMod","Bestiary","Minty Spire (QoL Compilation)","Relic Stats","Slay the Relics Exporter"],"gold_per_floor":[109,126,138,156,5,5,37,37,112,142,156,116,126,138,138,233,233,243,256,130,130,130,130,155,155,225,225,150,150,179,192,192,294,294,306,306,306,306,9,9,9],"floor_reached":40,"language":"ENG","playtime":2016,"items_purged":["Strike_B"],"score":756,"play_id":"6bf85e04-1cfe-483e-bae5-49b7206eadf8","local_time":"20210215202952","is_ascension_mode":true,"campfire_choices":[{"data":"Loop","floor":6.0,"key":"SMITH"},{"data":"Barrage","floor":8.0,"key":"SMITH"},{"data":"Hologram","floor":15.0,"key":"SMITH"},{"data":"Ghostly","floor":23,"key":"SMITH"},{"data":"Ghostly","floor":25,"key":"SMITH"},{"data":"Echo Form","floor":27,"key":"SMITH"},{"data":"Storm","floor":29,"key":"SMITH"},{"data":"Ghostly","floor":32,"key":"SMITH"}],"circlet_count":0,"master_deck":["AscendersBane","Defend_B+1","Defend_B","Defend_B","Defend_B","Zap+1","Dualcast","Glacier","Loop+1","Conserve Battery","Barrage+1","Rebound+1","Electrodynamics","Capacitor","Compile Driver+1","Hologram+1","Echo Form+1","Double Energy","Leap","Ghostly+1","Ghostly","Ghostly","Ghostly+1","Ghostly+1","Storm+1","BootSequence","Beam Cell","Creative AI","Stack","Madness","Madness"],"relics":["Empty Cage","Medical Kit","Thread and Needle","Mercury Hourglass","War Paint","Runic Pyramid","Ginger","Orichalcum","Dream Catcher","Cursed Key","Toolbox","Whetstone"],"acts_visited":["Exordium","TheCity","TheBeyond"],"potions_floor_usage":[33,40],"damage_taken":[{"damage":3.0,"enemies":"Jaw Worm","floor":1.0,"turns":6.0},{"damage":0.0,"enemies":"Cultist","floor":2.0,"turns":6.0},{"damage":4.0,"enemies":"2 Louse","floor":3.0,"turns":5.0},{"damage":9.0,"enemies":"Large Slime","floor":4.0,"turns":10.0},{"damage":15.0,"enemies":"Lagavulin","floor":7.0,"turns":6.0},{"damage":1.0,"enemies":"3 Sentries","floor":10.0,"turns":8.0},{"damage":1.0,"enemies":"Exordium Wildlife","floor":11.0,"turns":3.0},{"damage":0.0,"enemies":"Looter","floor":13.0,"turns":3.0},{"damage":0.0,"enemies":"Blue Slaver","floor":14.0,"turns":4.0},{"damage":16.0,"enemies":"The Guardian","floor":16.0,"turns":9.0},{"damage":1,"enemies":"Chosen","floor":18,"turns":5},{"damage":4,"enemies":"Spheric Guardian","floor":19,"turns":5},{"damage":0,"enemies":"Slavers","floor":24,"turns":4},{"damage":19,"enemies":"Book of Stabbing","floor":30,"turns":7},{"damage":0,"enemies":"Cultist and Chosen","floor":31,"turns":6},{"damage":1,"enemies":"Automaton","floor":33,"turns":7},{"damage":0,"enemies":"Orb Walker","floor":35,"turns":6},{"damage":28,"enemies":"Reptomancer","floor":40,"turns":2}],"seed_played":"8614271089986485749","potions_obtained":[{"floor":1.0,"key":"Regen Potion"},{"floor":2.0,"key":"EssenceOfDarkness"},{"floor":12.0,"key":"LiquidBronze"},{"floor":12.0,"key":"PotionOfCapacity"},{"floor":18,"key":"Swift Potion"},{"floor":19,"key":"PowerPotion"},{"floor":33,"key":"PotionOfCapacity"}],"is_trial":false,"path_per_floor":["M","M","M","M","$","R","E","R","T","E","M","?","M","M","R","B",null,"M","M","$","?","?","R","E","R","T","R","?","R","E","M","R","B",null,"M","?","?","?","$","E"],"character_chosen":"DEFECT","items_purchased":["Medical Kit","Leap","Toolbox","Whetstone"],"campfire_rested":0,"item_purchase_floors":[5,20,39,39],"current_hp_per_floor":[65,65,61,52,52,52,49,49,49,48,47,47,47,47,47,31,64,63,59,59,37,37,37,37,37,37,37,37,37,18,18,18,17,32,32,27,27,27,27,0,0],"gold":9,"neow_bonus":"BOSS_RELIC","is_daily":false,"chose_seed":false,"campfire_upgraded":8,"win_rate":0.0,"timestamp":1613442592,"path_taken":["M","M","M","M","$","R","E","R","T","E","M","?","M","?","R","BOSS","M","M","$","?","?","R","E","R","T","R","?","R","E","M","R","BOSS","M","?","?","?","$","E"],"items_purchased_type":["Relic","Card","Relic","Relic"],"build_version":"2020-12-22","purchased_purges":1,"victory":false,"max_hp_per_floor":[75,75,75,75,75,75,75,75,75,75,75,75,75,75,75,75,75,75,75,75,37,37,37,37,37,37,37,37,37,37,37,37,37,37,37,37,37,37,37,37,37],"relic_stats":{"Dream Catcher":0,"counters":[18,99],"Ginger":[2],"Whetstone":["Rebound","Compile Driver"],"War Paint":["Defend_B","Zap"],"Orichalcum":[48],"Medical Kit":[1],"Cursed Key":0,"obtain_stats":[{"Thread and Needle":7,"Ginger":22,"Whetstone":39,"War Paint":10,"Orichalcum":24,"Empty Cage":0,"Medical Kit":5,"Cursed Key":34,"Mercury Hourglass":9,"Dream Catcher":30,"Toolbox":39,"Cracked Core":0,"Runic Pyramid":17},{"Thread and Needle":5,"Ginger":12,"Whetstone":17,"War Paint":6,"Orichalcum":13,"Empty Cage":0,"Medical Kit":4,"Cursed Key":16,"Mercury Hourglass":5,"Dream Catcher":14,"Toolbox":17,"Cracked Core":0,"Runic Pyramid":10},{"Thread and Needle":33,"Ginger":67,"Whetstone":97,"War Paint":40,"Orichalcum":71,"Empty Cage":0,"Medical Kit":27,"Cursed Key":91,"Mercury Hourglass":33,"Dream Catcher":78,"Toolbox":97,"Cracked Core":0,"Runic Pyramid":57}],"Mercury Hourglass":[285]},"card_choices":[{"not_picked":["Hologram","Tempest"],"picked":"Glacier","floor":1.0},{"not_picked":["Redo","Tempest"],"picked":"Loop","floor":2.0},{"not_picked":["Go for the Eyes","Scrape"],"picked":"Conserve Battery","floor":3.0},{"not_picked":["White Noise","Conserve Battery"],"picked":"Barrage","floor":4.0},{"not_picked":["Glacier","BootSequence"],"picked":"Rebound","floor":7.0},{"not_picked":["Streamline","FTL"],"picked":"Electrodynamics","floor":10.0},{"not_picked":["Leap","BootSequence"],"picked":"Capacitor","floor":11.0},{"not_picked":["Steam","Rebound"],"picked":"Compile Driver","floor":13.0},{"not_picked":["Go for the Eyes","Beam Cell"],"picked":"Hologram","floor":14.0},{"not_picked":["Electrodynamics","Rainbow"],"picked":"Echo Form","floor":16.0},{"not_picked":["Sweeping Beam","Undo"],"picked":"Double Energy","floor":18},{"not_picked":["Hologram","Rebound"],"picked":"Streamline","floor":19},{"not_picked":["Melter","Lockon"],"picked":"Storm","floor":24},{"not_picked":["Beam Cell","White Noise"],"picked":"BootSequence","floor":30},{"not_picked":["Ball Lightning","Melter"],"picked":"Beam Cell","floor":31},{"not_picked":["Rainbow","Machine Learning"],"picked":"Creative AI","floor":33},{"not_picked":["Gash","BootSequence"],"picked":"Stack","floor":35}],"player_experience":825343,"relics_obtained":[{"floor":7.0,"key":"Thread and Needle"},{"floor":9.0,"key":"Mercury Hourglass"},{"floor":10.0,"key":"War Paint"},{"floor":24,"key":"Orichalcum"},{"floor":30,"key":"Dream Catcher"}],"event_choices":[{"damage_healed":0.0,"max_hp_gain":0.0,"max_hp_loss":0.0,"gold_gain":0.0,"event_name":"The Woman in Blue","player_choice":"Bought 3 Potions","floor":12.0,"gold_loss":0.0,"damage_taken":0.0},{"damage_healed":0,"gold_gain":0,"player_choice":"Became a Ghost","damage_taken":0,"max_hp_gain":0,"max_hp_loss":38,"event_name":"Ghosts","floor":21,"gold_loss":0,"cards_obtained":["Ghostly","Ghostly","Ghostly","Ghostly","Ghostly"]},{"damage_healed":0,"gold_gain":0,"player_choice":"Opened","damage_taken":0,"relics_obtained":["Ginger"],"max_hp_gain":0,"max_hp_loss":0,"event_name":"The Mausoleum","floor":22,"gold_loss":0},{"cards_removed":["Strike_B"],"damage_healed":0,"gold_gain":0,"player_choice":"Gave Gold","damage_taken":0,"max_hp_gain":0,"max_hp_loss":0,"event_name":"Beggar","floor":28,"gold_loss":75},{"damage_healed":0,"gold_gain":0,"player_choice":"Embrace Madness","damage_taken":5,"max_hp_gain":0,"max_hp_loss":0,"event_name":"Winding Halls","floor":36,"gold_loss":0,"cards_obtained":["Madness","Madness"]},{"damage_healed":0,"gold_gain":0,"player_choice":"Ignored","damage_taken":0,"max_hp_gain":0,"max_hp_loss":0,"event_name":"Tomb of Lord Red Mask","floor":37,"gold_loss":0},{"cards_removed":["Streamline"],"damage_healed":0,"gold_gain":0,"player_choice":"Removed Attack","damage_taken":0,"max_hp_gain":0,"max_hp_loss":0,"event_name":"Falling","floor":38,"gold_loss":0}],"is_beta":false,"boss_relics":[{"not_picked":["Philosopher\u0027s Stone","Runic Dome"],"picked":"Runic Pyramid"},{"not_picked":["Inserter","Velvet Choker"],"picked":"Cursed Key"}],"items_purged_floors":[20],"is_endless":false,"potions_floor_spawned":[1,2,3,14,18,19,33,35],"killed_by":"Reptomancer","ascension_level":12}}