{"host":"cjhtzh7tp54jdfyv","time":1613511403,"event":{"mods":["AchievementEnabler","BaseMod","Colored Map","Colored Powertips","Curses Come First","DeckTracker","Filter the Spire","Minty Spire (QoL Compilation)","RNG Fix","Relic Sorter","Relic Stats","StSLib","UnlockEverythingMod","ojb\u0027s Better Paths Mod","ojb\u0027s Info Mod"],"gold_per_floor":[118,135,150,150,165,190,190,190,190],"floor_reached":8,"language":"ENG","playtime":403,"items_purged":[],"score":116,"play_id":"2067b9cd-08f4-488d-bf19-72313d8f4f79","local_time":"20210216163643","is_ascension_mode":true,"campfire_choices":[{"data":"Eruption","floor":7,"key":"SMITH"}],"circlet_count":0,"master_deck":["AscendersBane","Strike_P","Strike_P","Strike_P","Strike_P","Defend_P","Eruption+1","Vigilance","Consecrate","JustLucky","EmptyFist"],"relics":["Empty Cage","Nunchaku"],"acts_visited":["Exordium"],"potions_floor_usage":[6],"damage_taken":[{"damage":5,"enemies":"2 Louse","floor":1,"turns":3},{"damage":4,"enemies":"Jaw Worm","floor":2,"turns":3},{"damage":7,"enemies":"Cultist","floor":3,"turns":5},{"damage":9,"enemies":"Looter","floor":5,"turns":2},{"damage":17,"enemies":"Lagavulin","floor":6,"turns":7},{"damage":20,"enemies":"3 Sentries","floor":8,"turns":3}],"seed_played":"1947305700229365530","potions_obtained":[{"floor":2,"key":"ColorlessPotion"},{"floor":5,"key":"Weak Potion"}],"is_trial":false,"path_per_floor":["M","M","M","?","M","E","R","E"],"character_chosen":"WATCHER","items_purchased":[],"campfire_rested":0,"item_purchase_floors":[],"current_hp_per_floor":[56,52,45,45,36,19,19,0,0],"gold":190,"neow_bonus":"BOSS_RELIC","is_daily":false,"chose_seed":false,"campfire_upgraded":1,"win_rate":0.0,"timestamp":1613511403,"path_taken":["M","M","M","?","M","E","R","E"],"items_purchased_type":[],"build_version":"2020-12-22","purchased_purges":0,"victory":false,"max_hp_per_floor":[68,68,68,68,68,68,68,68,68],"relic_stats":{"Nunchaku":[0],"counters":[6,23],"obtain_stats":[{"Nunchaku":6,"PureWater":0,"Empty Cage":0},{"Nunchaku":5,"PureWater":0,"Empty Cage":0},{"Nunchaku":20,"PureWater":0,"Empty Cage":0}]},"card_choices":[{"not_picked":["JustLucky","Pray"],"picked":"Consecrate","floor":1},{"not_picked":["PathToVictory","SandsOfTime"],"picked":"JustLucky","floor":2},{"not_picked":["Pray","ForeignInfluence"],"picked":"EmptyFist","floor":3},{"not_picked":["EmptyFist","Protect","SashWhip"],"picked":"SKIP","floor":5},{"not_picked":["Wallop","SashWhip","Prostrate"],"picked":"SKIP","floor":6}],"player_experience":4935941,"relics_obtained":[{"floor":6,"key":"Nunchaku"}],"event_choices":[{"cards_removed":["Defend_P"],"damage_healed":0,"gold_gain":0,"player_choice":"Forget","damage_taken":0,"max_hp_gain":0,"max_hp_loss":0,"event_name":"Living Wall","floor":4,"gold_loss":0}],"is_beta":false,"boss_relics":[],"items_purged_floors":[],"is_endless":false,"potions_floor_spawned":[2,5],"killed_by":"3 Sentries","ascension_level":20}}