{"host":"1xo5g347e5o4auts","time":1613467181,"event":{"mods":["BaseMod","Minty Spire (QoL Compilation)","Permanent Neow","StSLib"],"gold_per_floor":[12,12,22,38,38,38,38,71,123,150,150,165,182,201,201,274,274,286,286,286,301,316,316,329,362,430,456,456,481,510,528,528,605,605,620,501,501,501,516,541,31,58,82,112,112,112,112,142,142,142,142,142,142,36,70,70],"floor_reached":57,"language":"ENG","playtime":2037,"items_purged":["Strike_R+1","Strike_R+1"],"score":2972,"play_id":"3484f7f9-8a03-4a4f-bce6-89089e1454aa","local_time":"20210216111941","is_ascension_mode":true,"campfire_choices":[{"data":"Anger","floor":6.0,"key":"SMITH"},{"data":"True Grit","floor":11.0,"key":"SMITH"},{"data":"Bash","floor":15.0,"key":"SMITH"},{"data":"Disarm","floor":23.0,"key":"SMITH"},{"data":"Combust","floor":28.0,"key":"SMITH"},{"data":"Feed","floor":32.0,"key":"SMITH"},{"floor":47.0,"key":"RECALL"},{"data":"Demon Form","floor":49.0,"key":"SMITH"},{"floor":53,"key":"REST"}],"circlet_count":0,"master_deck":["AscendersBane","Strike_R+1","Strike_R+1","Defend_R+1","Defend_R+1","Defend_R+1","Defend_R+1","Bash+1","Anger+1","Combust+1","True Grit+1","Feed+1","Power Through","Impervious","Hemokinesis","Disarm+1","Shockwave+1","Rupture+1","Pommel Strike+1","Spot Weakness+1","Exhume+1","Spot Weakness+1","Headbutt","Double Tap+1","Limit Break+1","Feel No Pain+1","Demon Form+1","Iron Wave+1"],"relics":["Burning Blood","CaptainsWheel","WarpedTongs","Strawberry","Lantern","Meat on the Bone","Velvet Choker","Toxic Egg 2","InkBottle","Kunai","Vajra","MealTicket","Runic Pyramid","WingedGreaves","OrangePellets","Potion Belt","Juzu Bracelet","Prayer Wheel","Lizard Tail","Ice Cream"],"acts_visited":["Exordium","TheCity","TheBeyond","TheEnding"],"potions_floor_usage":[55,56,56,56,56,56],"damage_taken":[{"damage":2.0,"enemies":"2 Louse","floor":1.0,"turns":3.0},{"damage":1.0,"enemies":"Cultist","floor":3.0,"turns":4.0},{"damage":3.0,"enemies":"Small Slimes","floor":4.0,"turns":4.0},{"damage":5.0,"enemies":"Lagavulin","floor":8.0,"turns":5.0},{"damage":8.0,"enemies":"Gremlin Nob","floor":10.0,"turns":4.0},{"damage":5.0,"enemies":"2 Fungi Beasts","floor":12.0,"turns":2.0},{"damage":6.0,"enemies":"Red Slaver","floor":13.0,"turns":4.0},{"damage":12.0,"enemies":"Exordium Thugs","floor":14.0,"turns":5.0},{"damage":50.0,"enemies":"Hexaghost","floor":16.0,"turns":9.0},{"damage":1.0,"enemies":"Chosen","floor":18.0,"turns":4.0},{"damage":5.0,"enemies":"Spheric Guardian","floor":21.0,"turns":5.0},{"damage":2.0,"enemies":"Snake Plant","floor":22.0,"turns":4.0},{"damage":14.0,"enemies":"3 Cultists","floor":24.0,"turns":7.0},{"damage":22.0,"enemies":"Book of Stabbing","floor":25.0,"turns":6.0},{"damage":35.0,"enemies":"Gremlin Leader","floor":27.0,"turns":5.0},{"damage":14.0,"enemies":"Book of Stabbing","floor":30.0,"turns":7.0},{"damage":13.0,"enemies":"Snecko","floor":31.0,"turns":8.0},{"damage":37.0,"enemies":"Champ","floor":33.0,"turns":12.0},{"damage":2.0,"enemies":"Orb Walker","floor":35.0,"turns":4.0},{"damage":15.0,"enemies":"3 Shapes","floor":39.0,"turns":5.0},{"damage":8.0,"enemies":"Nemesis","floor":40.0,"turns":11.0},{"damage":51.0,"enemies":"Reptomancer","floor":42.0,"turns":7.0},{"damage":20.0,"enemies":"Giant Head","floor":44.0,"turns":7.0},{"damage":6.0,"enemies":"Nemesis","floor":48.0,"turns":5.0},{"damage":46,"enemies":"Time Eater","floor":50,"turns":9},{"damage":50,"enemies":"Awakened One","floor":51,"turns":12},{"damage":54,"enemies":"Shield and Spear","floor":55,"turns":9},{"damage":82,"enemies":"The Heart","floor":56,"turns":8}],"seed_played":"-8245409657862272663","potions_obtained":[{"floor":4.0,"key":"Energy Potion"},{"floor":8.0,"key":"Ancient Potion"},{"floor":10.0,"key":"Fruit Juice"},{"floor":14.0,"key":"ColorlessPotion"},{"floor":22.0,"key":"DuplicationPotion"},{"floor":24.0,"key":"DistilledChaos"},{"floor":33.0,"key":"Block Potion"},{"floor":35.0,"key":"ColorlessPotion"},{"floor":38.0,"key":"GamblersBrew"},{"floor":44.0,"key":"Swift Potion"}],"is_trial":false,"path_per_floor":["M","?","M","M","?","R","?","E","T","E","R","M","M","M","R","B",null,"M","?","?","M","M","R","M","E","T","E","R","T","E","M","R","B",null,"M","$","?","?","M","E","$","E","T","E","?","?","R","E","R","B","B",null,"R","$","E","B",null],"character_chosen":"IRONCLAD","items_purchased":["Spot Weakness+1","Limit Break+1","OrangePellets","Potion Belt","EntropicBrew"],"campfire_rested":1,"item_purchase_floors":[36,41,41,41,54],"current_hp_per_floor":[72,72,75,75,52,52,52,60,60,58,58,59,59,53,53,21,67,72,72,72,73,77,77,77,65,65,48,48,48,56,65,65,46,88,96,106,106,106,105,107,118,77,77,79,79,79,79,83,83,59,31,107,132,132,88,24],"gold":70,"neow_bonus":"ONE_RARE_RELIC","is_daily":false,"chose_seed":false,"campfire_upgraded":7,"win_rate":0.0,"timestamp":1613467181,"path_taken":["M","?","M","?","?","R","?","E","T","E","R","?","M","M","R","BOSS","M","?","?","M","M","R","?","E","T","E","R","?","E","M","R","BOSS","M","$","?","?","M","E","$","E","T","E","?","?","R","E","R","BOSS","BOSS","R","$","E","BOSS"],"items_purchased_type":["Card","Card","Relic","Relic","Potion"],"build_version":"2020-12-22","purchased_purges":2,"victory":true,"max_hp_per_floor":[75,75,75,75,75,75,75,82,82,82,82,82,82,82,82,82,82,82,82,82,82,82,82,90,94,94,94,94,94,98,102,102,102,102,106,106,106,106,114,118,118,122,122,126,120,120,120,124,124,128,132,132,132,132,136,136],"card_choices":[{"not_picked":["Pommel Strike","Power Through"],"picked":"Anger","floor":1.0},{"not_picked":["Intimidate","Armaments"],"picked":"Combust","floor":3.0},{"not_picked":["Thunderclap","Metallicize","Ghostly Armor"],"picked":"SKIP","floor":4.0},{"not_picked":["Body Slam","Metallicize","Thunderclap"],"picked":"SKIP","floor":8.0},{"not_picked":["Headbutt","Twin Strike"],"picked":"True Grit","floor":10.0},{"not_picked":["Cleave","Berserk","True Grit"],"picked":"SKIP","floor":12.0},{"not_picked":["Perfected Strike","Clash","Iron Wave"],"picked":"SKIP","floor":13.0},{"not_picked":["Perfected Strike","Searing Blow","Pummel"],"picked":"SKIP","floor":14.0},{"not_picked":["Fiend Fire","Barricade"],"picked":"Feed","floor":16.0},{"not_picked":["Wild Strike","Warcry"],"picked":"Power Through","floor":18.0},{"not_picked":["Dark Embrace","True Grit"],"picked":"Hemokinesis","floor":21.0},{"not_picked":["Warcry","Entrench"],"picked":"Disarm","floor":22.0},{"not_picked":["Thunderclap","Perfected Strike","Flex+1"],"picked":"SKIP","floor":24.0},{"not_picked":["Rage+1","Brutality"],"picked":"Shockwave+1","floor":25.0},{"not_picked":["Anger+1","Iron Wave","Rupture"],"picked":"SKIP","floor":27.0},{"not_picked":["Anger+1","Iron Wave"],"picked":"Rupture","floor":27.0},{"not_picked":["Power Through+1","Twin Strike+1"],"picked":"Pommel Strike+1","floor":30.0},{"not_picked":["True Grit+1","Cleave"],"picked":"Spot Weakness+1","floor":31.0},{"not_picked":["Offering+1","Corruption"],"picked":"Exhume+1","floor":33.0},{"not_picked":["Heavy Blade","Twin Strike","Cleave"],"picked":"SKIP","floor":35.0},{"not_picked":["Havoc+1","Warcry+1"],"picked":"Headbutt","floor":39.0},{"not_picked":["Havoc+1","Spot Weakness+1"],"picked":"Double Tap+1","floor":40.0},{"not_picked":["Infernal Blade+1","Hemokinesis","Headbutt"],"picked":"SKIP","floor":42.0},{"not_picked":["Reckless Charge","Searing Blow"],"picked":"Feel No Pain+1","floor":44.0},{"not_picked":["Anger","Whirlwind"],"picked":"Demon Form","floor":48.0},{"not_picked":["Clothesline","Iron Wave+1","Dark Embrace"],"picked":"SKIP","floor":55},{"not_picked":["Clothesline","Dark Embrace"],"picked":"Iron Wave+1","floor":55}],"player_experience":1492055,"relics_obtained":[{"floor":8.0,"key":"Strawberry"},{"floor":9.0,"key":"Lantern"},{"floor":10.0,"key":"Meat on the Bone"},{"floor":25.0,"key":"Toxic Egg 2"},{"floor":26.0,"key":"InkBottle"},{"floor":27.0,"key":"Kunai"},{"floor":29.0,"key":"Vajra"},{"floor":30.0,"key":"MealTicket"},{"floor":40.0,"key":"WingedGreaves"},{"floor":42.0,"key":"Juzu Bracelet"},{"floor":44.0,"key":"Prayer Wheel"},{"floor":48.0,"key":"Lizard Tail"},{"floor":55,"key":"Ice Cream"}],"event_choices":[{"damage_healed":0.0,"max_hp_gain":0.0,"max_hp_loss":0.0,"gold_gain":0.0,"event_name":"Accursed Blacksmith","player_choice":"Rummage","floor":2.0,"gold_loss":0.0,"damage_taken":0.0,"relics_obtained":["WarpedTongs"],"cards_obtained":["Pain"]},{"damage_healed":0.0,"max_hp_gain":0.0,"max_hp_loss":0.0,"gold_gain":0.0,"event_name":"Shining Light","player_choice":"Entered Light","floor":5.0,"gold_loss":0.0,"damage_taken":23.0,"cards_upgraded":["Defend_R","Strike_R"]},{"cards_removed":["Pain"],"damage_healed":0.0,"max_hp_gain":0.0,"max_hp_loss":0.0,"gold_gain":0.0,"event_name":"Purifier","player_choice":"Purged","floor":7.0,"gold_loss":0.0,"damage_taken":0.0},{"damage_healed":0.0,"max_hp_gain":0.0,"max_hp_loss":0.0,"gold_gain":0.0,"event_name":"Back to Basics","player_choice":"Simplicity","floor":19.0,"gold_loss":0.0,"damage_taken":0.0,"cards_upgraded":["Strike_R","Strike_R","Strike_R","Strike_R","Defend_R","Defend_R","Defend_R"]},{"damage_healed":0.0,"max_hp_gain":0.0,"max_hp_loss":0.0,"gold_gain":0.0,"event_name":"Match and Keep!","player_choice":"1 cards matched","floor":20.0,"gold_loss":0.0,"damage_taken":0.0,"cards_obtained":["Impervious"]},{"cards_removed":["Strike_R"],"damage_healed":0.0,"max_hp_gain":0.0,"max_hp_loss":0.0,"gold_gain":0.0,"event_name":"Falling","player_choice":"Removed Attack","floor":37.0,"gold_loss":0.0,"damage_taken":0.0},{"damage_healed":0.0,"max_hp_gain":0.0,"max_hp_loss":0.0,"gold_gain":0.0,"event_name":"Lab","player_choice":"Got Potions","floor":38.0,"gold_loss":0.0,"damage_taken":0.0},{"damage_healed":0.0,"max_hp_gain":0.0,"max_hp_loss":6.0,"gold_gain":0.0,"event_name":"Winding Halls","player_choice":"Max HP","floor":45.0,"gold_loss":0.0,"damage_taken":0.0},{"damage_healed":0.0,"max_hp_gain":0.0,"max_hp_loss":0.0,"gold_gain":0.0,"event_name":"Upgrade Shrine","player_choice":"Upgraded","floor":46.0,"gold_loss":0.0,"damage_taken":0.0,"cards_upgraded":["Rupture"]}],"is_beta":false,"boss_relics":[{"not_picked":["Mark of Pain","Runic Cube"],"picked":"Velvet Choker"},{"not_picked":["Sozu","Pandora\u0027s Box"],"picked":"Runic Pyramid"}],"items_purged_floors":[36,41],"is_endless":false,"potions_floor_spawned":[4,8,10,14,22,24,25,33,35,39,44],"ascension_level":20}}