{"host":"d0btaf6p0msba79e","time":1613478696,"event":{"mods":["BaseMod","BetterRewards","Minty Spire (QoL Compilation)"],"gold_per_floor":[112,125,75,134,151,182,182,257,284,332,332,345,345,371,371,466,466,481,481,491,491,590,590,616,531,606,606,620,639,293,311,311,409,409,428,448,448,428,438,438,188,220,220,220,251,297,317,332,332,332,332,332,26,53,53,53],"floor_reached":55,"language":"ENG","playtime":4510,"items_purged":["LikeWater","Prostrate"],"score":933,"play_id":"747774ce-2138-4d23-91d8-d222cba6218f","local_time":"20210216233136","is_ascension_mode":true,"campfire_choices":[{"data":"Judgement","floor":7,"key":"SMITH"},{"data":"ForeignInfluence","floor":11,"key":"SMITH"},{"floor":13,"key":"REST"},{"data":"Wish","floor":15,"key":"SMITH"},{"floor":23,"key":"REST"},{"floor":27,"key":"REST"},{"floor":32,"key":"REST"},{"floor":40,"key":"RECALL"},{"floor":44,"key":"REST"},{"floor":49,"key":"REST"},{"floor":52,"key":"REST"}],"circlet_count":0,"master_deck":["Eruption","Vigilance","Judgement+1","EmptyMind","ReachHeaven","ForeignInfluence+1","Wish+1","FearNoEvil","Meditate","DevaForm","Halt","FlurryOfBlows","DeusExMachina","FlurryOfBlows","Wireheading","WheelKick","Tantrum","ThirdEye","Halt+1","Wallop","Perseverance","Ragnarok","InnerPeace+1","FlurryOfBlows","CarveReality","FlurryOfBlows+1","BattleHymn","TalkToTheHand","Secret Weapon","CarveReality","Perseverance+1"],"relics":["Pandora\u0027s Box","Vajra","Potion Belt","Smiling Mask","Shuriken","SacredBark","MutagenicStrength","Ornamental Fan","Akabeko","Bottled Flame","Sling","Fusion Hammer","HornCleat","Eternal Feather","Bottled Tornado","Du-Vu Doll","Art of War"],"acts_visited":["Exordium","TheCity","TheBeyond","TheEnding"],"potions_floor_usage":[24,24,24,24,28,29,39,45,50,50,54,55],"damage_taken":[{"damage":0,"enemies":"Cultist","floor":1,"turns":1},{"damage":0,"enemies":"2 Louse","floor":2,"turns":2},{"damage":6,"enemies":"Small Slimes","floor":5,"turns":3},{"damage":8,"enemies":"Gremlin Nob","floor":6,"turns":3},{"damage":11,"enemies":"Looter","floor":12,"turns":2},{"damage":3,"enemies":"3 Sentries","floor":14,"turns":3},{"damage":0,"enemies":"Slime Boss","floor":16,"turns":6},{"damage":23,"enemies":"2 Thieves","floor":18,"turns":4},{"damage":9,"enemies":"Chosen","floor":20,"turns":3},{"damage":33,"enemies":"Slavers","floor":24,"turns":4},{"damage":4,"enemies":"Snake Plant","floor":28,"turns":2},{"damage":10,"enemies":"Centurion and Healer","floor":29,"turns":3},{"damage":0,"enemies":"Snecko","floor":31,"turns":2},{"damage":12,"enemies":"Champ","floor":33,"turns":6},{"damage":2,"enemies":"3 Shapes","floor":35,"turns":3},{"damage":18,"enemies":"3 Darklings","floor":36,"turns":3},{"damage":0,"enemies":"Maw","floor":39,"turns":4},{"damage":4,"enemies":"Nemesis","floor":42,"turns":3},{"damage":0,"enemies":"Reptomancer","floor":45,"turns":3},{"damage":0,"enemies":"2 Orb Walkers","floor":46,"turns":3},{"damage":18,"enemies":"Spire Growth","floor":47,"turns":3},{"damage":0,"enemies":"Jaw Worm Horde","floor":48,"turns":3},{"damage":24,"enemies":"Donu and Deca","floor":50,"turns":5},{"damage":32,"enemies":"Shield and Spear","floor":54,"turns":3},{"damage":111,"enemies":"The Heart","floor":55,"turns":5}],"seed_played":"3888585085440246595","potions_obtained":[{"floor":5,"key":"Dexterity Potion"},{"floor":14,"key":"FairyPotion"},{"floor":16,"key":"Dexterity Potion"},{"floor":20,"key":"EntropicBrew"},{"floor":24,"key":"LiquidMemories"},{"floor":29,"key":"Explosive Potion"},{"floor":38,"key":"Swift Potion"},{"floor":45,"key":"Block Potion"},{"floor":47,"key":"DistilledChaos"},{"floor":48,"key":"Regen Potion"},{"floor":54,"key":"Strength Potion"}],"is_trial":false,"path_per_floor":["M","M","?","?","M","E","R","?","T","T","R","M","R","E","R","B",null,"M","?","M","?","?","R","E","?","T","R","M","M","$","M","R","B",null,"M","M","?","?","M","R","$","E","T","R","E","?","M","M","R","B",null,"R","$","E","B"],"character_chosen":"WATCHER","items_purchased":["Sling","Wallop","Perseverance","HornCleat","Secret Weapon","CarveReality"],"campfire_rested":7,"item_purchase_floors":[30,30,30,41,53,53],"current_hp_per_floor":[72,72,72,72,66,58,58,47,47,47,47,36,57,54,54,54,72,49,49,40,40,40,61,28,28,28,49,45,35,35,35,56,44,72,70,52,52,52,52,52,52,48,48,72,72,72,54,54,72,72,72,72,72,40,0,0],"gold":53,"neow_bonus":"BOSS_RELIC","is_daily":false,"chose_seed":false,"campfire_upgraded":3,"win_rate":0.0,"timestamp":1613478696,"path_taken":["M","?","?","?","M","E","R","?","T","?","R","M","R","E","R","BOSS","M","?","M","?","?","R","E","?","T","R","M","M","$","?","R","BOSS","M","M","?","?","?","R","$","E","T","R","E","?","M","M","R","BOSS","R","$","E","BOSS"],"items_purchased_type":["Relic","Card","Card","Relic","Card","Card"],"build_version":"2020-12-22","purchased_purges":2,"victory":false,"max_hp_per_floor":[72,72,72,72,72,72,72,72,72,72,72,72,72,72,72,72,72,72,72,72,72,72,72,72,72,72,72,72,72,72,72,72,72,72,72,72,72,72,72,72,72,72,72,72,72,72,72,72,72,72,72,72,72,72,72,72],"card_choices":[{"not_picked":["Crescendo","WaveOfTheHand"],"picked":"LikeWater","floor":1},{"not_picked":["CrushJoints","Pray"],"picked":"CutThroughFate","floor":2},{"not_picked":["EmptyBody","Swivel"],"picked":"Meditate","floor":5},{"not_picked":["FlyingSleeves","WaveOfTheHand"],"picked":"DevaForm","floor":6},{"not_picked":["Swivel","SignatureMove"],"picked":"Halt","floor":12},{"not_picked":["Nirvana","SandsOfTime"],"picked":"FlurryOfBlows","floor":14},{"not_picked":["Omniscience","Scrawl"],"picked":"DeusExMachina","floor":16},{"not_picked":["FearNoEvil","Consecrate"],"picked":"FlurryOfBlows","floor":18},{"not_picked":["InnerPeace+1","Crescendo"],"picked":"WheelKick","floor":20},{"not_picked":["FlurryOfBlows","WindmillStrike"],"picked":"Tantrum","floor":24},{"not_picked":["SashWhip+1","Vengeance+1"],"picked":"ThirdEye","floor":28},{"not_picked":["JustLucky","EmptyFist+1"],"picked":"Halt+1","floor":29},{"not_picked":["Crescendo","EmptyBody","FlyingSleeves+1"],"picked":"SKIP","floor":31},{"not_picked":["Devotion","Establishment"],"picked":"Ragnarok","floor":33},{"not_picked":["Consecrate+1","ClearTheMind+1"],"picked":"InnerPeace+1","floor":35},{"not_picked":["WindmillStrike+1","BowlingBash+1"],"picked":"FlurryOfBlows","floor":36},{"not_picked":["Establishment","ThirdEye+1"],"picked":"CarveReality","floor":39},{"not_picked":["ReachHeaven+1","Consecrate","SignatureMove+1"],"picked":"SKIP","floor":42},{"not_picked":["ClearTheMind+1","Judgement"],"picked":"FlurryOfBlows+1","floor":45},{"not_picked":["EmptyFist","CutThroughFate"],"picked":"BattleHymn","floor":46},{"not_picked":["Protect","Prostrate"],"picked":"TalkToTheHand","floor":47},{"not_picked":["EmptyBody","InnerPeace","Pray"],"picked":"SKIP","floor":48},{"not_picked":["EmptyFist+1","FearNoEvil+1"],"picked":"Perseverance+1","floor":54}],"player_experience":1021566,"relics_obtained":[{"floor":6,"key":"Vajra"},{"floor":9,"key":"Potion Belt"},{"floor":10,"key":"Smiling Mask"},{"floor":14,"key":"Shuriken"},{"floor":24,"key":"Ornamental Fan"},{"floor":26,"key":"Bottled Flame"},{"floor":42,"key":"Eternal Feather"},{"floor":45,"key":"Bottled Tornado"},{"floor":46,"key":"Du-Vu Doll"},{"floor":54,"key":"Art of War"}],"event_choices":[{"cards_removed":["WaveOfTheHand"],"damage_healed":0,"gold_gain":0,"player_choice":"Card Removal","damage_taken":0,"max_hp_gain":0,"max_hp_loss":0,"event_name":"The Cleric","floor":3,"gold_loss":50},{"damage_healed":0,"gold_gain":59,"player_choice":"Gained Gold","damage_taken":0,"max_hp_gain":0,"max_hp_loss":0,"event_name":"Golden Wing","floor":4,"gold_loss":0},{"damage_healed":0,"gold_gain":75,"player_choice":"Gather Gold","damage_taken":11,"max_hp_gain":0,"max_hp_loss":0,"event_name":"World of Goop","floor":8,"gold_loss":0},{"damage_healed":0,"gold_gain":0,"player_choice":"Read","damage_taken":0,"max_hp_gain":0,"max_hp_loss":0,"event_name":"The Library","floor":19,"gold_loss":0,"cards_obtained":["Wireheading"]},{"damage_healed":0,"gold_gain":0,"player_choice":"Inject Mutagens","damage_taken":0,"relics_obtained":["MutagenicStrength"],"max_hp_gain":0,"max_hp_loss":0,"event_name":"Drug Dealer","floor":21,"gold_loss":0},{"damage_healed":0,"gold_gain":99,"player_choice":"Stole From Cult","damage_taken":0,"max_hp_gain":0,"max_hp_loss":0,"event_name":"Nest","floor":22,"gold_loss":0},{"damage_healed":0,"gold_gain":0,"player_choice":"Obtained Relic","damage_taken":0,"relics_obtained":["Akabeko"],"max_hp_gain":0,"max_hp_loss":0,"event_name":"Addict","floor":25,"gold_loss":85},{"cards_removed":["CutThroughFate"],"damage_healed":0,"gold_gain":0,"player_choice":"Removed Attack","damage_taken":0,"max_hp_gain":0,"max_hp_loss":0,"event_name":"Falling","floor":37,"gold_loss":0},{"damage_healed":0,"gold_gain":0,"player_choice":"Bought 1 Potion","damage_taken":0,"max_hp_gain":0,"max_hp_loss":0,"event_name":"The Woman in Blue","floor":38,"gold_loss":0},{"damage_healed":0,"gold_gain":0,"player_choice":"Fight","damage_taken":0,"max_hp_gain":0,"max_hp_loss":0,"event_name":"Mysterious Sphere","floor":46,"gold_loss":0}],"is_beta":false,"boss_relics":[{"not_picked":["Empty Cage","Runic Dome"],"picked":"SacredBark"},{"not_picked":["Philosopher\u0027s Stone","Tiny House"],"picked":"Fusion Hammer"}],"items_purged_floors":[30,53],"is_endless":false,"potions_floor_spawned":[5,14,16,20,24,29,45,47,48,54],"killed_by":"The Heart","ascension_level":2}}