{"host":"5ltnt8ke80ae4k0i","time":1613463237,"event":{"mods":["100% Spire Juice","Act Like it!","BaseMod","Challenge The Spire","Downfall","Energized Spire","Gensokyo","Luminous","Minty Spire (QoL Compilation)","Quick Restart","READ ME - Guardian Mod","Relic Stats","Remilia（蕾米莉亚）","Replay The Spire","RumiaBox-露米娅的神秘盒子","Spicy Shops","StSLib","Waifu the Spire","Yakumo Yukari mod","【功能Mod】混沌之环修复补丁","【功能Mod】聪明的最终Boss","【遗物卡牌】REMEMod"],"gold_per_floor":[99,99,116,127,140,140,140,171,171,251,251,265,290,306,316,395,395,395,407,417,417,27,27,27,77,77,92,119,119,119],"floor_reached":29,"language":"ZHS","playtime":1540,"items_purged":[],"score":626,"play_id":"72575564-6d03-4ac1-a978-09ff7180e81d","local_time":"20210216161357","is_ascension_mode":true,"campfire_choices":[{"floor":1,"key":"RECALL"},{"floor":6,"key":"REST"},{"floor":9,"key":"REST"},{"data":"Static Discharge","floor":18,"key":"SMITH"},{"floor":26,"key":"REST"}],"circlet_count":0,"master_deck":["AscendersBane","Strike_RM","Strike_RM","Strike_RM","Strike_RM","Defend_RM","Defend_RM","Defend_RM","Defend_RM","RedMoon","ScarletShoot","Static Discharge+1","VampireFantasy","MiserableFate","MastersStateliness","ChaoticDestiny+1","RedNightlessCastle","FavorOfDestiny","ScarletMeister+1","Stigmanizer","Atom Bomb","BloodAndWine","Lust_TH","Doubt","Pot Of Greed","Pot Of Greed","Pot Of Greed"],"relics":["ScarletHat","REME_ComplimentaryCards","GodSword5","ScarletDevilRocket","Quantum Egg","Gambling Chip","Replay:Grab Bag","Cursed Key","Busted Crown","AddBug","REME_ComplimentaryCards","ScarletDevilRocket","Medical Kit","Torii","Orichalcum","RedBat","Grinning Jar","Bird Faced Urn"],"acts_visited":["Exordium","TheCity"],"potions_floor_usage":[15,16,25],"damage_taken":[{"damage":0,"enemies":"2 Louse","floor":3,"turns":3},{"damage":2,"enemies":"Cultist","floor":4,"turns":6},{"damage":8,"enemies":"Small Slimes","floor":5,"turns":4},{"damage":37,"enemies":"Gremlin Nob","floor":8,"turns":6},{"damage":10,"enemies":"3 Louse","floor":12,"turns":5},{"damage":27,"enemies":"Lagavulin","floor":13,"turns":9},{"damage":2,"enemies":"Blue Slaver","floor":14,"turns":4},{"damage":8,"enemies":"Large Slime","floor":15,"turns":6},{"damage":0,"enemies":"WA_ARCHETYPE_RETAIN","floor":16,"turns":12},{"damage":22,"enemies":"3 Byrds","floor":19,"turns":4},{"damage":1,"enemies":"Chosen","floor":20,"turns":5},{"damage":0,"enemies":"downfall:FleeingMerchant","floor":22,"turns":4},{"damage":27,"enemies":"REME_1_Revenger","floor":25,"turns":5},{"damage":12,"enemies":"3 Cultists","floor":27,"turns":5},{"damage":28,"enemies":"Book of Stabbing","floor":28,"turns":6},{"damage":69,"enemies":"Chosen and Byrds","floor":29,"turns":10}],"seed_played":"3854718710013849996","potions_obtained":[{"floor":4,"key":"SteroidPotion"},{"floor":8,"key":"LiquidMemories"},{"floor":15,"key":"Fire Potion"},{"floor":16,"key":"DistilledChaos"},{"floor":25,"key":"Ancient Potion"}],"is_trial":false,"path_per_floor":["R","?","M","M","M","R","T","E","R","T","?","M","E","M","M","B",null,"R","M","M","?","$","?","T","E","R","M","E","M"],"character_chosen":"REMILIA","items_purchased":["Medical Kit","Torii","Orichalcum"],"campfire_rested":3,"item_purchase_floors":[22,22,22],"current_hp_per_floor":[70,70,70,68,60,77,77,40,68,68,68,61,38,37,32,35,75,75,58,66,66,66,66,66,46,74,65,53,0,0],"gold":119,"neow_bonus":"TEN_PERCENT_HP_BONUS","is_daily":false,"chose_seed":false,"campfire_upgraded":1,"win_rate":0.0,"timestamp":1613463237,"path_taken":["R","?","M","?","M","R","T","E","R","?","?","M","E","M","M","BOSS","R","M","M","?","$","?","T","E","R","M","E","M"],"items_purchased_type":["Relic","Relic","Relic"],"build_version":"2020-12-22","purchased_purges":0,"victory":false,"max_hp_per_floor":[77,77,77,77,77,77,77,77,77,77,77,77,77,77,77,77,77,77,77,77,77,77,77,77,77,77,77,77,77,77],"relic_stats":{"Busted Crown":12,"Torii":2,"counters":[16,94],"Gambling Chip":[9],"Bird Faced Urn":[6],"Orichalcum":[60],"Cursed Key":1,"Medical Kit":[0],"obtain_stats":[{"ScarletDevilRocket":8,"Torii":22,"Quantum Egg":10,"Replay:Grab Bag":17,"AddBug":17,"Orichalcum":22,"Cursed Key":17,"Medical Kit":22,"ScarletHat":0,"RedBat":24,"Busted Crown":17,"Gambling Chip":13,"Bird Faced Urn":28,"GodSword5":7,"Grinning Jar":25,"REME_ComplimentaryCards":0},{"ScarletDevilRocket":4,"Torii":12,"Quantum Egg":4,"Replay:Grab Bag":9,"AddBug":9,"Orichalcum":12,"Cursed Key":9,"Medical Kit":12,"ScarletHat":0,"RedBat":12,"Busted Crown":9,"Gambling Chip":6,"Bird Faced Urn":15,"GodSword5":3,"Grinning Jar":13,"REME_ComplimentaryCards":0},{"ScarletDevilRocket":19,"Torii":68,"Quantum Egg":19,"Replay:Grab Bag":55,"AddBug":55,"Orichalcum":68,"Cursed Key":55,"Medical Kit":68,"ScarletHat":0,"RedBat":68,"Busted Crown":55,"Gambling Chip":33,"Bird Faced Urn":84,"GodSword5":13,"Grinning Jar":73,"REME_ComplimentaryCards":0}]},"card_choices":[{"not_picked":["BombardNight","BlasphemousPunishment"],"picked":"VampireFantasy","floor":3},{"not_picked":["VampireKiss","StarOfDavid"],"picked":"MiserableFate","floor":4},{"not_picked":["DiffusionOfMisfortune","BlasphemousPunishment"],"picked":"TransientEternity","floor":5},{"not_picked":["BloodHunter","ReincarnationDial"],"picked":"MastersStateliness","floor":8},{"not_picked":["FavorOfDestiny","UnstableMagic"],"picked":"ChaoticDestiny","floor":12},{"not_picked":["VampireKiss","ChaoticDestiny"],"picked":"RedNightlessCastle","floor":13},{"not_picked":["LeisurelyOfLord","RedRainbow","StarOfDavid"],"picked":"SKIP","floor":14},{"not_picked":["MiserableFate","EndlessAdversity"],"picked":"FavorOfDestiny","floor":15},{"not_picked":["TransientEternity","HellCatastrophe"],"picked":"ScarletMeister","floor":16},{"not_picked":[],"picked":"Stigmanizer","floor":19},{"not_picked":["ScarletGensokyo"],"picked":"SKIP","floor":20},{"not_picked":[],"picked":"BloodAndWine","floor":22},{"not_picked":["MiserableFate"],"picked":"SKIP","floor":25},{"not_picked":["ForbiddenFruit"],"picked":"SKIP","floor":27},{"not_picked":["ForbiddenFruit"],"picked":"SKIP","floor":28}],"player_experience":224368,"relics_obtained":[{"floor":7,"key":"GodSword5"},{"floor":8,"key":"ScarletDevilRocket"},{"floor":10,"key":"Quantum Egg"},{"floor":13,"key":"Gambling Chip"},{"floor":19,"key":"REME_ComplimentaryCards"},{"floor":20,"key":"ScarletDevilRocket"},{"floor":24,"key":"RedBat"},{"floor":25,"key":"Grinning Jar"},{"floor":28,"key":"Bird Faced Urn"}],"event_choices":[{"cards_removed":["TransientEternity"],"damage_healed":0,"gold_gain":0,"player_choice":"Card Removal","damage_taken":0,"max_hp_gain":0,"max_hp_loss":0,"event_name":"The Cleric","floor":11,"gold_loss":0},{"damage_healed":0,"gold_gain":0,"player_choice":"Ignored","damage_taken":0,"max_hp_gain":0,"max_hp_loss":0,"event_name":"Ghosts","floor":21,"gold_loss":0}],"is_beta":false,"boss_relics":[{"not_picked":["Snecko Eye","energizedSpire:MagnifyingGlass"],"picked":"Replay:Grab Bag"},{"not_picked":["Velvet Choker","Coffee Dripper"],"picked":"Cursed Key"},{"not_picked":["energizedSpire:CursedPentagram","energizedSpire:OgreHead"],"picked":"Busted Crown"},{"not_picked":["Kintsugi","Runic Pyramid"],"picked":"AddBug"}],"items_purged_floors":[],"is_endless":false,"potions_floor_spawned":[4,8,14,15,20,27],"killed_by":"Chosen and Byrds","ascension_level":16}}