{"host":"farxtl2u8hmkbdo2","time":1613497210,"event":{"mods":["A Magickal Journey","BaseMod","Better Altar","Better Note","Better Sensory Stone","Better Skull","Better Third Choice","Challenge The Spire","Colored Map","Colored Powertips","Current Relic Mod","Downfall","Energized Spire","Fox Events","Gremlin Mod","Hermit","Hubris","Mimic Mod","Minty Spire (QoL Compilation)","Quick Restart","READ ME - Guardian Mod","Rare Cards Sparkle","StSLib","The Bladedancer","The Bug Knight","The Cursed","The Disciple","The Hierophant","The Marked","The Necromancer","The Runesmith","Transform Curses"],"gold_per_floor":[0,10,30,30,50,183,183,415,431,443,457,489,489,489,505,602,602,602,620,254,270,290,325,359,359,390,390,408,436,336,364,374,476,476,376,387,130,144,158,177,204,122,149,49,49,87,109,136,163,163,163,193,43,43,39,35],"floor_reached":57,"language":"SPA","playtime":5595,"items_purged":["bronze:Defend","bronze:Defend"],"score":1596,"play_id":"346ad12a-e68b-4676-95d5-9cedce2179f1","local_time":"20210216144010","is_ascension_mode":true,"campfire_choices":[{"data":"bronze:Replicate","floor":1.0,"key":"SMITH"},{"data":"bronze:SpaghettiCode","floor":18.0,"key":"SMITH"},{"floor":30.0,"key":"RECALL"},{"data":"bronze:Boost","floor":35.0,"key":"SMITH"},{"data":"bronze:Shell","floor":44.0,"key":"SMITH"},{"data":"bronze:Goto","floor":54.0,"key":"SMITH"}],"circlet_count":0,"master_deck":["bronze:Strike","bronze:Strike","bronze:Strike+1","bronze:Strike","bronze:Defend","bronze:Defend","bronze:Replicate+1","bronze:Goto+1","bronze:Boost+1","bronze:Refactor","bronze:ClassDefault","bronze:ForLoop","bronze:Shell+1","bronze:Turbo","bronze:BuggyMess","bronze:Boost","bronze:Backtrace","bronze:SpaghettiCode+1","bronze:Branch","bronze:Break","bronze:Backtrace","bronze:DelayedSlice","bronze:Safeguard","bronze:Fortify","bronze:FineTuning+1","bronze:Turbo","bronze:Turbo","bronze:Allocate+1","hierophant:Blessing","bronze:FindAndReplace","bronze:GetLatest+1","bronze:FineTuning","expansioncontent:PrepareCrush","hierophant:Doubloon","bronze:RecursiveStrike","expansioncontent:InvincibleStrength","bronze:Flail+1","bronze:FineTuning+1","bronze:Shell+1","bronze:Overload+1"],"relics":["bronze:PlatinumCore","Dead Branch","hubris:Icosahedron","hubris:DisguiseKit","Pen Nib","HollowMod:PaleOreRelic","Thread and Needle","Omamori","Toy Ornithopter","Letter Opener","bronze:BottledCode","bronze:SilverBullet","Orichalcum","downfall:HeartBlessingGreen","Boot","hubris:ScarierMask","downfall:HeartBlessingRed","Runesmith:Nanobots","downfall:HeartBlessingBlue","Gremlin Horn","hubris:BottledRain","Happy Flower"],"acts_visited":["Exordium","TheCity","TheBeyond","TheEnding"],"potions_floor_usage":[],"damage_taken":[{"damage":5.0,"enemies":"Small Slimes","floor":2.0,"turns":3.0},{"damage":0.0,"enemies":"2 Louse","floor":3.0,"turns":3.0},{"damage":0.0,"enemies":"Cultist","floor":5.0,"turns":3.0},{"damage":0.0,"enemies":"HollowMod:MossKnight","floor":6.0,"turns":5.0},{"damage":4.0,"enemies":"Large Slime","floor":9.0,"turns":5.0},{"damage":0.0,"enemies":"2 Fungi Beasts","floor":10.0,"turns":3.0},{"damage":0.0,"enemies":"Red Slaver","floor":11.0,"turns":1.0},{"damage":12.0,"enemies":"Lagavulin","floor":12.0,"turns":7.0},{"damage":0.0,"enemies":"Exordium Wildlife","floor":15.0,"turns":4.0},{"damage":1.0,"enemies":"IC_STATUS_ARCHETYPE","floor":16.0,"turns":3.0},{"damage":0.0,"enemies":"Shell Parasite","floor":19.0,"turns":2.0},{"damage":3.0,"enemies":"downfall:FleeingMerchant","floor":20.0,"turns":4.0},{"damage":0.0,"enemies":"Chosen and Byrds","floor":21.0,"turns":1.0},{"damage":0.0,"enemies":"3 Cultists","floor":22.0,"turns":4.0},{"damage":0.0,"enemies":"HollowMod:Nosk","floor":23.0,"turns":3.0},{"damage":0.0,"enemies":"Sentry and Sphere","floor":24.0,"turns":4.0},{"damage":2.0,"enemies":"Book of Stabbing","floor":26.0,"turns":4.0},{"damage":0.0,"enemies":"Sentry and Sphere","floor":28.0,"turns":1.0},{"damage":22.0,"enemies":"HollowMod:Nosk","floor":29.0,"turns":6.0},{"damage":0.0,"enemies":"Gremlin Leader","floor":31.0,"turns":2.0},{"damage":0.0,"enemies":"Chosen and Byrds","floor":32.0,"turns":2.0},{"damage":10.0,"enemies":"DF_ARCHETYPE_CLAW","floor":33.0,"turns":5.0},{"damage":0.0,"enemies":"3 Shapes","floor":36.0,"turns":1.0},{"damage":0.0,"enemies":"downfall:FleeingMerchant","floor":37.0,"turns":1.0},{"damage":0.0,"enemies":"3 Darklings","floor":38.0,"turns":1.0},{"damage":0.0,"enemies":"Transient","floor":39.0,"turns":5.0},{"damage":1.0,"enemies":"Sphere and 2 Shapes","floor":40.0,"turns":1.0},{"damage":0.0,"enemies":"Maw","floor":43.0,"turns":4.0},{"damage":14.0,"enemies":"Nemesis","floor":46.0,"turns":3.0},{"damage":0.0,"enemies":"Spire Growth","floor":47.0,"turns":3.0},{"damage":0.0,"enemies":"Transient","floor":48.0,"turns":5.0},{"damage":1.0,"enemies":"HollowMod:SlobberingHusk","floor":49.0,"turns":4.0},{"damage":0.0,"enemies":"WA_ARCHETYPE_DIVINITY","floor":50.0,"turns":4.0},{"damage":14.0,"enemies":"downfall:CharBossMerchant","floor":52.0,"turns":6.0},{"damage":19.0,"enemies":"downfall:NeowBoss","floor":55.0,"turns":10.0},{"damage":38,"enemies":"downfall:NeowBossFinal","floor":56,"turns":8}],"seed_played":"2559652051971131497","potions_obtained":[{"floor":5.0,"key":"Energy Potion"},{"floor":10.0,"key":"FearPotion"},{"floor":12.0,"key":"Block Potion"},{"floor":14.0,"key":"AttackPotion"},{"floor":14.0,"key":"DistilledChaos"},{"floor":15.0,"key":"CultistPotion"},{"floor":16.0,"key":"bronze:BurnAndBuffPotion"},{"floor":22.0,"key":"bronze:FreeFunctionsPotion"},{"floor":23.0,"key":"FearPotion"},{"floor":26.0,"key":"PowerPotion"},{"floor":29.0,"key":"Swift Potion"},{"floor":32.0,"key":"FairyPotion"},{"floor":39.0,"key":"Regen Potion"},{"floor":46.0,"key":"LiquidMemories"}],"is_trial":false,"path_per_floor":["R","M","M","?","M","E","T","?","M","M","M","E","?","?","M","B",null,"R","M","$","M","M","E","MIM","?","E","?","M","E","R","E","M","B",null,"R","M","$","M","M","M","T","$","M","R","?","E","M","M","M","B",null,"E","$","R","B","B",null],"character_chosen":"THE_AUTOMATON","items_purchased":["bronze:Backtrace","Omamori","bronze:DelayedSlice","Runesmith:Nanobots","bronze:GetLatest","bronze:FineTuning","expansioncontent:PrepareCrush","expansioncontent:InvincibleStrength","Happy Flower"],"campfire_rested":0,"item_purchase_floors":[20,20,20,37,37,37,37,42,53],"current_hp_per_floor":[70,65,65,65,65,65,65,25,21,21,21,9,9,9,9,8,70,70,70,67,67,67,67,67,60,60,60,60,43,43,43,43,38,60,60,60,60,60,60,59,59,59,59,69,69,55,62,70,69,69,70,61,61,61,47,9],"gold":35,"neow_bonus":"ONE_RARE_RELIC","is_daily":false,"chose_seed":false,"campfire_upgraded":5,"win_rate":0.0,"timestamp":1613497210,"path_taken":["R","M","M","?","M","E","T","?","M","M","?","E","?","?","M","BOSS","R","M","$","M","M","E","MIM","?","E","?","M","E","R","E","M","BOSS","R","M","$","M","M","M","T","$","M","R","?","E","?","M","M","BOSS","E","$","R","BOSS","BOSS"],"items_purchased_type":["Card","Relic","Card","Relic","Card","Card","Card","Card","Relic"],"build_version":"2020-12-22","purchased_purges":2,"victory":true,"max_hp_per_floor":[70,70,70,70,70,70,70,70,70,70,70,70,70,70,70,70,70,70,70,70,70,70,70,70,60,60,60,60,60,60,60,60,60,60,60,60,60,60,60,60,60,60,60,70,70,70,70,70,70,70,70,70,70,70,70,70],"card_choices":[{"not_picked":["bronze:DelayedGuard","bronze:Terminator"],"picked":"bronze:Boost","floor":2.0},{"not_picked":["bronze:Deprecate","bronze:BuggyMess"],"picked":"bronze:Refactor","floor":3.0},{"not_picked":["bronze:WildBeam","bronze:Deprecate"],"picked":"bronze:ClassDefault","floor":5.0},{"not_picked":["bronze:Constructor","bronze:BitShift"],"picked":"bronze:ForLoop","floor":6.0},{"not_picked":["bronze:WildBeam","bronze:NullPointer","hierophant:Sermon"],"picked":"bronze:Shell","floor":9.0},{"not_picked":["bronze:Overheat","bronze:WildBeam","hierophant:Shelter"],"picked":"bronze:Turbo","floor":10.0},{"not_picked":["bronze:Optimize","bronze:DelayedSlice","hierophant:Remorse"],"picked":"bronze:BuggyMess","floor":11.0},{"not_picked":["bronze:DelayedGuard","bronze:Invalidate","hierophant:RepressedViolence"],"picked":"bronze:Boost","floor":12.0},{"not_picked":["bronze:Turbo","bronze:Fortify","hierophant:Sermon"],"picked":"bronze:Backtrace","floor":15.0},{"not_picked":["bronze:Library","bronze:HyperBeam","hierophant:WrathOfGod"],"picked":"bronze:SpaghettiCode","floor":16.0},{"not_picked":["bronze:Shield","bronze:Deprecate+1","hierophant:RepressedViolence"],"picked":"bronze:Branch","floor":19.0},{"not_picked":["bronze:GetLatest","bronze:Library","hierophant:FieryStrike"],"picked":"bronze:Break","floor":20.0},{"not_picked":["bronze:BitShift+1","bronze:Overheat","bronze:Separator","hierophant:Racketeering"],"picked":"SKIP","floor":21.0},{"not_picked":["bronze:Invalidate","bronze:BitShift","hierophant:HammerAndAnvil"],"picked":"bronze:Safeguard","floor":22.0},{"not_picked":["bronze:BugBarrage","bronze:BitShift","hierophant:Empathy"],"picked":"bronze:Fortify","floor":23.0},{"not_picked":["bronze:ForceShield","bronze:Constructor","hierophant:PassingBell"],"picked":"bronze:FineTuning+1","floor":24.0},{"not_picked":["bronze:WhirlingStrike","bronze:Philosophize+1","bronze:ItsAFeature","hierophant:PassingBell"],"picked":"SKIP","floor":26.0},{"not_picked":["bronze:Frontload","bronze:BitShift","hierophant:Purify"],"picked":"bronze:Turbo","floor":28.0},{"not_picked":["bronze:Overload","bronze:Library","hierophant:LocustPlague"],"picked":"bronze:Turbo","floor":29.0},{"not_picked":["bronze:Branch","bronze:BronzeArmor","hierophant:Refuge"],"picked":"bronze:Allocate","floor":31.0},{"not_picked":["bronze:OilSpill+1","bronze:Safeguard","bronze:Overheat"],"picked":"hierophant:Blessing","floor":32.0},{"not_picked":["bronze:Library","bronze:TinkerersToolbox","hierophant:WrathOfGod"],"picked":"bronze:FindAndReplace","floor":33.0},{"not_picked":["bronze:Constructor","bronze:BitShift","bronze:FineTuning+1","hierophant:Embezzle"],"picked":"SKIP","floor":36.0},{"not_picked":["bronze:BronzeArmor+1","bronze:Allocate","bronze:InfiniteBeams","hierophant:MirrorShield"],"picked":"SKIP","floor":37.0},{"not_picked":["bronze:Repulsor","bronze:ItsAFeature+1","bronze:NullPointer","hierophant:Sermon"],"picked":"SKIP","floor":38.0},{"not_picked":["bronze:BugBarrage+1","bronze:Boost","bronze:ClassDefault"],"picked":"hierophant:Doubloon","floor":39.0},{"not_picked":["bronze:DelayedGuard+1","bronze:Repair","hierophant:Blessing"],"picked":"bronze:RecursiveStrike","floor":40.0},{"not_picked":["bronze:Deprecate","bronze:Invalidate+1","bronze:Constructor+1","hierophant:CursedGold"],"picked":"SKIP","floor":43.0},{"not_picked":["bronze:Repulsor","bronze:OilSpill","hierophant:Purify"],"picked":"bronze:Flail+1","floor":46.0},{"not_picked":["bronze:BugBarrage","bronze:Safeguard","bronze:CutThrough","hierophant:Empathy"],"picked":"SKIP","floor":47.0},{"not_picked":["bronze:Allocate","bronze:Break","hierophant:Zeal"],"picked":"bronze:FineTuning+1","floor":48.0},{"not_picked":["bronze:DelayedSlice+1","bronze:DarkDash+1","hierophant:HolyVerse"],"picked":"bronze:Shell+1","floor":49.0},{"not_picked":["bronze:DelayedGuard","bronze:BuggyMess","hierophant:AuricBeam"],"picked":"bronze:Overload+1","floor":52.0}],"player_experience":2251419,"relics_obtained":[{"floor":6.0,"key":"hubris:DisguiseKit"},{"floor":7.0,"key":"Pen Nib"},{"floor":12.0,"key":"Thread and Needle"},{"floor":23.0,"key":"Toy Ornithopter"},{"floor":24.0,"key":"Letter Opener"},{"floor":26.0,"key":"bronze:SilverBullet"},{"floor":29.0,"key":"Orichalcum"},{"floor":31.0,"key":"Boot"},{"floor":46.0,"key":"Gremlin Horn"},{"floor":52.0,"key":"hubris:BottledRain"}],"event_choices":[{"damage_healed":0.0,"max_hp_gain":0.0,"max_hp_loss":0.0,"gold_gain":232.0,"event_name":"betterSkull:BetterSkull","player_choice":"GO UP RE GO ","floor":8.0,"gold_loss":0.0,"damage_taken":46.0,"cards_upgraded":["bronze:Strike"],"relics_obtained":["HollowMod:PaleOreRelic"]},{"damage_healed":0.0,"max_hp_gain":0.0,"max_hp_loss":0.0,"gold_gain":0.0,"event_name":"Lab","player_choice":"Got Potions","floor":14.0,"gold_loss":0.0,"damage_taken":0.0},{"damage_healed":0.0,"max_hp_gain":0.0,"max_hp_loss":0.0,"gold_gain":0.0,"event_name":"Vampires","player_choice":"Ignored","floor":27.0,"gold_loss":0.0,"damage_taken":0.0}],"is_beta":false,"boss_relics":[{"not_picked":["energizedSpire:StickyHand","Fusion Hammer"],"picked":"bronze:PlatinumCore"},{"not_picked":["Empty Cage","Cursed Key"],"picked":"hubris:ScarierMask"}],"items_purged_floors":[20,37],"is_endless":false,"potions_floor_spawned":[5,10,12,15,16,22,23,26,28,29,31,32,39,40,46,47],"ascension_level":4}}