{"host":"en4narc5947t7k9n","time":1613473968,"event":{"mods":["AchievementEnabler","BaseMod","Colored Map","Minty Spire (QoL Compilation)","SuperFastMode"],"gold_per_floor":[119,119,72,83,99,99,126,126,150,163,177,196,196,212,212,313,313,333,7,23,23,23,23,23],"floor_reached":23,"language":"KOR","playtime":1188,"items_purged":["Searing Blow+1"],"score":193,"play_id":"c7df39d8-8983-4215-a198-a1130b789043","local_time":"20210216201248","is_ascension_mode":false,"campfire_choices":[{"data":"Intimidate","floor":6,"key":"SMITH"},{"data":"Barricade","floor":8,"key":"SMITH"},{"data":"Searing Blow","floor":15,"key":"SMITH"}],"circlet_count":0,"master_deck":["Strike_R","Strike_R","Strike_R","Strike_R","Strike_R","Defend_R","Defend_R","Defend_R","Defend_R","Bash","Headbutt","Brutality","Intimidate+1","Anger","Thunderclap","Cleave","Barricade+1","Shrug It Off","Rage","Disarm","Juggernaut","Flame Barrier","Warcry+1"],"relics":["Burning Blood","NeowsBlessing","Anchor","PreservedInsect","FaceOfCleric","SlaversCollar","Bottled Flame"],"acts_visited":["Exordium","TheCity"],"potions_floor_usage":[7,16,18,20],"damage_taken":[{"damage":0,"enemies":"Jaw Worm","floor":1,"turns":1},{"damage":0,"enemies":"Cultist","floor":4,"turns":1},{"damage":0,"enemies":"2 Louse","floor":5,"turns":1},{"damage":10,"enemies":"Gremlin Nob","floor":7,"turns":3},{"damage":1,"enemies":"Lots of Slimes","floor":10,"turns":2},{"damage":9,"enemies":"3 Louse","floor":11,"turns":3},{"damage":19,"enemies":"Exordium Thugs","floor":12,"turns":4},{"damage":18,"enemies":"Exordium Wildlife","floor":14,"turns":4},{"damage":28,"enemies":"Hexaghost","floor":16,"turns":12},{"damage":39,"enemies":"2 Thieves","floor":18,"turns":5},{"damage":35,"enemies":"Chosen","floor":20,"turns":7},{"damage":26,"enemies":"Slavers","floor":23,"turns":3}],"seed_played":"8620754496965737268","potions_obtained":[{"floor":4,"key":"DistilledChaos"},{"floor":10,"key":"ColorlessPotion"},{"floor":14,"key":"GamblersBrew"},{"floor":18,"key":"SteroidPotion"}],"is_trial":false,"path_per_floor":["M","?","$","M","M","R","E","R","T","M","M","M","?","M","R","B",null,"M","$","M","$","$","E"],"character_chosen":"IRONCLAD","items_purchased":["Anger","Bottled Flame"],"campfire_rested":0,"item_purchase_floors":[3,19],"current_hp_per_floor":[80,80,80,80,80,80,76,76,76,80,77,64,64,53,53,32,82,50,50,22,22,22,0,0],"gold":23,"neow_bonus":"THREE_ENEMY_KILL","is_daily":false,"chose_seed":false,"campfire_upgraded":3,"win_rate":0.0,"timestamp":1613473968,"path_taken":["M","?","?","M","?","R","E","R","T","M","M","M","?","M","R","BOSS","M","$","M","?","$","E"],"items_purchased_type":["Card","Relic"],"build_version":"2020-12-22","purchased_purges":1,"victory":false,"max_hp_per_floor":[80,80,80,80,80,80,80,80,80,80,80,80,80,81,81,82,82,83,83,84,84,84,84,84],"card_choices":[{"not_picked":["Body Slam","Sword Boomerang"],"picked":"Headbutt","floor":1},{"not_picked":["Entrench","Combust"],"picked":"Thunderclap","floor":4},{"not_picked":["True Grit","Thunderclap"],"picked":"Cleave","floor":5},{"not_picked":["Perfected Strike","Body Slam"],"picked":"Barricade","floor":7},{"not_picked":["Dark Embrace","Armaments"],"picked":"Shrug It Off","floor":10},{"not_picked":["Uppercut","Reckless Charge"],"picked":"Searing Blow","floor":11},{"not_picked":["Armaments","Rupture"],"picked":"Rage","floor":12},{"not_picked":["Armaments","Iron Wave"],"picked":"Disarm","floor":14},{"not_picked":["Fiend Fire","Brutality"],"picked":"Juggernaut","floor":16},{"not_picked":["Pommel Strike+1","Flex+1"],"picked":"Flame Barrier","floor":18},{"not_picked":["Shrug It Off","Twin Strike"],"picked":"Warcry+1","floor":20}],"player_experience":1427,"relics_obtained":[{"floor":7,"key":"Anchor"},{"floor":9,"key":"PreservedInsect"}],"event_choices":[{"damage_healed":0,"gold_gain":0,"player_choice":"2 cards matched","damage_taken":0,"max_hp_gain":0,"max_hp_loss":0,"event_name":"Match and Keep!","floor":2,"gold_loss":0,"cards_obtained":["Brutality","Intimidate"]},{"damage_healed":0,"gold_gain":0,"player_choice":"Trade","damage_taken":0,"relics_obtained":["FaceOfCleric"],"max_hp_gain":0,"max_hp_loss":0,"event_name":"FaceTrader","floor":13,"gold_loss":0}],"is_beta":false,"boss_relics":[{"not_picked":["Velvet Choker","Sozu"],"picked":"SlaversCollar"}],"items_purged_floors":[19],"is_endless":false,"potions_floor_spawned":[4,10,14,18],"killed_by":"Slavers","ascension_level":0}}