{"host":"g7sxcfouz24f0psv","time":1613477220,"event":{"mods":["BaseMod","Hermit","Minty Spire (QoL Compilation)","StSLib","The Cursed"],"gold_per_floor":[19,35,51,62,79,79,104,104,131,142,142,158,158,170,170,268,268,278,293,310,235,79,96,116,21,68,68,168,83,194,216,228,240,240],"floor_reached":33,"language":"ENG","playtime":2494,"items_purged":["Rupture+1"],"score":253,"play_id":"80522537-e2c3-443f-b923-286eff0a5315","local_time":"20210216130700","is_ascension_mode":false,"campfire_choices":[{"data":"Armaments","floor":6,"key":"SMITH"},{"data":"Body Slam","floor":8,"key":"SMITH"},{"data":"Body Slam","floor":13,"key":"SMITH"},{"data":"Iron Wave","floor":15,"key":"SMITH"},{"floor":27,"key":"REST"},{"floor":32,"key":"REST"}],"circlet_count":0,"master_deck":["Strike_R","Strike_R","Strike_R","Defend_R","Defend_R","Defend_R","Defend_R","Bash","Seeing Red","Rage","Armaments+1","Cleave","Body Slam+1","Shrug It Off","Body Slam+1","Iron Wave+1","Juggernaut","Clash+1","Armaments+1","Shockwave+1","Metallicize","Shrug It Off","Armaments","Metallicize","Iron Wave+1"],"relics":["Burning Blood","Champion Belt","Calipers","Astrolabe","MealTicket","Incense Burner","Bottled Tornado","MawBank"],"acts_visited":["Exordium","TheCity"],"potions_floor_usage":[16,19,23,23,23,28,28,28],"damage_taken":[{"damage":5,"enemies":"2 Louse","floor":1,"turns":4},{"damage":5,"enemies":"Jaw Worm","floor":2,"turns":3},{"damage":0,"enemies":"Small Slimes","floor":3,"turns":3},{"damage":5,"enemies":"Looter","floor":4,"turns":3},{"damage":0,"enemies":"2 Fungi Beasts","floor":5,"turns":4},{"damage":32,"enemies":"Lagavulin","floor":7,"turns":7},{"damage":0,"enemies":"Blue Slaver","floor":10,"turns":3},{"damage":0,"enemies":"3 Louse","floor":12,"turns":3},{"damage":9,"enemies":"Exordium Wildlife","floor":14,"turns":6},{"damage":23,"enemies":"Hexaghost","floor":16,"turns":11},{"damage":26,"enemies":"3 Byrds","floor":18,"turns":6},{"damage":24,"enemies":"2 Thieves","floor":19,"turns":5},{"damage":27,"enemies":"Snecko","floor":20,"turns":6},{"damage":2,"enemies":"Chosen and Byrds","floor":23,"turns":6},{"damage":5,"enemies":"Cultist and Chosen","floor":24,"turns":8},{"damage":19,"enemies":"Colosseum Slavers","floor":28,"turns":6},{"damage":42,"enemies":"Colosseum Nobs","floor":28,"turns":8},{"damage":7,"enemies":"Snecko","floor":31,"turns":7},{"damage":48,"enemies":"Automaton","floor":33,"turns":8}],"seed_played":"-5471336511735003257","potions_obtained":[{"floor":1,"key":"Explosive Potion"},{"floor":3,"key":"EntropicBrew"},{"floor":7,"key":"SkillPotion"},{"floor":10,"key":"Fire Potion"},{"floor":18,"key":"GamblersBrew"},{"floor":24,"key":"BloodPotion"},{"floor":31,"key":"ElixirPotion"}],"is_trial":false,"path_per_floor":["M","M","M","M","M","R","E","R","T","M","?","M","R","M","R","B",null,"M","M","M","?","$","M","M","$","T","R","?","?","?","M","R","B"],"character_chosen":"IRONCLAD","items_purchased":["Metallicize","Armaments","Metallicize"],"campfire_rested":2,"item_purchase_floors":[22,25,25],"current_hp_per_floor":[80,80,80,80,80,80,54,54,54,60,60,66,66,63,63,46,80,60,42,21,21,21,25,26,26,26,50,17,17,17,16,40,0,0],"gold":240,"neow_bonus":"ONE_RARE_RELIC","is_daily":false,"chose_seed":false,"campfire_upgraded":4,"win_rate":0.0,"timestamp":1613477220,"path_taken":["M","M","M","M","M","R","E","R","T","M","?","M","R","M","R","BOSS","M","M","M","?","$","M","M","$","T","R","?","?","?","M","R","BOSS"],"items_purchased_type":["Card","Card","Card"],"build_version":"2020-12-22","purchased_purges":1,"victory":false,"max_hp_per_floor":[80,80,80,80,80,80,80,80,80,80,80,80,80,80,80,80,80,80,80,80,80,80,80,80,80,80,80,80,80,80,80,80,80,80],"card_choices":[{"not_picked":["Dual Wield","Sever Soul"],"picked":"Seeing Red","floor":1},{"not_picked":["Ghostly Armor","Sever Soul"],"picked":"Anger","floor":2},{"not_picked":["Pummel","Headbutt"],"picked":"Rage","floor":3},{"not_picked":["Pommel Strike","Sword Boomerang"],"picked":"Armaments","floor":4},{"not_picked":["True Grit","Clothesline"],"picked":"Cleave","floor":5},{"not_picked":["Offering","Warcry"],"picked":"Body Slam","floor":7},{"not_picked":["Anger","Twin Strike"],"picked":"Shrug It Off","floor":10},{"not_picked":["Cleave","Flex"],"picked":"Body Slam","floor":12},{"not_picked":["Shrug It Off","Flex"],"picked":"Iron Wave","floor":14},{"not_picked":["Berserk","Barricade"],"picked":"Juggernaut","floor":16},{"not_picked":["Anger","Thunderclap","Twin Strike"],"picked":"SKIP","floor":18},{"not_picked":["True Grit","Battle Trance"],"picked":"Armaments+1","floor":19},{"not_picked":["Rampage+1","Second Wind"],"picked":"Shockwave+1","floor":20},{"not_picked":["Ghostly Armor","Heavy Blade"],"picked":"Shrug It Off","floor":23},{"not_picked":["Heavy Blade+1","Infernal Blade","Inflame"],"picked":"SKIP","floor":24},{"not_picked":["Headbutt","Heavy Blade+1"],"picked":"Iron Wave+1","floor":28},{"not_picked":["Bloodletting+1","Carnage","Thunderclap+1"],"picked":"SKIP","floor":31}],"player_experience":49205,"relics_obtained":[{"floor":7,"key":"Calipers"},{"floor":26,"key":"MealTicket"},{"floor":28,"key":"Incense Burner"},{"floor":28,"key":"Bottled Tornado"}],"event_choices":[{"damage_healed":0,"gold_gain":0,"player_choice":"Ignored","damage_taken":0,"max_hp_gain":0,"max_hp_loss":0,"event_name":"Liars Game","floor":11,"gold_loss":0},{"cards_removed":["Fire Breathing"],"damage_healed":0,"gold_gain":0,"player_choice":"Gave Gold","damage_taken":0,"max_hp_gain":0,"max_hp_loss":0,"event_name":"Beggar","floor":21,"gold_loss":75},{"damage_healed":0,"gold_gain":0,"player_choice":"Fight","damage_taken":0,"max_hp_gain":0,"max_hp_loss":0,"event_name":"Colosseum","floor":28,"gold_loss":0},{"damage_healed":0,"gold_gain":0,"player_choice":"Fought Nobs","damage_taken":0,"max_hp_gain":0,"max_hp_loss":0,"event_name":"Colosseum","floor":28,"gold_loss":0},{"damage_healed":0,"gold_gain":0,"player_choice":"Obtained Relic","damage_taken":0,"relics_obtained":["MawBank"],"max_hp_gain":0,"max_hp_loss":0,"event_name":"Addict","floor":29,"gold_loss":85},{"damage_healed":0,"gold_gain":99,"player_choice":"Stole From Cult","damage_taken":0,"max_hp_gain":0,"max_hp_loss":0,"event_name":"Nest","floor":30,"gold_loss":0}],"is_beta":false,"boss_relics":[{"not_picked":["Busted Crown","Fusion Hammer"],"picked":"Astrolabe"}],"items_purged_floors":[22],"is_endless":false,"potions_floor_spawned":[1,3,7,10,18,24,28,31],"killed_by":"Automaton","ascension_level":0}}