{"host":"uzp1tn8qxn9571p9","time":1613439993,"event":{"mods":["Aspiration","BaseMod","Bossed Relics","Colored Map","Colored Powertips","Curses Come First","Hermit","Marisa£®ÏF”Í°°ƒß¿Ì…≥£©","Mimic Mod","Minty Spire (QoL Compilation)","StSLib","The Jungle","The Marked","The Runesmith"],"gold_per_floor":[19,34,34,45,65,100,100,100,125,156,156,174,185,12,12,108,108,128,53,53,71,20,20,38,69,69,79,79,95,95,109,109,211,211,230,241,241,241,291,291,316,316,349,364,378,378,378,388,388,388],"floor_reached":51,"language":"ZHS","playtime":2379,"items_purged":[],"score":922,"play_id":"22f11826-01b6-405d-a2df-80a19e6dfdc7","local_time":"20210216094633","is_ascension_mode":true,"campfire_choices":[{"data":"Runesmith:CraftFirestone","floor":8.0,"key":"SMITH"},{"data":"Runesmith:Firestorm","floor":15.0,"key":"SMITH"},{"data":"Runesmith:OneForEveryone","floor":23.0,"key":"SMITH"},{"floor":28.0,"key":"REST"},{"data":"RitualDagger","floor":32.0,"key":"SMITH"},{"data":"Madness","floor":40.0,"key":"SMITH"},{"floor":42,"key":"REST"},{"data":"Madness","floor":47,"key":"SMITH"},{"floor":49,"key":"REST"}],"circlet_count":0,"master_deck":["Runesmith:Strike_RS+1","Runesmith:Strike_RS+1","Runesmith:Defend_RS","Runesmith:Defend_RS","Runesmith:CraftFirestone+1","Runesmith:Fortify","Runesmith:HeatedChisel+1","Runesmith:CraftMagma","Runesmith:Overpower+1","Runesmith:HeatExchange+1","Runesmith:HammerThrow+1","Runesmith:EarthShield","Runesmith:OneForEveryone+1","Runesmith:Discharge","Runesmith:Firestorm+1","Runesmith:ArcReactor","Runesmith:HeatedChisel","Runesmith:HammerThrow+1","Runesmith:GoWithTheFlow+1","Runesmith:RuneHurl","Runesmith:Discharge+1","Runesmith:ChiselStab+1","Runesmith:UnstableHammer","Runesmith:ChaoticBlast+1","RitualDagger+1","Runesmith:LastStand","Runesmith:HammerThrow+1","Madness+1","Madness+1","Runesmith:UnstableHammer+1","Runesmith:CraftIncendium+1","Runesmith:EnergizedChisel+1","Runesmith:HammerThrow+1","Runesmith:EnergizedChisel+1","Parasite","Runesmith:CraftObretio+1"],"relics":["Runesmith:BrokenRuby","Unceasing Top","Runesmith:AutoHammer","Happy Flower","Philosopher\u0027s Stone","Akabeko","Ornamental Fan","aspiration:RitualDagger","Lizard Tail","aspiration:HiddenCompartment","Ice Cream"],"acts_visited":["Exordium","TheCity","TheBeyond"],"potions_floor_usage":[43,50,50,50],"damage_taken":[{"damage":0.0,"enemies":"Cultist","floor":1.0,"turns":3.0},{"damage":0.0,"enemies":"2 Louse","floor":2.0,"turns":2.0},{"damage":2.0,"enemies":"Small Slimes","floor":4.0,"turns":4.0},{"damage":6.0,"enemies":"2 Fungi Beasts","floor":5.0,"turns":4.0},{"damage":24.0,"enemies":"Lagavulin","floor":6.0,"turns":6.0},{"damage":10.0,"enemies":"Gremlin Nob","floor":10.0,"turns":3.0},{"damage":0.0,"enemies":"Exordium Wildlife","floor":12.0,"turns":3.0},{"damage":7.0,"enemies":"Lots of Slimes","floor":13.0,"turns":2.0},{"damage":0.0,"enemies":"Hexaghost","floor":16.0,"turns":6.0},{"damage":20.0,"enemies":"3 Byrds","floor":18.0,"turns":3.0},{"damage":6.0,"enemies":"Shell Parasite","floor":21.0,"turns":3.0},{"damage":11.0,"enemies":"Snecko","floor":24.0,"turns":3.0},{"damage":16.0,"enemies":"Book of Stabbing","floor":25.0,"turns":3.0},{"damage":12.0,"enemies":"Snake Plant","floor":27.0,"turns":2.0},{"damage":9.0,"enemies":"Shelled Parasite and Fungi","floor":29.0,"turns":2.0},{"damage":4.0,"enemies":"Snecko","floor":31.0,"turns":3.0},{"damage":8.0,"enemies":"Champ","floor":33.0,"turns":6.0},{"damage":3.0,"enemies":"3 Shapes","floor":35.0,"turns":1.0},{"damage":22.0,"enemies":"Orb Walker","floor":36.0,"turns":3.0},{"damage":27.0,"enemies":"Mind Bloom Boss Battle","floor":39.0,"turns":3.0},{"damage":6,"enemies":"Reptomancer","floor":41,"turns":2},{"damage":9,"enemies":"Maw","floor":43,"turns":3},{"damage":34,"enemies":"Maw","floor":44,"turns":5},{"damage":6,"enemies":"3 Darklings","floor":45,"turns":2},{"damage":19,"enemies":"Writhing Mass","floor":48,"turns":4},{"damage":90,"enemies":"Awakened One","floor":50,"turns":11}],"seed_played":"-4879709812491284960","potions_obtained":[{"floor":2.0,"key":"EssenceOfSteel"},{"floor":4.0,"key":"SpeedPotion"},{"floor":6.0,"key":"Strength Potion"},{"floor":27.0,"key":"SteroidPotion"},{"floor":33.0,"key":"Regen Potion"},{"floor":36.0,"key":"ColorlessPotion"},{"floor":39.0,"key":"AttackPotion"},{"floor":44,"key":"SteroidPotion"}],"is_trial":false,"path_per_floor":["M","M","?","M","M","E","?","R","T","E","?","M","M","$","R","B",null,"M","?","?","M","$","R","M","E","T","M","R","M","?","M","R","B",null,"M","M","?","?","?","R","E","R","MIM","M","M","?","R","M","R","B",null],"character_chosen":"RUNESMITH_CLASS","items_purchased":["Runesmith:Firestorm","FairyPotion","Runesmith:RuneHurl"],"campfire_rested":3,"item_purchase_floors":[14,14,22],"current_hp_per_floor":[70,70,63,61,55,31,31,31,31,21,21,21,14,14,14,14,70,50,50,50,44,44,44,33,17,17,5,26,17,11,7,7,21,70,67,45,45,36,9,9,3,24,15,26,20,20,20,1,22,60],"gold":388,"neow_bonus":"ONE_RARE_RELIC","is_daily":false,"chose_seed":false,"campfire_upgraded":6,"win_rate":0.0,"timestamp":1613439993,"path_taken":["M","?","?","M","M","E","?","R","T","E","?","?","?","?","R","BOSS","M","?","?","M","$","R","M","E","T","?","R","?","?","M","R","BOSS","M","M","?","?","?","R","E","R","MIM","M","M","?","R","M","R","BOSS"],"items_purchased_type":["Card","Potion","Card"],"build_version":"2020-12-22","purchased_purges":0,"victory":true,"max_hp_per_floor":[70,70,70,70,70,70,70,70,70,70,70,70,70,70,70,70,70,70,70,70,70,70,70,70,70,70,70,70,70,70,70,70,70,70,70,70,70,70,70,70,70,70,70,70,70,70,70,70,70,70],"card_choices":[{"not_picked":["Runesmith:EarthShield","Runesmith:CraftReservo"],"picked":"Runesmith:HeatedChisel","floor":1.0},{"not_picked":["Runesmith:NanitesCloud","Runesmith:Empowerment"],"picked":"Runesmith:CraftMagma","floor":2.0},{"not_picked":["Runesmith:Prism","Runesmith:NanitesCloud"],"picked":"Runesmith:Overpower","floor":4.0},{"not_picked":["Runesmith:EnergizedChisel","Runesmith:HeatedChisel"],"picked":"Runesmith:HeatExchange","floor":5.0},{"not_picked":["Runesmith:DuctTape","Runesmith:Discharge"],"picked":"Runesmith:HammerThrow","floor":6.0},{"not_picked":["Runesmith:StaticCage","Runesmith:Repurpose"],"picked":"Runesmith:EarthShield","floor":10.0},{"not_picked":["Runesmith:EnergizedChisel","Runesmith:PerfectChisel"],"picked":"Runesmith:Discharge","floor":12.0},{"not_picked":["Runesmith:EarthShield","Runesmith:WhiteBalance","Runesmith:Grindstone"],"picked":"SKIP","floor":13.0},{"not_picked":["Runesmith:CraftPrismatica","Runesmith:UnlimitedPower"],"picked":"Runesmith:ArcReactor","floor":16.0},{"not_picked":["Runesmith:Accelerate","Runesmith:NanitesCloud"],"picked":"Runesmith:HeatedChisel","floor":18.0},{"not_picked":["Runesmith:Repurpose","Runesmith:Terraform"],"picked":"Runesmith:GoWithTheFlow+1","floor":21.0},{"not_picked":["Runesmith:HeatExchange","Runesmith:CraftReservo"],"picked":"Runesmith:Discharge+1","floor":24.0},{"not_picked":["Runesmith:StaticCage","Runesmith:HeatedChisel+1"],"picked":"Runesmith:ChiselStab+1","floor":25.0},{"not_picked":["Runesmith:HammerThrow","Runesmith:CraftMagma+1"],"picked":"Runesmith:UnstableHammer","floor":27.0},{"not_picked":["Runesmith:ElementalConversion","Runesmith:CraftReservo"],"picked":"Runesmith:ChaoticBlast+1","floor":29.0},{"not_picked":["Runesmith:HeatExchange","Runesmith:Refine+1","Runesmith:Overpower"],"picked":"SKIP","floor":31.0},{"not_picked":["Runesmith:Supernova","Runesmith:LightningRod"],"picked":"Runesmith:LastStand","floor":33.0},{"not_picked":["Runesmith:Grindstone+1","Runesmith:EarthShield"],"picked":"Runesmith:HammerThrow+1","floor":35.0},{"not_picked":["Runesmith:NanitesCloud+1","Runesmith:HeatExchange+1","Runesmith:OneForEveryone"],"picked":"SKIP","floor":36.0},{"not_picked":["Runesmith:StaticCage+1","Runesmith:BackupBattery+1"],"picked":"Runesmith:UnstableHammer+1","floor":39.0},{"not_picked":["Runesmith:EnergizedChisel","Runesmith:RuneHurl+1"],"picked":"Runesmith:CraftIncendium+1","floor":41},{"not_picked":["Runesmith:ChiselStab+1","Runesmith:HeatedChisel+1"],"picked":"Runesmith:EnergizedChisel+1","floor":43},{"not_picked":["Runesmith:Electrocute","Runesmith:Supernova"],"picked":"Runesmith:HammerThrow+1","floor":44},{"not_picked":["Runesmith:Overpower","aspiration:UnbridledHammer"],"picked":"Runesmith:EnergizedChisel+1","floor":45},{"not_picked":["Runesmith:Refine","Runesmith:CraftProtectio"],"picked":"Runesmith:CraftObretio+1","floor":48}],"player_experience":429579,"relics_obtained":[{"floor":6.0,"key":"Boot"},{"floor":9.0,"key":"Runesmith:AutoHammer"},{"floor":10.0,"key":"Happy Flower"},{"floor":25.0,"key":"Akabeko"},{"floor":26.0,"key":"Ornamental Fan"},{"floor":39.0,"key":"Lizard Tail"},{"floor":41,"key":"aspiration:HiddenCompartment"},{"floor":43,"key":"Ice Cream"}],"event_choices":[{"cards_removed":["Runesmith:Strike_RS"],"damage_healed":0.0,"max_hp_gain":0.0,"max_hp_loss":0.0,"gold_gain":0.0,"event_name":"Golden Wing","player_choice":"Card Removal","floor":3.0,"gold_loss":0.0,"damage_taken":7.0},{"damage_healed":0.0,"max_hp_gain":0.0,"max_hp_loss":0.0,"gold_gain":0.0,"cards_transformed":["Runesmith:Defend_RS"],"event_name":"Living Wall","player_choice":"Change","floor":11.0,"gold_loss":0.0,"damage_taken":0.0,"cards_obtained":["Runesmith:OneForEveryone"]},{"cards_removed":["Runesmith:Defend_RS"],"damage_healed":0.0,"max_hp_gain":0.0,"max_hp_loss":0.0,"gold_gain":0.0,"event_name":"Beggar","player_choice":"Gave Gold","floor":19.0,"gold_loss":75.0,"damage_taken":0.0},{"damage_healed":0.0,"max_hp_gain":0.0,"max_hp_loss":0.0,"gold_gain":0.0,"event_name":"Duplicator","player_choice":"Copied","floor":20.0,"gold_loss":0.0,"damage_taken":0.0,"cards_obtained":["Runesmith:HammerThrow"]},{"damage_healed":0.0,"max_hp_gain":0.0,"max_hp_loss":0.0,"gold_gain":0.0,"event_name":"Nest","player_choice":"Joined the Cult","floor":30.0,"gold_loss":0.0,"damage_taken":6.0,"cards_obtained":["RitualDagger"]},{"damage_healed":0.0,"max_hp_gain":0.0,"max_hp_loss":0.0,"gold_gain":0.0,"event_name":"Tomb of Lord Red Mask","player_choice":"Ignored","floor":37.0,"gold_loss":0.0,"damage_taken":0.0},{"damage_healed":0.0,"max_hp_gain":0.0,"max_hp_loss":0.0,"gold_gain":0.0,"event_name":"Winding Halls","player_choice":"Embrace Madness","floor":38.0,"gold_loss":0.0,"damage_taken":9.0,"cards_obtained":["Madness","Madness"]},{"damage_healed":0.0,"max_hp_gain":0.0,"max_hp_loss":0.0,"gold_gain":0.0,"event_name":"MindBloom","player_choice":"Fight","floor":39.0,"gold_loss":0.0,"damage_taken":0.0},{"cards_removed":["Runesmith:Strike_RS"],"damage_healed":0,"gold_gain":0,"player_choice":"Removed Attack","damage_taken":0,"max_hp_gain":0,"max_hp_loss":0,"event_name":"Falling","floor":46,"gold_loss":0}],"is_beta":false,"boss_relics":[{"not_picked":["Runesmith:UraniumAnvil","Runic Pyramid"],"picked":"Philosopher\u0027s Stone"},{"not_picked":["Snecko Eye","Sozu"],"picked":"aspiration:RitualDagger"}],"items_purged_floors":[],"is_endless":false,"potions_floor_spawned":[2,4,6,24,27,29,33,36,39,44],"ascension_level":1}}