{"host":"6406jj8da6015sxr","time":1613469350,"event":{"mods":["AchievementEnabler","BaseMod","Colored Map","DeckTracker","Keyboard Shortcuts","Minty Spire (QoL Compilation)","Permanent Neow","Relic Stats","SuperFastMode","everything is the same but u backflip on backflip"],"gold_per_floor":[115,65,83,102,17,17,45,63,89,106,106,106,122,135,135,135,135],"floor_reached":16,"language":"KOR","playtime":537,"items_purged":[],"score":104,"play_id":"c335c4ba-c5a6-4004-97eb-4a8b9e558d32","local_time":"20210216185550","is_ascension_mode":false,"campfire_choices":[{"data":"Zap","floor":6,"key":"SMITH"},{"floor":12,"key":"REST"},{"floor":15,"key":"REST"}],"circlet_count":0,"master_deck":["Strike_B","Defend_B","Defend_B","Defend_B","Defend_B","Zap+1","Dualcast","Decay","Scrape","Sunder","Turbo","Gash","Genetic Algorithm","Skim","Sweeping Beam","Machine Learning","Melter","Sweeping Beam","Creative AI","BootSequence"],"relics":["Cracked Core","Tiny Chest","Bag of Preparation","Golden Idol"],"acts_visited":["Exordium"],"potions_floor_usage":[16],"damage_taken":[{"damage":4,"enemies":"Cultist","floor":1,"turns":4},{"damage":9,"enemies":"2 Louse","floor":3,"turns":3},{"damage":19,"enemies":"Jaw Worm","floor":4,"turns":4},{"damage":22,"enemies":"Lagavulin","floor":7,"turns":6},{"damage":5,"enemies":"Looter","floor":8,"turns":2},{"damage":8,"enemies":"Large Slime","floor":10,"turns":3},{"damage":5,"enemies":"Exordium Wildlife","floor":13,"turns":2},{"damage":4,"enemies":"Exordium Thugs","floor":14,"turns":3},{"damage":43,"enemies":"Slime Boss","floor":16,"turns":7}],"seed_played":"-2994325806694940067","potions_obtained":[{"floor":1,"key":"Strength Potion"},{"floor":4,"key":"Fire Potion"},{"floor":14,"key":"SteroidPotion"}],"is_trial":false,"path_per_floor":["M","?","M","M","$","R","E","M","T","M","?","R","M","M","R","B"],"character_chosen":"DEFECT","items_purchased":["Skim","Sweeping Beam"],"campfire_rested":2,"item_purchase_floors":[5,5],"current_hp_per_floor":[71,71,62,43,43,43,21,16,16,8,8,28,23,19,39,0,0],"gold":135,"neow_bonus":"TRANSFORM_TWO_CARDS","is_daily":false,"chose_seed":false,"campfire_upgraded":1,"win_rate":0.0,"timestamp":1613469350,"path_taken":["M","?","M","M","$","R","E","M","T","M","?","R","M","M","R","BOSS"],"items_purchased_type":["Card","Card"],"build_version":"2020-12-22","purchased_purges":0,"victory":false,"max_hp_per_floor":[75,75,75,75,75,75,75,75,75,75,69,69,69,69,69,69,69],"relic_stats":{"counters":[9,34],"Golden Idol":6,"Tiny Chest":0,"Bag of Preparation":[8],"obtain_stats":[{"Golden Idol":11,"Tiny Chest":7,"Bag of Preparation":9,"Cracked Core":0},{"Golden Idol":6,"Tiny Chest":4,"Bag of Preparation":5,"Cracked Core":0},{"Golden Idol":22,"Tiny Chest":17,"Bag of Preparation":19,"Cracked Core":0}]},"card_choices":[{"not_picked":["Auto Shields","Beam Cell"],"picked":"Turbo","floor":1},{"not_picked":["Turbo","Cold Snap"],"picked":"Gash","floor":3},{"not_picked":["Gash","Barrage"],"picked":"Genetic Algorithm","floor":4},{"not_picked":["Aggregate","Redo"],"picked":"Machine Learning","floor":7},{"not_picked":["Reprogram","Steam"],"picked":"Melter","floor":8},{"not_picked":["Consume","Loop"],"picked":"Sweeping Beam","floor":10},{"not_picked":["Ball Lightning","Barrage"],"picked":"Creative AI","floor":13},{"not_picked":["Redo","Barrage"],"picked":"BootSequence","floor":14}],"player_experience":18413,"relics_obtained":[{"floor":7,"key":"Tiny Chest"},{"floor":9,"key":"Bag of Preparation"}],"event_choices":[{"cards_removed":["Strike_B"],"damage_healed":0,"gold_gain":0,"player_choice":"Card Removal","damage_taken":0,"max_hp_gain":0,"max_hp_loss":0,"event_name":"The Cleric","floor":2,"gold_loss":50},{"damage_healed":0,"gold_gain":0,"player_choice":"Lose Max HP","damage_taken":0,"relics_obtained":["Golden Idol"],"max_hp_gain":0,"max_hp_loss":6,"event_name":"Golden Idol","floor":11,"gold_loss":0}],"is_beta":false,"boss_relics":[],"items_purged_floors":[],"is_endless":false,"potions_floor_spawned":[1,4,14],"killed_by":"Slime Boss","ascension_level":0}}