{"host":"06t6i6dwlvtvdxau","time":1613503815,"event":{"mods":["BaseMod","BetterRewards","Colored Map","Colored Powertips","GifTheSpireLib","Hermit","Minty Spire (QoL Compilation)","Quick Restart","Shop Mod","StSLib"],"gold_per_floor":[115,131,281,281,299,299,343,343,395,395,395],"floor_reached":10,"language":"FRA","playtime":243,"items_purged":["Defend_G","Strike_G"],"score":122,"play_id":"8b902943-7b0d-447d-920b-8fe57ad58985","local_time":"20210216203015","is_ascension_mode":true,"campfire_choices":[{"data":"Footwork","floor":6,"key":"SMITH"},{"data":"Catalyst","floor":8,"key":"SMITH"}],"circlet_count":0,"master_deck":["AscendersBane","Strike_G","Strike_G","Strike_G","Strike_G","Defend_G","Defend_G","Defend_G","Defend_G","Survivor","Neutralize","Terror","Footwork+1","Catalyst","Doubt","Catalyst+1"],"relics":["Ring of the Snake","Golden Idol","Boot","Happy Flower"],"acts_visited":["Exordium"],"potions_floor_usage":[7,7],"damage_taken":[{"damage":0.0,"enemies":"Cultist","floor":1.0,"turns":3.0},{"damage":0.0,"enemies":"2 Louse","floor":2.0,"turns":3.0},{"damage":0,"enemies":"Small Slimes","floor":5,"turns":5},{"damage":42,"enemies":"Gremlin Nob","floor":7,"turns":6},{"damage":0,"enemies":"3 Sentries","floor":10,"turns":1}],"seed_played":"6194139056373315609","potions_obtained":[{"floor":1.0,"key":"Block Potion"},{"floor":2,"key":"LiquidBronze"}],"is_trial":false,"path_per_floor":["M","M","?","?","M","R","E","R","T","E"],"character_chosen":"THE_SILENT","items_purchased":["Terror","Footwork","Catalyst"],"campfire_rested":0,"item_purchase_floors":[0,0,0],"current_hp_per_floor":[43,43,43,43,43,43,1,1,1,1,1],"gold":395,"neow_bonus":"","is_daily":false,"chose_seed":false,"campfire_upgraded":2,"win_rate":0.0,"timestamp":1613503815,"path_taken":["M","?","?","?","M","R","E","R","T","E"],"items_purchased_type":["Card","Card","Card"],"build_version":"2020-12-22","purchased_purges":2,"victory":false,"max_hp_per_floor":[66,66,66,60,60,60,60,60,60,60,60],"card_choices":[{"not_picked":["Finisher","Choke","Leg Sweep"],"picked":"SKIP","floor":1.0},{"not_picked":["All Out Attack","Dash","Underhanded Strike"],"picked":"SKIP","floor":2},{"not_picked":["All Out Attack","Dash","Underhanded Strike"],"picked":"SKIP","floor":2},{"not_picked":["Blade Dance","Leg Sweep"],"picked":"Catalyst","floor":5},{"not_picked":["Accuracy","Die Die Die","Endless Agony"],"picked":"SKIP","floor":7}],"player_experience":798061,"relics_obtained":[{"floor":7,"key":"Boot"},{"floor":9,"key":"Happy Flower"}],"event_choices":[{"damage_healed":0,"gold_gain":150,"player_choice":"AGREE","damage_taken":0,"max_hp_gain":0,"max_hp_loss":0,"event_name":"Liars Game","floor":3,"gold_loss":0,"cards_obtained":["Doubt"]},{"damage_healed":0,"gold_gain":0,"player_choice":"Lose Max HP","damage_taken":0,"relics_obtained":["Golden Idol"],"max_hp_gain":0,"max_hp_loss":6,"event_name":"Golden Idol","floor":4,"gold_loss":0}],"is_beta":false,"boss_relics":[],"items_purged_floors":[0,0],"is_endless":false,"potions_floor_spawned":[1,2],"killed_by":"3 Sentries","ascension_level":17}}