{"host":"xb2tau8pgi8aflss","time":1613478394,"event":{"mods":["AchievementEnabler","BaseMod","Hermit","Minty Spire (QoL Compilation)","StSLib","SuperFastMode"],"gold_per_floor":[17,28,28,44,44,44,44,76,76,91,91,91,16,35,35,35,35],"floor_reached":16,"language":"KOR","playtime":627,"items_purged":["Defend_G"],"score":140,"play_id":"415c6e96-b41d-47b5-bc38-18d5a4af00ba","local_time":"20210216212634","is_ascension_mode":true,"campfire_choices":[{"data":"Neutralize","floor":6,"key":"SMITH"},{"floor":12,"key":"REST"},{"data":"Backflip","floor":15,"key":"SMITH"}],"circlet_count":0,"master_deck":["Strike_G","Strike_G","Strike_G","Strike_G","Defend_G","Defend_G","Defend_G","Defend_G","Survivor","Neutralize+1","Backflip+1","Escape Plan","Leg Sweep","Skewer","Acrobatics","Tactician"],"relics":["Ring of the Snake","Ice Cream","InkBottle","Toy Ornithopter","Blue Candle","Molten Egg 2","Golden Idol"],"acts_visited":["Exordium"],"potions_floor_usage":[8,10,16],"damage_taken":[{"damage":0,"enemies":"Jaw Worm","floor":1,"turns":5},{"damage":0,"enemies":"Small Slimes","floor":2,"turns":4},{"damage":0,"enemies":"2 Louse","floor":4,"turns":4},{"damage":12,"enemies":"3 Sentries","floor":8,"turns":17},{"damage":14,"enemies":"Exordium Thugs","floor":10,"turns":8},{"damage":0,"enemies":"Blue Slaver","floor":14,"turns":6},{"damage":57,"enemies":"Hexaghost","floor":16,"turns":16}],"seed_played":"98432041591243760","potions_obtained":[{"floor":2,"key":"DistilledChaos"},{"floor":8,"key":"SteroidPotion"},{"floor":10,"key":"LiquidBronze"}],"is_trial":false,"path_per_floor":["M","M","?","M","?","R","T","E","T","M","?","R","$","M","R","B"],"character_chosen":"THE_SILENT","items_purchased":[],"campfire_rested":1,"item_purchase_floors":[],"current_hp_per_floor":[63,63,63,63,60,60,60,53,53,44,27,48,48,48,48,0,0],"gold":35,"neow_bonus":"ONE_RARE_RELIC","is_daily":false,"chose_seed":false,"campfire_upgraded":2,"win_rate":0.0,"timestamp":1613478394,"path_taken":["M","M","?","M","?","R","?","E","T","M","?","R","$","?","R","BOSS"],"items_purchased_type":[],"build_version":"2020-12-22","purchased_purges":1,"victory":false,"max_hp_per_floor":[70,70,70,70,70,70,70,70,70,70,70,70,70,70,70,70,70],"card_choices":[{"not_picked":["Underhanded Strike","Prepared"],"picked":"Backflip","floor":1},{"not_picked":["Leg Sweep","Quick Slash"],"picked":"Escape Plan","floor":2},{"not_picked":["Endless Agony","Quick Slash"],"picked":"Leg Sweep","floor":4},{"not_picked":["Dagger Throw","Eviscerate"],"picked":"Skewer","floor":8},{"not_picked":["Bane+1","Infinite Blades"],"picked":"Acrobatics","floor":10},{"not_picked":["Reflex","Accuracy"],"picked":"Tactician","floor":14}],"player_experience":842541,"relics_obtained":[{"floor":7,"key":"Toy Ornithopter"},{"floor":8,"key":"Blue Candle"},{"floor":9,"key":"Molten Egg 2"}],"event_choices":[{"cards_removed":["Strike_G"],"damage_healed":0,"gold_gain":0,"player_choice":"Forget","damage_taken":0,"max_hp_gain":0,"max_hp_loss":0,"event_name":"Living Wall","floor":3,"gold_loss":0},{"damage_healed":0,"gold_gain":0,"player_choice":"Success","damage_taken":3,"relics_obtained":["InkBottle"],"max_hp_gain":0,"max_hp_loss":0,"event_name":"Scrap Ooze","floor":5,"gold_loss":0},{"damage_healed":0,"gold_gain":0,"player_choice":"Take Damage","damage_taken":17,"relics_obtained":["Golden Idol"],"max_hp_gain":0,"max_hp_loss":0,"event_name":"Golden Idol","floor":11,"gold_loss":0}],"is_beta":false,"boss_relics":[],"items_purged_floors":[13],"is_endless":false,"potions_floor_spawned":[2,8,10],"killed_by":"Hexaghost","ascension_level":8}}