{"host":"c64dsqyrqv0ei9yn","time":1613440968,"event":{"mods":["BaseMod","Bestiary","Colored Map","LagranYue(ùfäiòNÅEåé)","Minty Spire (QoL Compilation)","Prisma Mod","Random Character Button","StSLib","The Alterego","The Saiyan","The Servant 0.9.4","The Wild Card"],"gold_per_floor":[119,139,156,22,35,35,62,62,62,78,103,113,188,205,205,307,307,322,322,2,2,2,2,37,37,61,79,79,79],"floor_reached":28,"language":"ENG","playtime":1289,"items_purged":[],"score":260,"play_id":"6010fdb9-dd1b-4a70-bf76-eee33aa65c14","local_time":"20210216020248","is_ascension_mode":true,"campfire_choices":[{"data":"PrismaMod:MiyuUncommonDexBuff","floor":6,"key":"SMITH"},{"data":"PrismaMod:MiyuUncommonDexBuff","floor":8,"key":"SMITH"},{"floor":15,"key":"REST"},{"data":"PrismaMod:MiyuCheapDefend2","floor":23,"key":"SMITH"}],"circlet_count":0,"master_deck":["PrismaMod:MiyuCommonDefend","PrismaMod:MiyuCommonDefend","PrismaMod:MiyuCommonDefend","PrismaMod:MiyuCommonDefend","PrismaMod:MiyuCommonDefend","PrismaMod:MiyuCommonAttack","PrismaMod:MiyuCommonAttack","PrismaMod:MiyuCommonAttack","PrismaMod:MiyuCommonAttack","PrismaMod:MiyuCheapChannelAttack","PrismaMod:MiyuCheapChannelDefend","PrismaMod:MiyuEvokeAllAttack","PrismaMod:MiyuAttackChannelAttack","PrismaMod:MiyuUncommonDexBuff+1","PrismaMod:MiyuUncommonStrBuff","PrismaMod:MiyuEvokeAll","PrismaMod:MiyuCommonAOEAttack","PrismaMod:MiyuUncommonAOEAttack","PrismaMod:MiyuUncommonDexBuff+1","PrismaMod:MiyuUncommonDefend","PrismaMod:MiyuUberAttack","PrismaMod:MiyuCheapAttack1","PrismaMod:MiyuCheapDefend1","PrismaMod:MiyuBride","PrismaMod:MiyuUncommonPlate+1","PrismaMod:MiyuCheapDefend2+1","PrismaMod:MiyuUberAOEAttack"],"relics":["PrismaMod:PrismaSapphire","Strawberry","Omamori","Mummified Hand","Philosopher\u0027s Stone","Dream Catcher","Toy Ornithopter","Vajra"],"acts_visited":["Exordium","TheCity"],"potions_floor_usage":[7,27],"damage_taken":[{"damage":0,"enemies":"2 Louse","floor":1,"turns":3},{"damage":0,"enemies":"Small Slimes","floor":2,"turns":3},{"damage":0,"enemies":"Cultist","floor":3,"turns":3},{"damage":30,"enemies":"Gremlin Gang","floor":5,"turns":4},{"damage":13,"enemies":"3 Sentries","floor":7,"turns":5},{"damage":0,"enemies":"Blue Slaver","floor":10,"turns":3},{"damage":14,"enemies":"Gremlin Nob","floor":11,"turns":5},{"damage":10,"enemies":"Exordium Thugs","floor":12,"turns":4},{"damage":1,"enemies":"Large Slime","floor":14,"turns":3},{"damage":7,"enemies":"Hexaghost","floor":16,"turns":8},{"damage":13,"enemies":"3 Byrds","floor":18,"turns":4},{"damage":75,"enemies":"Slavers","floor":24,"turns":5},{"damage":0,"enemies":"Shell Parasite","floor":27,"turns":3},{"damage":19,"enemies":"Shelled Parasite and Fungi","floor":28,"turns":2}],"seed_played":"-2912788405748902495","potions_obtained":[{"floor":3,"key":"Regen Potion"},{"floor":5,"key":"FearPotion"},{"floor":10,"key":"FearPotion"},{"floor":12,"key":"DistilledChaos"},{"floor":16,"key":"Strength Potion"}],"is_trial":false,"path_per_floor":["M","M","M","$","M","R","E","R","T","M","E","M","?","M","R","B",null,"M","?","$","?","?","R","E","$","T","M","M"],"character_chosen":"MIYU","items_purchased":["PrismaMod:MiyuEvokeAll","PrismaMod:MiyuCommonAOEAttack","Dream Catcher","PrismaMod:MiyuCheapDefend2"],"campfire_rested":1,"item_purchase_floors":[4,4,20,20],"current_hp_per_floor":[75,75,75,75,45,45,51,51,51,51,37,31,20,23,47,44,82,73,73,73,73,73,73,2,2,2,7,0,0],"gold":79,"neow_bonus":"TRANSFORM_CARD","is_daily":false,"chose_seed":false,"campfire_upgraded":3,"win_rate":0.0,"timestamp":1613440968,"path_taken":["M","M","M","$","M","R","E","R","T","M","E","M","?","M","R","BOSS","M","?","$","?","?","R","E","$","T","M","?"],"items_purchased_type":["Card","Card","Relic","Card"],"build_version":"2020-12-22","purchased_purges":0,"victory":false,"max_hp_per_floor":[75,75,75,75,75,75,82,82,82,82,82,82,82,82,82,82,82,82,82,82,82,82,82,82,82,82,82,82,82],"card_choices":[{"not_picked":["PrismaMod:MiyuUberAttack","PrismaMod:MiyuCheapStrBuff"],"picked":"PrismaMod:MiyuAttackChannelAttack","floor":1},{"not_picked":["PrismaMod:MiyuCommonAOEAttack","PrismaMod:MiyuEvokeCheapAttack"],"picked":"PrismaMod:MiyuUncommonDexBuff","floor":2},{"not_picked":["PrismaMod:MiyuEvokeCheapAttack","PrismaMod:MiyuUberAttack"],"picked":"PrismaMod:MiyuUncommonStrBuff","floor":3},{"not_picked":["PrismaMod:MiyuAttackChannelVul","PrismaMod:MiyuCommonAOEAttack"],"picked":"PrismaMod:MiyuUncommonAOEAttack","floor":5},{"not_picked":["PrismaMod:MiyuUncommonStrBuff","PrismaMod:MiyuEvokeAll"],"picked":"PrismaMod:MiyuUncommonDexBuff","floor":7},{"not_picked":["PrismaMod:MiyuUncommonAttack","PrismaMod:MiyuDefenseRemoval"],"picked":"PrismaMod:MiyuUncommonDefend","floor":10},{"not_picked":["PrismaMod:MiyuDefenseExplosion","PrismaMod:MiyuEvokeBuffStr"],"picked":"PrismaMod:MiyuUberAttack","floor":11},{"not_picked":["PrismaMod:MiyuDefenseAbsorbMinor","PrismaMod:MiyuDefenseRemoval"],"picked":"PrismaMod:MiyuCheapAttack1","floor":12},{"not_picked":["PrismaMod:MiyuEvokeBuffDex","PrismaMod:MiyuCheapEvoke"],"picked":"PrismaMod:MiyuCheapDefend1","floor":14},{"not_picked":["PrismaMod:MiyuDefenseAbsorbMinor","PrismaMod:MiyuChannelDefendEvoke"],"picked":"PrismaMod:MiyuBride","floor":16},{"not_picked":["PrismaMod:MiyuUncommonDexBuff","PrismaMod:MiyuEvokeBuffStr"],"picked":"PrismaMod:MiyuUncommonPlate+1","floor":18},{"not_picked":["PrismaMod:MiyuCheapEvoke","PrismaMod:MiyuChannelAttackEvoke","PrismaMod:MiyuUberAttack"],"picked":"SKIP","floor":24},{"not_picked":["PrismaMod:MiyuDefenseRemoval","PrismaMod:MiyuCommonAOEAttack"],"picked":"PrismaMod:MiyuUberAOEAttack","floor":27}],"player_experience":81706,"relics_obtained":[{"floor":7,"key":"Strawberry"},{"floor":9,"key":"Omamori"},{"floor":11,"key":"Mummified Hand"},{"floor":24,"key":"Toy Ornithopter"},{"floor":26,"key":"Vajra"}],"event_choices":[{"damage_healed":0,"gold_gain":75,"player_choice":"Gather Gold","damage_taken":11,"max_hp_gain":0,"max_hp_loss":0,"event_name":"World of Goop","floor":13,"gold_loss":0},{"damage_healed":0,"gold_gain":0,"player_choice":"Ignored","damage_taken":0,"max_hp_gain":0,"max_hp_loss":0,"event_name":"Vampires","floor":19,"gold_loss":0},{"damage_healed":0,"gold_gain":0,"player_choice":"Ignored","damage_taken":0,"max_hp_gain":0,"max_hp_loss":0,"event_name":"Cursed Tome","floor":21,"gold_loss":0},{"damage_healed":0,"gold_gain":0,"player_choice":"Leave","damage_taken":0,"max_hp_gain":0,"max_hp_loss":0,"event_name":"FaceTrader","floor":22,"gold_loss":0}],"is_beta":false,"boss_relics":[{"not_picked":["Coffee Dripper","Fusion Hammer"],"picked":"Philosopher\u0027s Stone"}],"items_purged_floors":[],"is_endless":false,"potions_floor_spawned":[3,5,10,12,16,18],"killed_by":"Shelled Parasite and Fungi","ascension_level":1}}