{"host":"ueur771it0nnharr","time":1613446509,"event":{"mods":["AchievementEnabler","BaseMod","Colored Map","Colored Powertips","Highlight Path","Hubris","Minty Spire (QoL Compilation)","StSLib"],"gold_per_floor":[13,29,29,44,44,73,73,84,84,94,11,11,11,30,30,132,132,150,150,150,161,181,181,181,181],"floor_reached":24,"language":"ENG","playtime":1042,"items_purged":[],"score":228,"play_id":"1c11f78d-2ace-4d70-a6a5-cd2d7812d991","local_time":"20210215223509","is_ascension_mode":true,"campfire_choices":[{"floor":7,"key":"REST"},{"data":"Eruption","floor":13,"key":"SMITH"},{"data":"DevaForm","floor":15,"key":"SMITH"},{"floor":23,"key":"REST"}],"circlet_count":0,"master_deck":["Strike_P","Strike_P","Strike_P","Defend_P","Defend_P","Defend_P+1","Defend_P","Eruption+1","Vigilance","Alpha+1","TalkToTheHand","CutThroughFate","Perseverance","Sanctity","Protect","EmptyFist","EmptyBody","PathToVictory","Dramatic Entrance","DevaForm+1","DeusExMachina","Meditate+1","DeusExMachina","PathToVictory+1","Perseverance"],"relics":["PureWater","War Paint","Dream Catcher","Toy Ornithopter","hubris:DeckOfHolding","Cursed Key"],"acts_visited":["Exordium","TheCity"],"potions_floor_usage":[8,8,11,16,22],"damage_taken":[{"damage":6,"enemies":"Jaw Worm","floor":1,"turns":5},{"damage":11,"enemies":"Cultist","floor":2,"turns":4},{"damage":1,"enemies":"Small Slimes","floor":4,"turns":4},{"damage":14,"enemies":"3 Sentries","floor":6,"turns":3},{"damage":2,"enemies":"Gremlin Gang","floor":8,"turns":3},{"damage":8,"enemies":"Red Slaver","floor":10,"turns":3},{"damage":1,"enemies":"Looter","floor":14,"turns":5},{"damage":7,"enemies":"Slime Boss","floor":16,"turns":6},{"damage":35,"enemies":"3 Byrds","floor":18,"turns":4},{"damage":7,"enemies":"Spheric Guardian","floor":21,"turns":4},{"damage":35,"enemies":"Snake Plant","floor":22,"turns":3},{"damage":56,"enemies":"Chosen and Byrds","floor":24,"turns":5}],"seed_played":"-3714438649713232656","potions_obtained":[{"floor":1,"key":"Energy Potion"},{"floor":6,"key":"Ancient Potion"},{"floor":8,"key":"Weak Potion"},{"floor":10,"key":"Fruit Juice"},{"floor":21,"key":"ColorlessPotion"}],"is_trial":false,"path_per_floor":["M","M","?","M","?","E","R","M","T","M","$","T","R","M","R","B",null,"M","?","?","M","M","R","M"],"character_chosen":"WATCHER","items_purchased":["Dramatic Entrance"],"campfire_rested":2,"item_purchase_floors":[11],"current_hp_per_floor":[66,55,55,54,54,40,61,59,59,51,61,61,61,60,60,58,77,42,67,67,60,30,53,0,0],"gold":181,"neow_bonus":"THREE_RARE_CARDS","is_daily":false,"chose_seed":false,"campfire_upgraded":2,"win_rate":0.0,"timestamp":1613446509,"path_taken":["M","M","?","?","?","E","R","?","T","?","$","?","R","M","R","BOSS","M","?","?","?","M","R","M"],"items_purchased_type":["Card"],"build_version":"2020-12-22","purchased_purges":0,"victory":false,"max_hp_per_floor":[72,72,72,72,72,72,72,72,72,72,77,77,77,77,77,77,77,77,77,77,77,77,77,77,77],"card_choices":[{"not_picked":["Omniscience","Judgement"],"picked":"Alpha","floor":0},{"not_picked":["FearNoEvil","FlyingSleeves"],"picked":"TalkToTheHand","floor":1},{"not_picked":["MentalFortress","Consecrate"],"picked":"CutThroughFate","floor":2},{"not_picked":["EmptyFist","Consecrate"],"picked":"Perseverance","floor":4},{"not_picked":["FlurryOfBlows","Nirvana"],"picked":"Protect","floor":6},{"not_picked":["TalkToTheHand","CarveReality"],"picked":"EmptyFist","floor":7},{"not_picked":["Worship","EmptyFist"],"picked":"EmptyBody","floor":8},{"not_picked":["Collect","WaveOfTheHand"],"picked":"PathToVictory","floor":10},{"not_picked":["FollowUp","ClearTheMind"],"picked":"DevaForm","floor":14},{"not_picked":["SpiritShield","Blasphemy"],"picked":"DeusExMachina","floor":16},{"not_picked":["Crescendo","FlyingSleeves"],"picked":"Meditate+1","floor":18},{"not_picked":["CrushJoints","WreathOfFlame","Evaluate"],"picked":"SKIP","floor":21},{"not_picked":["SashWhip","FlyingSleeves"],"picked":"PathToVictory+1","floor":22},{"not_picked":["ClearTheMind","Halt"],"picked":"Perseverance","floor":23}],"player_experience":795792,"relics_obtained":[{"floor":3,"key":"War Paint"},{"floor":6,"key":"Dream Catcher"},{"floor":9,"key":"Toy Ornithopter"},{"floor":12,"key":"hubris:DeckOfHolding"}],"event_choices":[{"damage_healed":0,"gold_gain":0,"player_choice":"Relic","damage_taken":0,"max_hp_gain":0,"max_hp_loss":0,"event_name":"Wheel of Change","floor":3,"gold_loss":0},{"damage_healed":0,"gold_gain":0,"cards_transformed":["Strike_P"],"player_choice":"Transformed","damage_taken":0,"max_hp_gain":0,"max_hp_loss":0,"event_name":"Transmorgrifier","floor":5,"gold_loss":0,"cards_obtained":["Sanctity"]},{"damage_healed":25,"gold_gain":0,"player_choice":"Heal","damage_taken":0,"max_hp_gain":0,"max_hp_loss":0,"event_name":"The Library","floor":19,"gold_loss":0},{"damage_healed":0,"gold_gain":0,"player_choice":"Copied","damage_taken":0,"max_hp_gain":0,"max_hp_loss":0,"event_name":"Duplicator","floor":20,"gold_loss":0,"cards_obtained":["DeusExMachina"]}],"is_beta":false,"boss_relics":[{"not_picked":["SacredBark","hubris:VirtuousBlindfold"],"picked":"Cursed Key"}],"items_purged_floors":[],"is_endless":false,"potions_floor_spawned":[1,6,8,10,21],"killed_by":"Chosen and Byrds","ascension_level":3}}