{"host":"y4mx56vxqys6xwyn","time":1613500613,"event":{"mods":["BaseMod","Hermit","Minty Spire (QoL Compilation)","StSLib","The Bug Knight"],"gold_per_floor":[109,128,203,215,215,249,249,249,299,299,318,336,377,400,400,530,530,554,554,105,105,124,157,157,167,167,167,182,182,207,221,221,316,316,334,334,349,400,148,174,174,174,199,2,17,49,49,67,67,67,67],"floor_reached":50,"language":"ENG","playtime":3541,"items_purged":["Injury","Strike_G","Strike_G"],"score":625,"play_id":"d5e31bc5-7dc5-44e3-a841-819b08ab09c8","local_time":"20210216123653","is_ascension_mode":false,"campfire_choices":[{"floor":7,"key":"REST"},{"data":"Doppelganger","floor":10,"key":"SMITH"},{"floor":15,"key":"REST"},{"data":"Skewer","floor":27,"key":"SMITH"},{"data":"Glass Knife","floor":32,"key":"SMITH"},{"data":"Endless Agony","floor":41,"key":"SMITH"},{"data":"Endless Agony","floor":49,"key":"SMITH"}],"circlet_count":0,"master_deck":["Strike_G","Strike_G+1","Strike_G","Defend_G","Defend_G","Defend_G","Defend_G","Survivor","Neutralize+1","Dramatic Entrance+1","Backflip","Terror","Dagger Spray","Doppelganger+1","Endless Agony+1","Dagger Spray","Glass Knife+1","Endless Agony+1","Skewer+1","Flying Knee","Quick Slash","Predator","Predator","Dodge and Roll+1","Flying Knee","Phantasmal Killer","Calculated Gamble","Endless Agony+1","Dramatic Entrance+1","Die Die Die","Backflip+1","Parasite","Endless Agony"],"relics":["Ring of the Snake","Bloody Idol","Anchor","Whetstone","Vajra","Sozu","Lantern","Nunchaku","Ice Cream","MutagenicStrength","Pear","Orichalcum","Coffee Dripper","Gambling Chip","DollysMirror","Toy Ornithopter","MawBank","Membership Card","Boot"],"acts_visited":["Exordium","TheCity","TheBeyond"],"potions_floor_usage":[16,25,33],"damage_taken":[{"damage":1,"enemies":"Jaw Worm","floor":1,"turns":5},{"damage":0,"enemies":"2 Louse","floor":2,"turns":2},{"damage":5,"enemies":"Small Slimes","floor":4,"turns":3},{"damage":29,"enemies":"Gremlin Nob","floor":6,"turns":5},{"damage":2,"enemies":"Looter","floor":11,"turns":3},{"damage":0,"enemies":"Red Slaver","floor":12,"turns":3},{"damage":2,"enemies":"3 Sentries","floor":13,"turns":6},{"damage":0,"enemies":"Blue Slaver","floor":14,"turns":2},{"damage":37,"enemies":"Slime Boss","floor":16,"turns":10},{"damage":10,"enemies":"2 Thieves","floor":18,"turns":3},{"damage":0,"enemies":"Chosen","floor":22,"turns":2},{"damage":19,"enemies":"Book of Stabbing","floor":23,"turns":5},{"damage":6,"enemies":"Snake Plant","floor":25,"turns":2},{"damage":0,"enemies":"Shelled Parasite and Fungi","floor":28,"turns":1},{"damage":0,"enemies":"Slavers","floor":30,"turns":4},{"damage":0,"enemies":"Snecko","floor":31,"turns":2},{"damage":30,"enemies":"Champ","floor":33,"turns":8},{"damage":0,"enemies":"3 Darklings","floor":35,"turns":2},{"damage":0,"enemies":"Orb Walker","floor":37,"turns":2},{"damage":1,"enemies":"2 Orb Walkers","floor":38,"turns":3},{"damage":5,"enemies":"Giant Head","floor":40,"turns":6},{"damage":0,"enemies":"Sphere and 2 Shapes","floor":45,"turns":1},{"damage":0,"enemies":"Reptomancer","floor":46,"turns":2},{"damage":9,"enemies":"Writhing Mass","floor":48,"turns":3},{"damage":85,"enemies":"Awakened One","floor":50,"turns":10}],"seed_played":"2711017728238956687","potions_obtained":[{"floor":4,"key":"SpeedPotion"},{"floor":11,"key":"Swift Potion"},{"floor":13,"key":"Poison Potion"},{"floor":14,"key":"SteroidPotion"}],"is_trial":false,"path_per_floor":["M","M","?","M","?","E","R","?","T","R","M","M","E","M","R","B",null,"M","?","$","?","M","E","?","M","T","R","M","?","E","M","R","B",null,"M","?","M","?","$","E","R","?","T","$","M","E","?","M","R","B"],"character_chosen":"THE_SILENT","items_purchased":["Lantern","Nunchaku","Skewer","DollysMirror","Membership Card"],"campfire_rested":2,"item_purchase_floors":[20,20,20,39,44],"current_hp_per_floor":[69,69,58,53,53,24,45,45,45,45,43,43,41,41,62,25,70,60,60,60,60,65,51,51,50,60,60,65,65,70,75,75,50,80,80,80,80,80,80,80,80,80,80,80,80,80,80,76,76,0,0],"gold":67,"neow_bonus":"RANDOM_COLORLESS","is_daily":false,"chose_seed":false,"campfire_upgraded":5,"win_rate":0.0,"timestamp":1613500613,"path_taken":["M","M","?","M","?","E","R","?","T","R","M","M","E","M","R","BOSS","M","?","$","?","?","E","?","M","T","R","M","?","E","M","R","BOSS","M","?","M","?","$","E","R","?","T","?","?","E","?","M","R","BOSS"],"items_purchased_type":["Relic","Relic","Card","Relic","Relic"],"build_version":"2020-12-22","purchased_purges":3,"victory":false,"max_hp_per_floor":[70,70,70,70,70,70,70,70,70,70,70,70,70,70,70,70,70,70,70,70,70,70,70,70,70,80,80,80,80,80,80,80,80,80,80,80,80,80,80,80,80,80,80,80,80,80,80,80,80,80,80],"card_choices":[{"not_picked":["Discovery","Good Instincts"],"picked":"Dramatic Entrance","floor":0},{"not_picked":["Distraction","Tactician"],"picked":"Backflip","floor":1},{"not_picked":["Masterful Stab","Backflip"],"picked":"Terror","floor":2},{"not_picked":["After Image","Terror"],"picked":"Dagger Spray","floor":4},{"not_picked":["Prepared","Envenom"],"picked":"Doppelganger","floor":6},{"not_picked":["Blade Dance","Dodge and Roll"],"picked":"Endless Agony","floor":11},{"not_picked":["Deadly Poison","PiercingWail","Outmaneuver"],"picked":"SKIP","floor":12},{"not_picked":["Bane","Deadly Poison","Escape Plan"],"picked":"SKIP","floor":13},{"not_picked":["Tactician","Catalyst"],"picked":"Dagger Spray","floor":14},{"not_picked":["Adrenaline","Envenom"],"picked":"Glass Knife","floor":16},{"not_picked":["Deflect+1","Bane"],"picked":"Endless Agony","floor":18},{"not_picked":["Poisoned Stab","Expertise"],"picked":"Quick Slash","floor":22},{"not_picked":["Flechettes","Poisoned Stab","Noxious Fumes"],"picked":"SKIP","floor":23},{"not_picked":["Sucker Punch","Dodge and Roll+1"],"picked":"After Image","floor":25},{"not_picked":["Backflip","PiercingWail"],"picked":"Predator","floor":28},{"not_picked":["Backflip","Masterful Stab"],"picked":"Dodge and Roll+1","floor":30},{"not_picked":["Underhanded Strike","PiercingWail"],"picked":"Flying Knee","floor":31},{"not_picked":["Malaise","Corpse Explosion"],"picked":"Phantasmal Killer","floor":33},{"not_picked":["Sucker Punch","Noxious Fumes+1"],"picked":"Calculated Gamble","floor":35},{"not_picked":["Outmaneuver+1","Deflect+1"],"picked":"Endless Agony+1","floor":37},{"not_picked":["Blur","Venomology"],"picked":"Die Die Die","floor":40},{"not_picked":["Cloak And Dagger","Dodge and Roll+1"],"picked":"Backflip+1","floor":45},{"not_picked":["Backflip+1","Eviscerate","Catalyst+1"],"picked":"SKIP","floor":46},{"not_picked":["Blade Dance+1","Predator"],"picked":"Endless Agony","floor":48}],"player_experience":56521,"relics_obtained":[{"floor":6,"key":"Anchor"},{"floor":9,"key":"Whetstone"},{"floor":13,"key":"Vajra"},{"floor":23,"key":"Ice Cream"},{"floor":26,"key":"Pear"},{"floor":30,"key":"Orichalcum"},{"floor":38,"key":"Gambling Chip"},{"floor":40,"key":"Toy Ornithopter"},{"floor":43,"key":"MawBank"},{"floor":46,"key":"Boot"}],"event_choices":[{"damage_healed":0,"gold_gain":75,"player_choice":"Gather Gold","damage_taken":11,"max_hp_gain":0,"max_hp_loss":0,"event_name":"World of Goop","floor":3,"gold_loss":0},{"damage_healed":0,"gold_gain":0,"player_choice":"Take Wound","damage_taken":0,"relics_obtained":["Golden Idol"],"max_hp_gain":0,"max_hp_loss":0,"event_name":"Golden Idol","floor":5,"gold_loss":0,"cards_obtained":["Injury"]},{"damage_healed":0,"gold_gain":0,"player_choice":"Grow","damage_taken":0,"max_hp_gain":0,"max_hp_loss":0,"event_name":"Living Wall","floor":8,"gold_loss":0,"cards_upgraded":["Dramatic Entrance"]},{"damage_healed":0,"gold_gain":0,"player_choice":"Gave Idol","damage_taken":0,"relics_obtained":["Bloody Idol"],"max_hp_gain":0,"max_hp_loss":0,"event_name":"Forgotten Altar","floor":19,"relics_lost":["Golden Idol"],"gold_loss":0},{"cards_removed":["Defend_G"],"damage_healed":0,"gold_gain":0,"player_choice":"Took Card","damage_taken":0,"max_hp_gain":0,"max_hp_loss":0,"event_name":"NoteForYourself","floor":21,"gold_loss":0,"cards_obtained":["Flying Knee"]},{"damage_healed":0,"gold_gain":0,"player_choice":"Inject Mutagens","damage_taken":0,"relics_obtained":["MutagenicStrength"],"max_hp_gain":0,"max_hp_loss":0,"event_name":"Drug Dealer","floor":24,"gold_loss":0},{"damage_healed":0,"gold_gain":0,"player_choice":"Read","damage_taken":0,"max_hp_gain":0,"max_hp_loss":0,"event_name":"The Library","floor":29,"gold_loss":0,"cards_obtained":["Predator"]},{"damage_healed":0,"gold_gain":0,"player_choice":"Ignored","damage_taken":0,"max_hp_gain":0,"max_hp_loss":0,"event_name":"Tomb of Lord Red Mask","floor":36,"gold_loss":0},{"damage_healed":0,"gold_gain":0,"player_choice":"Fight","damage_taken":0,"max_hp_gain":0,"max_hp_loss":0,"event_name":"Mysterious Sphere","floor":38,"gold_loss":0},{"cards_removed":["After Image"],"damage_healed":0,"gold_gain":0,"player_choice":"Removed Power","damage_taken":0,"max_hp_gain":0,"max_hp_loss":0,"event_name":"Falling","floor":42,"gold_loss":0},{"damage_healed":0,"gold_gain":0,"player_choice":"Got Potions","damage_taken":0,"max_hp_gain":0,"max_hp_loss":0,"event_name":"Lab","floor":47,"gold_loss":0}],"is_beta":false,"boss_relics":[{"not_picked":["Velvet Choker","Runic Pyramid"],"picked":"Sozu"},{"not_picked":["Busted Crown","Runic Dome"],"picked":"Coffee Dripper"}],"items_purged_floors":[20,39,44],"is_endless":false,"potions_floor_spawned":[4,11,13,14,18,22,25,31,35,45],"killed_by":"Awakened One","ascension_level":0}}