{"host":"5hsgormuu0lj4iiq","time":1613513512,"event":{"mods":["AchievementEnabler","BaseMod","Colored Map","Colored Powertips","Minty Spire (QoL Compilation)","Quick Restart","Relic Stats","SuperFastMode","everything is the same but u backflip on backflip","slay the spire mod where everything is the same but ironclad has a cowboy hat"],"gold_per_floor":[119,37,49,49,11,11,38,38,85,85,100,175,208,51,51,126,126,136,236,246,264,282,282,298,26,26,26,26,36,67,86,86,162,162,179,54,79,90,0,0,28,28,28],"floor_reached":42,"language":"ENG","playtime":754,"items_purged":["Defend_B"],"score":790,"play_id":"26b462a4-ee48-4242-a931-7059fada833d","local_time":"20210216171152","is_ascension_mode":true,"campfire_choices":[{"data":"Storm","floor":6,"key":"SMITH"},{"data":"Defragment","floor":8,"key":"SMITH"},{"data":"Electrodynamics","floor":10,"key":"SMITH"},{"floor":15,"key":"REST"},{"floor":23,"key":"REST"},{"data":"Echo Form","floor":28,"key":"SMITH"},{"floor":32,"key":"REST"},{"data":"Defragment","floor":40,"key":"SMITH"}],"circlet_count":0,"master_deck":["AscendersBane","Defend_B","Defend_B","Defend_B","Zap","Dualcast","Capacitor","Capacitor","Ball Lightning","Defragment+1","Storm+1","Electrodynamics+1","Echo Form+1","Defragment+1","Steam","Coolheaded","Biased Cognition","Self Repair","Leap","Leap","Static Discharge","Leap","Echo Form","Gash+1","Static Discharge+1","Barrage+1","Chill","Hologram","Undo","Storm"],"relics":["Cracked Core","NeowsBlessing","White Beast Statue","Blood Vial","Oddly Smooth Stone","DataDisk","Snecko Eye","Juzu Bracelet","Pocketwatch","PreservedInsect","Astrolabe","Dead Branch","Red Mask","Darkstone Periapt"],"acts_visited":["Exordium","TheCity","TheBeyond"],"potions_floor_usage":[11,18,20,24,29,29,30,30,41,41,41],"damage_taken":[{"damage":0,"enemies":"Jaw Worm","floor":1,"turns":1},{"damage":0,"enemies":"2 Louse","floor":3,"turns":2},{"damage":0,"enemies":"Gremlin Nob","floor":7,"turns":1},{"damage":0,"enemies":"Cultist","floor":11,"turns":2},{"damage":25,"enemies":"Lagavulin","floor":13,"turns":4},{"damage":16,"enemies":"The Guardian","floor":16,"turns":8},{"damage":22,"enemies":"2 Thieves","floor":18,"turns":2},{"damage":18,"enemies":"3 Byrds","floor":20,"turns":2},{"damage":23,"enemies":"Snake Plant","floor":21,"turns":3},{"damage":3,"enemies":"Centurion and Healer","floor":22,"turns":2},{"damage":6,"enemies":"3 Cultists","floor":24,"turns":3},{"damage":0,"enemies":"Sentry and Sphere","floor":29,"turns":3},{"damage":24,"enemies":"Slavers","floor":30,"turns":2},{"damage":17,"enemies":"Shelled Parasite and Fungi","floor":31,"turns":3},{"damage":9,"enemies":"Champ","floor":33,"turns":7},{"damage":15,"enemies":"Orb Walker","floor":35,"turns":3},{"damage":27,"enemies":"Mind Bloom Boss Battle","floor":37,"turns":5},{"damage":0,"enemies":"3 Shapes","floor":38,"turns":4},{"damage":43,"enemies":"Nemesis","floor":41,"turns":3},{"damage":15,"enemies":"Sphere and 2 Shapes","floor":42,"turns":2}],"seed_played":"-6863213744502875427","potions_obtained":[{"floor":1,"key":"DuplicationPotion"},{"floor":3,"key":"SpeedPotion"},{"floor":11,"key":"Fruit Juice"},{"floor":13,"key":"Energy Potion"},{"floor":18,"key":"ColorlessPotion"},{"floor":20,"key":"EntropicBrew"},{"floor":24,"key":"AttackPotion"},{"floor":30,"key":"Explosive Potion"},{"floor":31,"key":"Swift Potion"},{"floor":41,"key":"Fruit Juice"}],"is_trial":false,"path_per_floor":["M","$","M","?","$","R","E","R","T","R","M","?","E","$","R","B",null,"M","?","M","M","M","R","M","$","T","$","R","M","E","M","R","B",null,"M","$","?","M","?","R","E","M"],"character_chosen":"DEFECT","items_purchased":["Capacitor","Ball Lightning","Storm","DataDisk","Self Repair","Leap","Juzu Bracelet","Hologram"],"campfire_rested":3,"item_purchase_floors":[2,2,5,14,25,25,25,36],"current_hp_per_floor":[68,68,68,61,61,61,61,61,61,61,68,57,34,34,58,44,71,51,51,35,14,13,37,33,33,33,33,33,42,27,12,36,43,71,65,65,47,49,49,49,13,0,0],"gold":28,"neow_bonus":"THREE_ENEMY_KILL","is_daily":false,"chose_seed":false,"campfire_upgraded":5,"win_rate":0.0,"timestamp":1613513512,"path_taken":["M","$","M","?","$","R","E","R","T","R","M","?","E","?","R","BOSS","M","?","M","?","M","R","M","?","T","$","R","M","E","M","R","BOSS","M","$","?","M","?","R","E","M"],"items_purchased_type":["Card","Card","Card","Relic","Card","Card","Relic","Card"],"build_version":"2020-12-22","purchased_purges":1,"victory":false,"max_hp_per_floor":[75,75,75,75,75,75,75,75,75,75,80,80,80,80,80,80,80,80,80,80,80,80,80,80,80,80,80,80,80,80,80,80,80,80,80,80,80,80,80,80,85,85,85],"relic_stats":{"Blood Vial":34,"Darkstone Periapt":0,"counters":[20,62],"Astrolabe":["Gash","Static Discharge","Barrage"],"Dead Branch":[7],"Snecko Eye":[84,80,81,79],"PreservedInsect":50,"Juzu Bracelet":0,"obtain_stats":[{"Darkstone Periapt":41,"NeowsBlessing":0,"Astrolabe":34,"Dead Branch":37,"Oddly Smooth Stone":13,"PreservedInsect":30,"Juzu Bracelet":25,"White Beast Statue":7,"Blood Vial":9,"DataDisk":14,"Snecko Eye":17,"Red Mask":39,"Cracked Core":0,"Pocketwatch":26},{"Darkstone Periapt":19,"NeowsBlessing":0,"Astrolabe":15,"Dead Branch":17,"Oddly Smooth Stone":5,"PreservedInsect":13,"Juzu Bracelet":11,"White Beast Statue":3,"Blood Vial":3,"DataDisk":5,"Snecko Eye":6,"Red Mask":18,"Cracked Core":0,"Pocketwatch":11},{"Darkstone Periapt":60,"NeowsBlessing":0,"Astrolabe":45,"Dead Branch":53,"Oddly Smooth Stone":10,"PreservedInsect":35,"Juzu Bracelet":30,"White Beast Statue":4,"Blood Vial":4,"DataDisk":10,"Snecko Eye":18,"Red Mask":57,"Cracked Core":0,"Pocketwatch":30}],"Pocketwatch":[21]},"card_choices":[{"not_picked":["Gash","Force Field"],"picked":"Capacitor","floor":1},{"not_picked":["Ball Lightning","Turbo"],"picked":"Defragment","floor":3},{"not_picked":["Hologram","Redo"],"picked":"Electrodynamics","floor":7},{"not_picked":["Redo","Melter","Rip and Tear"],"picked":"SKIP","floor":11},{"not_picked":["Rainbow","Compile Driver","Streamline"],"picked":"SKIP","floor":13},{"not_picked":["Creative AI","Rainbow"],"picked":"Echo Form","floor":16},{"not_picked":["Undo","Loop"],"picked":"Defragment","floor":18},{"not_picked":["Beam Cell+1","Stack+1"],"picked":"Steam","floor":20},{"not_picked":["Leap","Turbo"],"picked":"Coolheaded","floor":21},{"not_picked":["Turbo","Rip and Tear"],"picked":"Biased Cognition","floor":22},{"not_picked":["Compile Driver","Beam Cell","Redo"],"picked":"SKIP","floor":24},{"not_picked":["Rebound","Coolheaded"],"picked":"Leap","floor":29},{"not_picked":["FTL","Beam Cell"],"picked":"Static Discharge","floor":30},{"not_picked":["Barrage","Compile Driver"],"picked":"Leap","floor":31},{"not_picked":["Meteor Strike","Creative AI"],"picked":"Echo Form","floor":33},{"not_picked":["Steam+1","Doom and Gloom"],"picked":"Chill","floor":35},{"not_picked":["Cold Snap","Barrage"],"picked":"Undo","floor":37},{"not_picked":["Gash+1","Chaos","Barrage"],"picked":"SKIP","floor":38},{"not_picked":["Conserve Battery","Blizzard"],"picked":"Storm","floor":41}],"player_experience":741383,"relics_obtained":[{"floor":7,"key":"White Beast Statue"},{"floor":9,"key":"Blood Vial"},{"floor":13,"key":"Oddly Smooth Stone"},{"floor":26,"key":"Pocketwatch"},{"floor":30,"key":"PreservedInsect"},{"floor":37,"key":"Dead Branch"},{"floor":41,"key":"Darkstone Periapt"}],"event_choices":[{"cards_removed":["Strike_B"],"damage_healed":0,"gold_gain":0,"player_choice":"Card Removal","damage_taken":7,"max_hp_gain":0,"max_hp_loss":0,"event_name":"Golden Wing","floor":4,"gold_loss":0},{"damage_healed":0,"gold_gain":75,"player_choice":"Gather Gold","damage_taken":11,"max_hp_gain":0,"max_hp_loss":0,"event_name":"World of Goop","floor":12,"gold_loss":0},{"damage_healed":0,"gold_gain":100,"player_choice":"Pray","damage_taken":0,"max_hp_gain":0,"max_hp_loss":0,"event_name":"Golden Shrine","floor":19,"gold_loss":0},{"damage_healed":0,"gold_gain":0,"player_choice":"Fight","damage_taken":0,"max_hp_gain":0,"max_hp_loss":0,"event_name":"MindBloom","floor":37,"gold_loss":0},{"damage_healed":0,"gold_gain":0,"player_choice":"Paid","damage_taken":0,"relics_obtained":["Red Mask"],"max_hp_gain":0,"max_hp_loss":0,"event_name":"Tomb of Lord Red Mask","floor":39,"gold_loss":90}],"is_beta":false,"boss_relics":[{"not_picked":["Inserter","Sozu"],"picked":"Snecko Eye"},{"not_picked":["Runic Dome","SlaversCollar"],"picked":"Astrolabe"}],"items_purged_floors":[36],"is_endless":false,"potions_floor_spawned":[1,3,11,13,16,18,20,21,22,24,29,30,31,33,35,37,38,41],"killed_by":"Sphere and 2 Shapes","ascension_level":13}}