{"host":"ukjd55ldumo8te1z","time":1613439945,"event":{"mods":["AchievementEnabler","BaseMod","Bestiary","Better Third Choice","BetterRewards","Bossed Relics","Colored Powertips","Conspire","Curses Come First","Energized Spire","Highlight Path","Hubris","Infinite Spire","Marked Mod","Minty Spire (QoL Compilation)","Permanent Neow","Quick Restart","Reliquary","Shop Mod","StSLib","Together in Spire","Waifu the Spire","??????REMEMod"],"gold_per_floor":[116,0,0,15,34,65,125,125,125,125,27,45,45,64,64,160,160,134,151,151,151,151],"floor_reached":21,"language":"ENG","playtime":1454,"items_purged":[],"score":129,"play_id":"be790904-ed95-4763-aede-f4422ecc80a5","local_time":"20210215204545","is_ascension_mode":false,"campfire_choices":[{"floor":10,"key":"REST"},{"data":"Enlightenment","floor":15,"key":"SMITH"}],"circlet_count":0,"master_deck":["Strike_G","Strike_G","Strike_G","Strike_G","Strike_G","Defend_G","Defend_G","Defend_G","Defend_G","Defend_G","Survivor","Neutralize","Adrenaline","Outmaneuver","Enlightenment+1","Flying Knee","Predator","Blade Dance","Deadly Poison","Caltrops","Good Instincts","Dodge and Roll","Dagger Spray","Adrenaline","Terror","Poisoned Stab","Consecrate"],"relics":["Ring of the Snake","REME_ComplimentaryCards","hubris:SlimyHat","hubris:SphereOfDissonance","Dream Catcher","Lantern","SlaversCollar"],"acts_visited":["Exordium","TheCity"],"potions_floor_usage":[6,18,21,21,21],"damage_taken":[{"damage":6,"enemies":"Jaw Worm","floor":1,"turns":4},{"damage":2,"enemies":"2 Louse","floor":4,"turns":4},{"damage":0,"enemies":"conspire:RoseBush","floor":5,"turns":4},{"damage":17,"enemies":"Gremlin Nob","floor":6,"turns":5},{"damage":4,"enemies":"Gremlin Nob","floor":7,"turns":3},{"damage":6,"enemies":"2 Fungi Beasts","floor":12,"turns":3},{"damage":5,"enemies":"3 Louse","floor":14,"turns":3},{"damage":0,"enemies":"Slime Boss","floor":16,"turns":3},{"damage":11,"enemies":"2 Thieves","floor":18,"turns":5},{"damage":37,"enemies":"conspire:FuzzyDice","floor":19,"turns":7},{"damage":34,"enemies":"3 Cultists","floor":21,"turns":4}],"seed_played":"1807901538785385526","potions_obtained":[{"floor":5,"key":"SneckoOil"},{"floor":7,"key":"Energy Potion"},{"floor":14,"key":"EssenceOfSteel"},{"floor":16,"key":"Dexterity Potion"},{"floor":19,"key":"Regen Potion"}],"is_trial":false,"path_per_floor":["M","?","?","M","M","E","?","?","T","R","$","M","$","M","R","B",null,"M","M","?","M"],"character_chosen":"THE_SILENT","items_purchased":["Good Instincts"],"campfire_rested":1,"item_purchase_floors":[11],"current_hp_per_floor":[64,70,70,68,68,51,47,47,47,69,69,63,63,58,58,58,76,65,28,28,0,0],"gold":151,"neow_bonus":"RANDOM_COMMON_RELIC","is_daily":false,"chose_seed":false,"campfire_upgraded":1,"win_rate":0.0,"timestamp":1613439945,"path_taken":["M","?","?","M","?","E","?","?","T","R","?","M","$","M","R","BOSS","M","M","?","M"],"items_purchased_type":["Card"],"build_version":"2020-12-22","purchased_purges":0,"victory":false,"max_hp_per_floor":[70,76,76,76,76,76,76,76,76,76,76,76,76,76,76,76,76,76,76,76,76,76],"card_choices":[{"not_picked":["Deadly Poison","Eviscerate"],"picked":"Outmaneuver","floor":1},{"not_picked":["Crippling Poison","hubris:TrickCloak"],"picked":"Flying Knee","floor":4},{"not_picked":["Deadly Poison","Backflip"],"picked":"Predator","floor":5},{"not_picked":["Prepared","Dagger Spray"],"picked":"Blade Dance","floor":6},{"not_picked":["Prepared","Quick Slash"],"picked":"Deadly Poison","floor":7},{"not_picked":["PiercingWail","Choke"],"picked":"Caltrops","floor":10},{"not_picked":["Dagger Spray","Prepared"],"picked":"Dodge and Roll","floor":12},{"not_picked":["Catalyst","hubris:SlightOfHand"],"picked":"Dagger Spray","floor":14},{"not_picked":["Tools of the Trade","Wraith Form v2"],"picked":"Adrenaline","floor":16},{"not_picked":["Well Laid Plans","Slice"],"picked":"Terror","floor":18},{"not_picked":["Predator","hubris:SlightOfHand"],"picked":"Poisoned Stab","floor":19}],"player_experience":17004,"relics_obtained":[{"floor":6,"key":"hubris:SphereOfDissonance"},{"floor":7,"key":"Dream Catcher"},{"floor":9,"key":"Lantern"}],"event_choices":[{"damage_healed":0,"gold_gain":0,"player_choice":"RENOUNCE","damage_taken":116,"max_hp_gain":0,"max_hp_loss":0,"event_name":"betterThird:BetterSerpent","floor":2,"gold_loss":116,"cards_obtained":["Enlightenment"]},{"damage_healed":0,"gold_gain":0,"player_choice":"Ignored","damage_taken":0,"max_hp_gain":0,"max_hp_loss":0,"event_name":"Golden Idol","floor":3,"gold_loss":0},{"damage_healed":0,"gold_gain":0,"player_choice":"Searched \u00271\u0027 times","damage_taken":0,"max_hp_gain":0,"max_hp_loss":0,"event_name":"Dead Adventurer","floor":7,"gold_loss":0},{"damage_healed":0,"gold_gain":0,"player_choice":"Read","damage_taken":0,"max_hp_gain":0,"max_hp_loss":0,"event_name":"The Library","floor":20,"gold_loss":0,"cards_obtained":["Consecrate"]}],"is_beta":false,"boss_relics":[{"not_picked":["infinitespire:Cupcake","energizedSpire:NeverEndingSparkler"],"picked":"SlaversCollar"}],"items_purged_floors":[],"is_endless":false,"potions_floor_spawned":[5,7,14,16,19],"killed_by":"3 Cultists","ascension_level":0}}