{"host":"p9vmbvw2hh2n16dn","time":1613482378,"event":{"mods":["AchievementEnabler","BaseMod","Block Reminder","Minty Spire (QoL Compilation)","Relic Stats","SuperFastMode"],"gold_per_floor":[116,116,127,127,143,177,193,221,245,264,264,264],"floor_reached":11,"language":"ENG","playtime":394,"items_purged":[],"score":136,"play_id":"457809c2-8221-4be7-b374-8c9d7a44e783","local_time":"20210216143258","is_ascension_mode":true,"campfire_choices":[],"circlet_count":0,"master_deck":["AscendersBane","Strike_G","Strike_G","Strike_G","Strike_G","Defend_G","Defend_G","Defend_G","Defend_G","Survivor","Neutralize","Poisoned Stab","Slice","Quick Slash","Blade Dance","Footwork","Poisoned Stab"],"relics":["Ring of the Snake","Pen Nib","Lantern","Vajra","Snake Skull"],"acts_visited":["Exordium"],"potions_floor_usage":[11,11],"damage_taken":[{"damage":0.0,"enemies":"2 Louse","floor":1.0,"turns":5.0},{"damage":0.0,"enemies":"Cultist","floor":3.0,"turns":4.0},{"damage":1.0,"enemies":"Jaw Worm","floor":5.0,"turns":3.0},{"damage":31.0,"enemies":"Gremlin Nob","floor":6.0,"turns":5.0},{"damage":1.0,"enemies":"Exordium Thugs","floor":7.0,"turns":4.0},{"damage":20.0,"enemies":"3 Sentries","floor":8.0,"turns":8.0},{"damage":0.0,"enemies":"2 Fungi Beasts","floor":10.0,"turns":3.0},{"damage":3,"enemies":"Gremlin Nob","floor":11,"turns":2}],"seed_played":"8700625742665234413","potions_obtained":[{"floor":6.0,"key":"Ancient Potion"},{"floor":7.0,"key":"DuplicationPotion"},{"floor":10.0,"key":"Energy Potion"}],"is_trial":false,"path_per_floor":["M","?","M","?","M","E","M","E","T","M","E"],"character_chosen":"THE_SILENT","items_purchased":[],"campfire_rested":0,"item_purchase_floors":[],"current_hp_per_floor":[63,56,56,56,55,24,23,3,3,3,0,0],"gold":264,"neow_bonus":"RANDOM_COMMON_RELIC","is_daily":false,"chose_seed":false,"campfire_upgraded":0,"win_rate":0.0,"timestamp":1613482378,"path_taken":["M","?","M","?","M","E","?","E","T","M","E"],"items_purchased_type":[],"build_version":"2020-12-22","purchased_purges":0,"victory":false,"max_hp_per_floor":[70,70,70,70,70,70,70,70,70,70,70,70],"relic_stats":{"counters":[8,34],"Pen Nib":[8],"Snake Skull":[2],"obtain_stats":[{"Lantern":6,"Vajra":8,"Pen Nib":0,"Snake Skull":9,"Ring of the Snake":0},{"Lantern":4,"Vajra":6,"Pen Nib":0,"Snake Skull":6,"Ring of the Snake":0},{"Lantern":17,"Vajra":29,"Pen Nib":0,"Snake Skull":29,"Ring of the Snake":0}],"Ring of the Snake":[16]},"card_choices":[{"not_picked":["Deflect","Prepared"],"picked":"Poisoned Stab","floor":1.0},{"not_picked":["Finisher","Prepared"],"picked":"Slice","floor":3.0},{"not_picked":["Concentrate","Flying Knee","Accuracy"],"picked":"SKIP","floor":5.0},{"not_picked":["Dagger Throw","Calculated Gamble"],"picked":"Quick Slash","floor":6.0},{"not_picked":["Backflip","Leg Sweep"],"picked":"Blade Dance","floor":7.0},{"not_picked":["Grand Finale","Dagger Throw"],"picked":"Footwork","floor":8.0},{"not_picked":["Bane","Setup"],"picked":"Poisoned Stab","floor":10.0}],"player_experience":347163,"relics_obtained":[{"floor":6.0,"key":"Lantern"},{"floor":8.0,"key":"Vajra"},{"floor":9.0,"key":"Snake Skull"}],"event_choices":[{"cards_removed":["Defend_G"],"damage_healed":0.0,"max_hp_gain":0.0,"max_hp_loss":0.0,"gold_gain":0.0,"event_name":"Golden Wing","player_choice":"Card Removal","floor":2.0,"gold_loss":0.0,"damage_taken":7.0},{"cards_removed":["Strike_G"],"damage_healed":0.0,"max_hp_gain":0.0,"max_hp_loss":0.0,"gold_gain":0.0,"event_name":"Purifier","player_choice":"Purged","floor":4.0,"gold_loss":0.0,"damage_taken":0.0}],"is_beta":false,"boss_relics":[],"items_purged_floors":[],"is_endless":false,"potions_floor_spawned":[6,7,10],"killed_by":"Gremlin Nob","ascension_level":12}}