{"host":"y1t8p8u0dxvsm95y","time":1613507903,"event":{"mods":["BaseMod","Better Third Choice","Colored Map","Colored Powertips","Downfall","Hermit","Infinite Spire","Koishi","Marisa????????","Minty Spire (QoL Compilation)","Quick Restart","Somnambulant","StSLib","The Blackbeard","The Clintock","The Construct","The Cursed","The Disciple","The Elementalist","The Exalted","The Forsaken","The Hayseed","The Hierophant","The Judge","The Jungle","The Mystic","The Necromancer","The Problem Sleuth","The Runesmith","The Senshi","The Servant 0.9.4","The Wild Card","TheBandit"],"gold_per_floor":[12,12,26,45,62,62,62,80,103,103,135,135,148,158,158,262,262,273,273,293,308,308,308],"floor_reached":22,"language":"ENG","playtime":1560,"items_purged":[],"score":182,"play_id":"b8374117-74d7-43d4-a83c-b035d56b5322","local_time":"20210216153823","is_ascension_mode":false,"campfire_choices":[{"data":"SecondHand","floor":6,"key":"SMITH"},{"floor":10,"key":"REST"},{"floor":15,"key":"REST"}],"circlet_count":0,"master_deck":["Strike_Br","Strike_Br+1","Strike_Br+1","Defend_Br","Defend_Br","SecondHand+1","PatternShift","ResonantCall","Chronoelasticity","Parity","Parity","ExoVibe","CrunchTime","LockedBell","DaylightSavings","HandsUpC","HandsUpB","Pendulum","BlueShift","Parity","SlimeSpray","LockedWhetstone"],"relics":["Chronograph","Whetstone?","Orichalcum","Potion Belt"],"acts_visited":["Exordium","TheCity"],"potions_floor_usage":[8,22],"damage_taken":[{"damage":0,"enemies":"Jaw Worm","floor":1,"turns":6},{"damage":0,"enemies":"Small Slimes","floor":3,"turns":3},{"damage":1,"enemies":"Cultist","floor":4,"turns":4},{"damage":0,"enemies":"Large Slime","floor":5,"turns":4},{"damage":13,"enemies":"Gremlin Gang","floor":8,"turns":4},{"damage":16,"enemies":"Lots of Slimes","floor":11,"turns":8},{"damage":4,"enemies":"Large Slime","floor":13,"turns":9},{"damage":4,"enemies":"Looter","floor":14,"turns":3},{"damage":9,"enemies":"Slime Boss","floor":16,"turns":11},{"damage":5,"enemies":"Chosen","floor":18,"turns":5},{"damage":37,"enemies":"Spheric Guardian","floor":20,"turns":9},{"damage":4,"enemies":"Centurion and Healer","floor":21,"turns":8},{"damage":27,"enemies":"3 Cultists","floor":22,"turns":4}],"seed_played":"6633140984055456658","potions_obtained":[{"floor":1,"key":"Dexterity Potion"},{"floor":4,"key":"Fire Potion"},{"floor":14,"key":"Dexterity Potion"},{"floor":18,"key":"hexamod:SoulburnPotion"}],"is_trial":false,"path_per_floor":["M","?","M","M","M","R","?","M","T","R","M","?","M","M","R","B",null,"M","?","M","M","M"],"character_chosen":"CHRONO_CLASS","items_purchased":[],"campfire_rested":2,"item_purchase_floors":[],"current_hp_per_floor":[65,65,65,64,64,64,51,38,38,57,41,41,37,33,52,43,65,60,60,23,19,0,0],"gold":308,"neow_bonus":"TRANSFORM_TWO_CARDS","is_daily":false,"chose_seed":false,"campfire_upgraded":1,"win_rate":0.0,"timestamp":1613507903,"path_taken":["M","?","M","M","M","R","?","M","T","R","M","?","M","?","R","BOSS","M","?","?","M","?"],"items_purchased_type":[],"build_version":"2020-12-22","purchased_purges":0,"victory":false,"max_hp_per_floor":[65,65,65,65,65,65,65,65,65,65,65,65,65,65,65,65,65,65,65,65,65,65,65],"card_choices":[{"not_picked":["TiringSlam","BlueShift"],"picked":"Parity","floor":1},{"not_picked":["TiringSlam","LockedUrn"],"picked":"Parity","floor":3},{"not_picked":["Break","LockedWarPaint"],"picked":"ExoVibe","floor":4},{"not_picked":["BlueShift","LockedTurtyl"],"picked":"CrunchTime","floor":5},{"not_picked":["ResonantCall","Echoward"],"picked":"LockedBell","floor":8},{"not_picked":["HandsUpC","BiteCommand"],"picked":"DaylightSavings","floor":11},{"not_picked":["LockedMawBank","LockedWhetstone"],"picked":"HandsUpC","floor":13},{"not_picked":["WakeUpCall","CrunchTime"],"picked":"HandsUpB","floor":14},{"not_picked":["OracleForm","Echonomics"],"picked":"Pendulum","floor":16},{"not_picked":["AlternateTimeline","HandsUpB"],"picked":"BlueShift","floor":18},{"not_picked":["LockedAnchor","EscortCommand"],"picked":"SlimeSpray","floor":20},{"not_picked":["WakeUpCall+1","AlternateTimeline"],"picked":"LockedWhetstone","floor":21}],"player_experience":1270949,"relics_obtained":[{"floor":9,"key":"Orichalcum"}],"event_choices":[{"damage_healed":64,"gold_gain":0,"player_choice":"Upgrade","damage_taken":13,"max_hp_gain":0,"max_hp_loss":65,"event_name":"betterThird:BetterShining","floor":7,"gold_loss":0,"cards_upgraded":["Strike_Br","Strike_Br"]},{"damage_healed":0,"gold_gain":0,"player_choice":"Gave Potion","damage_taken":0,"relics_obtained":["Potion Belt"],"max_hp_gain":0,"max_hp_loss":0,"event_name":"WeMeetAgain","floor":12,"gold_loss":0},{"damage_healed":0,"gold_gain":0,"cards_transformed":["Defend_Br"],"player_choice":"Transformed","damage_taken":0,"max_hp_gain":0,"max_hp_loss":0,"event_name":"Transmorgrifier","floor":19,"gold_loss":0,"cards_obtained":["Parity"]}],"is_beta":false,"boss_relics":[{"not_picked":["Coffee Dripper","Tiny House"],"picked":"Chronograph"}],"items_purged_floors":[],"is_endless":false,"potions_floor_spawned":[1,4,14,18],"killed_by":"3 Cultists","ascension_level":0}}