{"host":"rdkn868dy8jmb7gs","time":1613483168,"event":{"mods":["Act Like it!","Arknights","BaseMod","BetterRewards","Colored Map","Colored Powertips","Custom Start","Gensokyo","Hubris","Marisa£®ÏF”Í°°ƒß¿Ì…≥£©","Minty Spire (QoL Compilation)","Reimu£®≤©¿ˆ¡È√Œ£©","Remilia£®¿Ÿ√◊¿Ú—«£©","Replay The Spire","Spicy Shops","StSLib","The Servant 0.9.4","Youmu£®ªÍ∆«—˝√Œ£©","°æ“≈ŒÔø®≈∆°øREMEMod","ÛÙª÷∏ƒœ"],"gold_per_floor":[115,127,207,207,217,252,252,266,266,266,291,291,301,311,171,269,269,282,300,68,85,85,113,127,152,152,178,188,216,176,187,187,285,285,304,314,329,340,351,376,376,404,404,414,433,433,459,476,476,476,476,476,13,43,43],"floor_reached":56,"language":"ZHS","playtime":3002,"items_purged":["ats:Strike S","ats:Armor Crushing Shot","ats:Defend"],"score":2154,"play_id":"ffce99f0-9f8c-47f4-b6b2-f04f2782a2b6","local_time":"20210216214608","is_ascension_mode":true,"campfire_choices":[{"data":"Armaments","floor":12,"key":"SMITH"},{"data":"SubcavityFantasy:ReiMu","floor":32,"key":"SMITH"},{"data":"BloodOfAsura","floor":41,"key":"SMITH"},{"floor":46,"key":"RECALL"},{"data":"REME_CRH","floor":49,"key":"SMITH"},{"data":"REME_WorshipGod","floor":52,"key":"SMITH"}],"circlet_count":0,"master_deck":["ats:Strike C","ats:Strike G","ats:Strike V","ats:Defend+1","ats:Defend","ats:Emotion Absorption","Gensokyo:Dawn+1","REME_BattleFury","ats:Apocalypse","ats:Sashimi Platter","ShootingEcho","ats:Demon Strength","Armaments+1","BloodOfAsura+1","Infernal Blade","REME_WorshipGod+1","Turbo","ats:Shadow Assault+1","Evaluate+1","SubcavityFantasy:ReiMu+1","Bloodletting","ManaGlint:ReiMu","Dark Shackles","ats:Wolf Pack","Blur+1","Replay:ManipulateFuture+1","REME_CRH+1","FantasyOfEnteringEnlightenment+1","Madness+1","REME_FirmDetermination+1"],"relics":["ats:Sanity","REME_ComplimentaryCards","Pear","PrismaticShard","hubris:TinFlute","Bag of Preparation","Toy Ornithopter","Sling","War Paint","Incense Burner","ats:Originium","REME_PuzzleBoxRelic","Quantum Egg","Gensokyo:CelestialsFlawlessClothing","Bronze Scales","Dead Branch","ats:Tactical Delivery","REME_CardOfGreed","hubris:EmptyBottle","hubris:Reverence","Bag of Marbles","hubris:SlimyHat","ScarletDevilRocket","Painkiller Herb","Art of War","Gremlin Horn","Replay:Bottled Steam","Frozen Egg 2","hubris:MedicalManual","Blood Vial"],"acts_visited":["Exordium","Gensokyo:Gensokyo","Gensokyo:Gensokyoer","TheEnding"],"potions_floor_usage":[1,21,23,27,29,29,29,38,38,55,55],"damage_taken":[{"damage":10,"enemies":"Gensokyo:2_Kodama","floor":1,"turns":7},{"damage":0,"enemies":"Gensokyo:Gryphon","floor":2,"turns":3},{"damage":0,"enemies":"Gensokyo:Python","floor":5,"turns":3},{"damage":2,"enemies":"Gensokyo:Mamizou","floor":6,"turns":6},{"damage":0,"enemies":"Gensokyo:VengefulSpirit","floor":8,"turns":2},{"damage":0,"enemies":"Gensokyo:Kitsune","floor":13,"turns":1},{"damage":6,"enemies":"Gensokyo:2_Rabbits","floor":14,"turns":2},{"damage":11,"enemies":"Gensokyo:Reimu","floor":16,"turns":6},{"damage":0,"enemies":"Gensokyo:CosmicMonolith","floor":18,"turns":2},{"damage":0,"enemies":"Gensokyo:2_Gloops","floor":19,"turns":1},{"damage":0,"enemies":"Gensokyo:Wraith","floor":21,"turns":2},{"damage":21,"enemies":"Gensokyo:Koishi","floor":23,"turns":3},{"damage":3,"enemies":"Gensokyo:Swordslinger","floor":24,"turns":2},{"damage":3,"enemies":"Gensokyo:Reisen","floor":25,"turns":2},{"damage":21,"enemies":"Gensokyo:Koishi","floor":27,"turns":3},{"damage":21,"enemies":"Gensokyo:Mirror_and_Dog","floor":28,"turns":3},{"damage":17,"enemies":"Gensokyo:Tenshi","floor":29,"turns":2},{"damage":6,"enemies":"Gensokyo:Slime_Group","floor":31,"turns":3},{"damage":37,"enemies":"Gensokyo:Kaguya","floor":33,"turns":6},{"damage":0,"enemies":"Gensokyo:3_Bats","floor":35,"turns":1},{"damage":3,"enemies":"Gensokyo:3_Boulders","floor":36,"turns":1},{"damage":0,"enemies":"Gensokyo:4_Bats","floor":37,"turns":1},{"damage":15,"enemies":"Gensokyo:Rafflesia","floor":38,"turns":4},{"damage":7,"enemies":"Gensokyo:Sharpion","floor":39,"turns":3},{"damage":3,"enemies":"Gensokyo:Marisa","floor":40,"turns":4},{"damage":3,"enemies":"Gensokyo:Kasen","floor":42,"turns":2},{"damage":0,"enemies":"Gensokyo:SeedOfUnknown","floor":44,"turns":3},{"damage":6,"enemies":"Gensokyo:Rafflesia","floor":45,"turns":3},{"damage":3,"enemies":"Gensokyo:Marisa","floor":47,"turns":1},{"damage":0,"enemies":"Gensokyo:4_Bats","floor":48,"turns":1},{"damage":2,"enemies":"Gensokyo:Scarlet_Devils","floor":50,"turns":5},{"damage":6,"enemies":"Shield and Spear","floor":54,"turns":3},{"damage":22,"enemies":"The Heart","floor":55,"turns":3}],"seed_played":"-348417446706454339","potions_obtained":[{"floor":6,"key":"Dexterity Potion"},{"floor":8,"key":"Weak Potion"},{"floor":28,"key":"Languid Potion"},{"floor":36,"key":"Regen Potion"},{"floor":37,"key":"Toxic Potion"},{"floor":39,"key":"Weak Potion"},{"floor":40,"key":"SteroidPotion"},{"floor":44,"key":"SpeedPotion"}],"is_trial":false,"path_per_floor":["M","M","?","?","M","E","?","M","T","?","T","R","M","M","R_BF","B",null,"M","M","$","M","?","E","M","E","T","E","M","E","?","M","R","B",null,"?","?","?","?","?","E","T","E","T","?","?","T","E","?","T","B",null,"T","T","E","B",null],"character_chosen":"DOCTOR_CLASS","items_purchased":["Fruit Juice","Pear","REME_BattleFury","PrismaticShard","hubris:TinFlute","ats:Apocalypse","Bag of Preparation","Toy Ornithopter","ats:Sashimi Platter","Sling","War Paint","Incense Burner","ColorlessPotion","REME_CardOfGreed","hubris:EmptyBottle","REME_FirmDetermination+1","hubris:MedicalManual","DuplicationPotion"],"campfire_rested":0,"item_purchase_floors":[0,0,0,0,0,0,0,0,0,0,0,0,0,20,20,53,53,53],"current_hp_per_floor":[67,78,78,78,83,87,87,87,87,66,66,66,66,85,85,85,87,87,87,87,87,87,73,87,87,87,85,81,74,74,87,87,87,87,87,84,84,78,75,87,87,87,87,87,87,87,87,87,87,85,87,87,87,87,78],"gold":43,"neow_bonus":"","is_daily":false,"chose_seed":false,"campfire_upgraded":5,"win_rate":0.0,"timestamp":1613483168,"path_taken":["M","M","?","?","?","E","?","M","T","?","?","R","M","M","R_BF","BOSS","M","M","$","M","?","E","?","E","T","E","M","E","?","?","R","BOSS","?","?","?","?","?","E","T","E","T","?","?","T","E","?","T","BOSS","T","T","E","BOSS"],"items_purchased_type":["Potion","Relic","Card","Relic","Relic","Card","Relic","Relic","Card","Relic","Relic","Relic","Potion","Relic","Relic","Card","Relic","Potion"],"build_version":"2020-12-22","purchased_purges":3,"victory":true,"max_hp_per_floor":[87,87,87,87,87,87,87,87,87,87,87,87,87,87,87,87,87,87,87,87,87,87,87,87,87,87,87,87,87,87,87,87,87,87,87,87,87,87,87,87,87,87,87,87,87,87,87,87,87,87,87,87,87,87,87],"card_choices":[{"not_picked":["REME_MusicOfDeath","Conserve Battery"],"picked":"ShootingEcho","floor":1},{"not_picked":["SwordExtraction","ats:Thorns","ats:Very Hot Blade"],"picked":"SKIP","floor":2},{"not_picked":["Stigmanizer","ReplayTheSpireMod:Muscle Training"],"picked":"Armaments","floor":5},{"not_picked":["PathToVictory","BloodHunter"],"picked":"BloodOfAsura","floor":6},{"not_picked":["Replay:Cycle","Deadly Poison"],"picked":"Infernal Blade","floor":8},{"not_picked":["BestPractice","Cold Snap","Bane"],"picked":"SKIP","floor":13},{"not_picked":["hubris:SpecializedCircuitry","Slice","Conquer:ReiMu"],"picked":"SKIP","floor":14},{"not_picked":["Replay:Bag of Tricks","Wish"],"picked":"REME_WorshipGod","floor":16},{"not_picked":["Revamp","CareerPray:ReiMu+1"],"picked":"Turbo","floor":18},{"not_picked":["ats:Cat Scratch","PhosphorusFlame:ReiMu","Rewind"],"picked":"SKIP","floor":19},{"not_picked":["Septette+1","YinYangSign:ReiMu"],"picked":"EmergencyTakeOff:ReiMu","floor":21},{"not_picked":["Wild Strike","ReplayTheSpireMod:Exploit Weakness+1"],"picked":"Evaluate+1","floor":23},{"not_picked":["Leap","PhosphorusFlame:ReiMu"],"picked":"SubcavityFantasy:ReiMu","floor":24},{"not_picked":["SafetyPray:ReiMu","SlashOfDepartureFromHesitation"],"picked":"Bloodletting","floor":25},{"not_picked":["Rip and Tear+1","6A"],"picked":"ManaGlint:ReiMu","floor":27},{"not_picked":["BasicCrystalCard","Halt+1","ats:Explosion Area Strengthen+1"],"picked":"SKIP","floor":28},{"not_picked":["Panic Button","ats:Ignite"],"picked":"Dark Shackles","floor":29},{"not_picked":["Stack+1","Prepared","Spin"],"picked":"SKIP","floor":31},{"not_picked":["TrueSight","Crow Ritual"],"picked":"ats:Wolf Pack","floor":33},{"not_picked":["AsTheSilentNirvana","FollowUp"],"picked":"Blur+1","floor":35},{"not_picked":["ats:Burning Ground","Coolheaded","Evaluate+1"],"picked":"SKIP","floor":36},{"not_picked":["Sucker Punch","Unruled+1"],"picked":"Replay:ManipulateFuture+1","floor":37},{"not_picked":["Conserve Battery","Enchanting:ReiMu+1","Go for the Eyes+1"],"picked":"SKIP","floor":38},{"not_picked":["Intuition:ReiMu","GalacticHalo","Potential"],"picked":"SKIP","floor":39},{"not_picked":["ShiftingGears","ReplayTheSpireMod:Strike From Hell"],"picked":"REME_CRH","floor":40},{"not_picked":["Power Through","CareerPray:ReiMu+1","Ricochet"],"picked":"SKIP","floor":42},{"not_picked":["Dark Embrace","SubAcupoint:ReiMu+1"],"picked":"FantasyOfEnteringEnlightenment+1","floor":44},{"not_picked":["BasicCrystalCard+1","NonDirectionalLaser"],"picked":"Madness+1","floor":45},{"not_picked":["Beam Cell","Chill","Discovery"],"picked":"SKIP","floor":47},{"not_picked":["WonderfulDomain:ReiMu","Cold Snap","Slice+1"],"picked":"SKIP","floor":48},{"not_picked":["AsteroidBelt+1","Pommel Strike+1","CelestialStarSword+1"],"picked":"SKIP","floor":54}],"player_experience":458124,"relics_obtained":[{"floor":6,"key":"ats:Originium"},{"floor":6,"key":"REME_PuzzleBoxRelic"},{"floor":9,"key":"Quantum Egg"},{"floor":11,"key":"Bronze Scales"},{"floor":23,"key":"ats:Originium"},{"floor":23,"key":"hubris:Reverence"},{"floor":25,"key":"Bag of Marbles"},{"floor":27,"key":"hubris:SlimyHat"},{"floor":29,"key":"ScarletDevilRocket"},{"floor":40,"key":"Art of War"},{"floor":42,"key":"Gremlin Horn"},{"floor":43,"key":"Replay:Bottled Steam"},{"floor":47,"key":"Frozen Egg 2"},{"floor":54,"key":"Blood Vial"}],"event_choices":[],"is_beta":false,"boss_relics":[{"not_picked":["hubris:CrackedHourglass","Abe\u0027s Treasure"],"picked":"ats:Tactical Delivery"},{"not_picked":["hubris:RunicObelisk","REME_LowDesire"],"picked":"Painkiller Herb"}],"items_purged_floors":[0,0,0],"is_endless":false,"potions_floor_spawned":[6,8,21,25,28,36,37,39,40,44],"ascension_level":4}}