{"host":"dg9ago0zd82drrsw","time":1613493657,"event":{"mods":["BaseMod","Bestiary","Downfall","GifTheSpireLib","Minty Spire (QoL Compilation)","Relic Stats","StSLib"],"gold_per_floor":[99,99,99,129,279,309,309,338,338,338,401,451,451,469,489,489,489,489],"floor_reached":16,"language":"ENG","playtime":274,"items_purged":[],"score":211,"play_id":"2febc74a-5869-4d21-90ca-8c2083aa7c5c","local_time":"20210216194057","is_ascension_mode":true,"campfire_choices":[{"data":"Guardian:TwinSlam","floor":1,"key":"SMITH"},{"data":"Guardian:ChargeUp","floor":9,"key":"SMITH"},{"data":"Guardian:CurlUp","floor":13,"key":"SMITH"}],"circlet_count":0,"master_deck":["Guardian:Strike_Guardian","Guardian:Strike_Guardian","Guardian:Strike_Guardian","Guardian:Strike_Guardian","Guardian:Defend_Guardian","Guardian:Defend_Guardian","Guardian:Defend_Guardian","Guardian:Defend_Guardian","Guardian:CurlUp+1","Guardian:TwinSlam+1","Guardian:Incinerate","Guardian:MultiBeam","downfall:Icky","Guardian:ChargeUp+1","Guardian:Preprogram","Guardian:Gem_Green","Guardian:BronzeOrb","Guardian:ChargeUp"],"relics":["Guardian:ModeShifter","downfall:HeartsMalice","Bag of Marbles","Kunai","Pen Nib","SsserpentHead"],"acts_visited":["Exordium"],"potions_floor_usage":[8],"damage_taken":[{"damage":0,"enemies":"Small Slimes","floor":2,"turns":1},{"damage":0,"enemies":"Jaw Worm","floor":3,"turns":1},{"damage":0,"enemies":"Gremlin Nob","floor":6,"turns":1},{"damage":0,"enemies":"Lagavulin","floor":8,"turns":7},{"damage":0,"enemies":"2 Louse","floor":11,"turns":1},{"damage":4,"enemies":"Red Slaver","floor":14,"turns":3},{"damage":0,"enemies":"3 Louse","floor":15,"turns":2},{"damage":44,"enemies":"DF_ARCHETYPE_STREAMLINE","floor":16,"turns":9}],"seed_played":"2369329100825027371","potions_obtained":[{"floor":6,"key":"PowerPotion"},{"floor":8,"key":"Fire Potion"},{"floor":14,"key":"SkillPotion"}],"is_trial":false,"path_per_floor":["R","M","M","?","?","E","T","E","R","?","M","?","R","M","M","B"],"character_chosen":"GUARDIAN","items_purchased":[],"campfire_rested":0,"item_purchase_floors":[],"current_hp_per_floor":[72,72,72,72,72,72,72,72,72,72,72,48,48,44,44,0,0,0],"gold":489,"neow_bonus":"THREE_ENEMY_KILL","is_daily":false,"chose_seed":false,"campfire_upgraded":3,"win_rate":0.0,"timestamp":1613493657,"path_taken":["R","M","M","?","?","E","T","E","R","?","?","?","R","M","M","BOSS"],"items_purchased_type":[],"build_version":"2020-12-22","purchased_purges":0,"victory":false,"max_hp_per_floor":[80,80,80,80,80,80,80,80,80,80,80,80,80,80,80,80,80,80],"relic_stats":{"SsserpentHead":100,"counters":[8,22],"Pen Nib":[1],"Kunai":[3],"obtain_stats":[{"SsserpentHead":10,"Guardian:ModeShifter":0,"downfall:HeartsMalice":0,"Pen Nib":8,"Bag of Marbles":6,"Kunai":7},{"SsserpentHead":4,"Guardian:ModeShifter":0,"downfall:HeartsMalice":0,"Pen Nib":4,"Bag of Marbles":3,"Kunai":3},{"SsserpentHead":7,"Guardian:ModeShifter":0,"downfall:HeartsMalice":0,"Pen Nib":7,"Bag of Marbles":0,"Kunai":0}]},"card_choices":[{"not_picked":["Guardian:WalkerClaw","Guardian:VentSteam"],"picked":"Guardian:Incinerate","floor":2},{"not_picked":["Guardian:Reroute","Guardian:Suspension"],"picked":"Guardian:MultiBeam","floor":3},{"not_picked":["Guardian:PrismaticBeam","Guardian:Gem_Blue"],"picked":"Guardian:ChargeUp","floor":6},{"not_picked":["Guardian:Gem_Yellow","Guardian:ChargeCore"],"picked":"Guardian:Preprogram","floor":8},{"not_picked":["Guardian:Preprogram","Guardian:SentryBeam"],"picked":"Guardian:Gem_Red","floor":11},{"not_picked":["Guardian:Gem_Blue","Guardian:Gem_Red"],"picked":"Guardian:BronzeOrb","floor":14},{"not_picked":["Guardian:ChargeCore","Guardian:Suspension"],"picked":"Guardian:ChargeUp","floor":15}],"player_experience":759151,"relics_obtained":[{"floor":6,"key":"Bag of Marbles"},{"floor":7,"key":"Kunai"},{"floor":8,"key":"Pen Nib"}],"event_choices":[{"damage_healed":0,"gold_gain":0,"player_choice":"Trade","damage_taken":0,"relics_obtained":["SsserpentHead"],"max_hp_gain":0,"max_hp_loss":0,"event_name":"FaceTrader","floor":10,"gold_loss":0}],"is_beta":false,"boss_relics":[],"items_purged_floors":[],"is_endless":false,"potions_floor_spawned":[6,8,14],"killed_by":"DF_ARCHETYPE_STREAMLINE","ascension_level":7}}