{"host":"7yuv8uj1t8ip67ez","time":1613435060,"event":{"mods":["BaseMod","Best Route Mod","Bestiary","Block Reminder","Colored Map","Colored Powertips","Curses Come First","DeckTracker","Highlight Path","Keyboard Shortcuts","Minty Spire (QoL Compilation)","Potion Indicator Mod","Quick Restart","Random Character Button","Relic Sorter","StSLib"],"gold_per_floor":[112,130,144,114,133,167,10,29,54,54,54,85,85,116,116,217,217,227,199,114,129,129,129,146,146,146,161,161,161],"floor_reached":28,"language":"ENG","playtime":2743,"items_purged":[],"score":370,"play_id":"9f99282d-1f56-4818-bdfd-1c7214439483","local_time":"20210215162420","is_ascension_mode":true,"campfire_choices":[{"floor":10.0,"key":"REST"},{"floor":13.0,"key":"REST"},{"data":"1","floor":15.0,"key":"LIFT"},{"floor":23,"key":"REST"}],"circlet_count":0,"master_deck":["Strike_G","Strike_G","Strike_G","Strike_G","Strike_G","Defend_G","Defend_G","Defend_G","Defend_G","Defend_G","Survivor","Neutralize","Deflect","Footwork","Heel Hook","Prepared","Deadly Poison","Leg Sweep","Footwork","Bouncing Flask","Poisoned Stab","Outmaneuver","Deadly Poison","Dodge and Roll","Terror","Deflect","Corpse Explosion","Writhe"],"relics":["Ring of the Snake","Girya","Boot","Oddly Smooth Stone","Blood Vial","Sozu","Singing Bowl","CultistMask","Pantograph","Mango"],"acts_visited":["Exordium","TheCity"],"potions_floor_usage":[16,16,16],"damage_taken":[{"damage":11.0,"enemies":"Jaw Worm","floor":1.0,"turns":6.0},{"damage":1.0,"enemies":"2 Louse","floor":2.0,"turns":2.0},{"damage":0.0,"enemies":"Cultist","floor":3.0,"turns":5.0},{"damage":0.0,"enemies":"Looter","floor":4.0,"turns":4.0},{"damage":13.0,"enemies":"2 Fungi Beasts","floor":5.0,"turns":5.0},{"damage":22.0,"enemies":"Lagavulin","floor":6.0,"turns":11.0},{"damage":4.0,"enemies":"Large Slime","floor":8.0,"turns":9.0},{"damage":24.0,"enemies":"3 Sentries","floor":12.0,"turns":11.0},{"damage":0.0,"enemies":"Lagavulin","floor":14.0,"turns":6.0},{"damage":19,"enemies":"Slime Boss","floor":16,"turns":10},{"damage":5,"enemies":"Shell Parasite","floor":18,"turns":5},{"damage":15,"enemies":"2 Thieves","floor":19,"turns":5},{"damage":41,"enemies":"Sentry and Sphere","floor":21,"turns":7},{"damage":13,"enemies":"Snecko","floor":24,"turns":7},{"damage":12,"enemies":"Centurion and Healer","floor":27,"turns":7},{"damage":30,"enemies":"Snake Plant","floor":28,"turns":3}],"seed_played":"445147439895879818","potions_obtained":[{"floor":6.0,"key":"SteroidPotion"},{"floor":8.0,"key":"Fire Potion"},{"floor":12.0,"key":"Fire Potion"},{"floor":14.0,"key":"Swift Potion"}],"is_trial":false,"path_per_floor":["M","M","M","M","M","E","$","M","T","R","$","E","R","E","R","B",null,"M","M","?","M","?","R","M","?","T","M","M"],"character_chosen":"THE_SILENT","items_purchased":["Footwork","Bouncing Flask"],"campfire_rested":3,"item_purchase_floors":[7,7],"current_hp_per_floor":[59,58,58,58,45,23,23,19,19,42,42,18,41,41,41,24,64,61,48,48,9,9,32,21,21,35,27,0,0],"gold":161,"neow_bonus":"TEN_PERCENT_HP_BONUS","is_daily":false,"chose_seed":false,"campfire_upgraded":0,"win_rate":0.0,"timestamp":1613435060,"path_taken":["M","M","M","M","M","E","$","M","T","R","$","E","R","E","R","BOSS","M","M","?","M","?","R","?","?","T","M","M"],"items_purchased_type":["Card","Card"],"build_version":"2020-12-22","purchased_purges":0,"victory":false,"max_hp_per_floor":[77,77,77,77,77,77,77,77,77,77,77,77,77,77,77,77,77,77,77,77,77,77,77,77,77,91,93,93,93],"card_choices":[{"not_picked":["Bane","Outmaneuver"],"picked":"Deflect","floor":1.0},{"not_picked":["Dodge and Roll","Poisoned Stab"],"picked":"Footwork","floor":2.0},{"not_picked":["Distraction","Cloak And Dagger"],"picked":"Heel Hook","floor":3.0},{"not_picked":["Bane","Underhanded Strike"],"picked":"Prepared","floor":4.0},{"not_picked":["Backstab","Dodge and Roll"],"picked":"Deadly Poison","floor":5.0},{"not_picked":["Unload","Masterful Stab"],"picked":"Leg Sweep","floor":6.0},{"not_picked":["Backflip","Outmaneuver"],"picked":"Poisoned Stab","floor":8.0},{"not_picked":["Concentrate","Infinite Blades"],"picked":"Outmaneuver","floor":12.0},{"not_picked":["Phantasmal Killer","Quick Slash"],"picked":"Deadly Poison","floor":14.0},{"not_picked":["Catalyst","Quick Slash"],"picked":"Dodge and Roll","floor":18},{"not_picked":["Dagger Throw","Deflect"],"picked":"Terror","floor":19},{"not_picked":["Deadly Poison+1","Terror"],"picked":"Deflect","floor":21},{"not_picked":["Outmaneuver+1","Blade Dance"],"picked":"Corpse Explosion","floor":24},{"not_picked":["Poisoned Stab","Bane+1","Acrobatics"],"picked":"Singing Bowl","floor":27}],"player_experience":488660,"relics_obtained":[{"floor":6.0,"key":"Girya"},{"floor":9.0,"key":"Boot"},{"floor":12.0,"key":"Oddly Smooth Stone"},{"floor":14.0,"key":"Blood Vial"},{"floor":26,"key":"Mango"}],"event_choices":[{"damage_healed":0,"gold_gain":0,"player_choice":"Obtained Relic","damage_taken":0,"relics_obtained":["Singing Bowl"],"max_hp_gain":0,"max_hp_loss":0,"event_name":"Addict","floor":20,"gold_loss":85},{"damage_healed":0,"gold_gain":0,"player_choice":"Trade","damage_taken":0,"relics_obtained":["CultistMask"],"max_hp_gain":0,"max_hp_loss":0,"event_name":"FaceTrader","floor":22,"gold_loss":0},{"damage_healed":0,"gold_gain":0,"player_choice":"Opened","damage_taken":0,"relics_obtained":["Pantograph"],"max_hp_gain":0,"max_hp_loss":0,"event_name":"The Mausoleum","floor":25,"gold_loss":0,"cards_obtained":["Writhe"]}],"is_beta":false,"boss_relics":[{"not_picked":["HoveringKite","Busted Crown"],"picked":"Sozu"}],"items_purged_floors":[],"is_endless":false,"potions_floor_spawned":[6,8,12,14,18,24],"killed_by":"Snake Plant","ascension_level":6}}