{"host":"xsuxkwaivmtd234a","time":1613494438,"event":{"mods":["BaseMod","Bestiary","Colored Map","Filter the Spire","Minty Spire (QoL Compilation)","Relic Stats","StSLib"],"gold_per_floor":[119,119,194,194,206,206,233,233,233,259,259,321,339,349,349,453,453,468,16,29,29,56,91,91,125,151,165,176,176,202,202,202,301,301,319,335,383,398,5,5,38,38,110,110,124,154,154,13,13,13,13,13,13,40,40,40],"floor_reached":55,"language":"ENG","playtime":2276,"items_purged":["Strike_R"],"score":1024,"play_id":"6022fbca-f578-4f57-a788-49dae70be100","local_time":"20210216115358","is_ascension_mode":true,"campfire_choices":[{"data":"Uppercut","floor":6,"key":"SMITH"},{"data":"Sword Boomerang","floor":8,"key":"SMITH"},{"data":"Twin Strike","floor":11,"key":"SMITH"},{"data":"Inflame","floor":15,"key":"SMITH"},{"data":"True Grit","floor":24,"key":"SMITH"},{"floor":29,"key":"REST"},{"floor":32,"key":"REST"},{"floor":40,"key":"REST"},{"floor":47,"key":"RECALL"},{"floor":49,"key":"DIG"},{"floor":52,"key":"DIG"}],"circlet_count":0,"master_deck":["Strike_R+1","Defend_R","Defend_R","Defend_R+1","Defend_R","Bash","Sword Boomerang+1","Uppercut+1","Twin Strike+1","Anger+1","True Grit+1","Inflame+1","Battle Trance","Limit Break+1","Flame Barrier","Ghostly Armor","Pummel","Flex","Dual Wield","Feel No Pain","Iron Wave+1","Shockwave","Power Through","Battle Trance","Juggernaut","Impervious","CurseOfTheBell","Flame Barrier+1","Disarm+1","Body Slam+1","Writhe","Shrug It Off+1","Exhume","Reaper","Ghostly Armor","Inflame+1"],"relics":["Runic Dome","Centennial Puzzle","StrikeDummy","Self Forming Clay","Art of War","Empty Cage","War Paint","Potion Belt","MealTicket","Akabeko","Pen Nib","Bag of Marbles","Calling Bell","Boot","The Courier","Mango","Shovel","Membership Card","Anchor","Bag of Preparation","Gremlin Horn","Whetstone","Red Skull","Strawberry","ClockworkSouvenir","Vajra","Bottled Flame","Oddly Smooth Stone"],"acts_visited":["Exordium","TheCity","TheBeyond","TheEnding"],"potions_floor_usage":[12,16,23,23,23,37,37,50,50,55,55],"damage_taken":[{"damage":2,"enemies":"2 Louse","floor":1,"turns":4},{"damage":3,"enemies":"Small Slimes","floor":5,"turns":4},{"damage":10,"enemies":"Lagavulin","floor":7,"turns":5},{"damage":5,"enemies":"3 Sentries","floor":10,"turns":5},{"damage":0,"enemies":"Gremlin Nob","floor":12,"turns":2},{"damage":0,"enemies":"Jaw Worm","floor":13,"turns":2},{"damage":0,"enemies":"Exordium Thugs","floor":14,"turns":2},{"damage":8,"enemies":"The Guardian","floor":16,"turns":6},{"damage":0,"enemies":"Spheric Guardian","floor":18,"turns":2},{"damage":11,"enemies":"2 Thieves","floor":20,"turns":2},{"damage":21,"enemies":"Slavers","floor":23,"turns":4},{"damage":9,"enemies":"Book of Stabbing","floor":25,"turns":3},{"damage":5,"enemies":"Chosen and Byrds","floor":27,"turns":3},{"damage":6,"enemies":"Snake Plant","floor":28,"turns":2},{"damage":20,"enemies":"Slavers","floor":30,"turns":2},{"damage":29,"enemies":"Champ","floor":33,"turns":4},{"damage":22,"enemies":"3 Darklings","floor":35,"turns":6},{"damage":0,"enemies":"3 Shapes","floor":36,"turns":10},{"damage":15,"enemies":"2 Orb Walkers","floor":37,"turns":4},{"damage":17,"enemies":"Jaw Worm Horde","floor":38,"turns":5},{"damage":30,"enemies":"Nemesis","floor":41,"turns":5},{"damage":3,"enemies":"Spire Growth","floor":45,"turns":5},{"damage":23,"enemies":"Giant Head","floor":46,"turns":7},{"damage":43,"enemies":"Awakened One","floor":50,"turns":9},{"damage":81,"enemies":"Shield and Spear","floor":54,"turns":7},{"damage":75,"enemies":"The Heart","floor":55,"turns":8}],"seed_played":"3164717693660112121","potions_obtained":[{"floor":5,"key":"Energy Potion"},{"floor":10,"key":"EssenceOfSteel"},{"floor":12,"key":"Weak Potion"},{"floor":18,"key":"EssenceOfSteel"},{"floor":33,"key":"SneckoOil"},{"floor":36,"key":"GamblersBrew"},{"floor":37,"key":"SkillPotion"},{"floor":45,"key":"BloodPotion"},{"floor":46,"key":"Energy Potion"},{"floor":54,"key":"Dexterity Potion"}],"is_trial":false,"path_per_floor":["M","?","?","?","M","R","E","R","T","E","R","?","M","M","R","B",null,"M","$","M","?","T","E","R","E","T","M","M","R","E","?","R","B",null,"M","M","?","M","$","R","E","$","T","?","M","E","R","$","R","B",null,"R","$","E","B"],"character_chosen":"IRONCLAD","items_purchased":["Ghostly Armor","War Paint","Pummel","Flex","SteroidPotion","Membership Card","Anchor","Bag of Preparation","Gremlin Horn","Whetstone","Reaper","ClockworkSouvenir","Ghostly Armor"],"campfire_rested":3,"item_purchase_floors":[19,19,19,19,19,39,39,39,39,39,48,48,48],"current_hp_per_floor":[78,71,60,65,62,62,52,52,52,47,47,47,47,47,47,39,74,74,74,63,63,63,42,42,33,33,28,22,47,27,27,52,23,84,62,62,47,30,45,74,44,59,59,84,81,65,65,80,80,67,96,96,106,53,0,0],"gold":40,"neow_bonus":"BOSS_RELIC","is_daily":false,"chose_seed":false,"campfire_upgraded":5,"win_rate":0.0,"timestamp":1613494438,"path_taken":["M","?","?","?","M","R","E","R","T","E","R","?","M","M","R","BOSS","M","$","M","?","?","E","R","E","T","M","M","R","E","?","R","BOSS","M","M","?","M","$","R","E","?","T","?","?","E","R","?","R","BOSS","R","$","E","BOSS"],"items_purchased_type":["Card","Relic","Card","Card","Potion","Relic","Relic","Relic","Relic","Relic","Card","Relic","Card"],"build_version":"2020-12-22","purchased_purges":1,"victory":false,"max_hp_per_floor":[80,80,80,85,85,85,85,85,85,85,85,85,85,85,85,85,85,85,85,85,85,85,85,85,85,85,85,85,85,85,85,85,85,99,99,99,99,99,99,99,99,99,99,99,99,106,106,106,106,106,106,106,106,106,106,106],"relic_stats":{"Gremlin Horn":[1,4],"counters":[26,118],"Self Forming Clay":[216],"Pen Nib":[10],"Bag of Preparation":[12],"Whetstone":["Strike_R","Anger"],"War Paint":["Defend_R","Limit Break"],"Boot":[20],"Centennial Puzzle":[51],"Shovel":2,"MealTicket":55,"Art of War":[19],"obtain_stats":[{"Gremlin Horn":39,"Vajra":49,"Mango":34,"Bag of Preparation":39,"Whetstone":39,"Empty Cage":17,"Boot":34,"Burning Blood":0,"ClockworkSouvenir":48,"Centennial Puzzle":7,"Shovel":37,"Strawberry":46,"MealTicket":23,"Red Skull":41,"Potion Belt":22,"Self Forming Clay":10,"Oddly Smooth Stone":54,"Pen Nib":26,"The Courier":34,"War Paint":19,"Akabeko":25,"Calling Bell":34,"Runic Dome":0,"Anchor":39,"Bottled Flame":52,"Art of War":12,"Bag of Marbles":30,"Membership Card":39,"StrikeDummy":9},{"Gremlin Horn":20,"Vajra":23,"Mango":16,"Bag of Preparation":20,"Whetstone":20,"Empty Cage":8,"Boot":16,"Burning Blood":0,"ClockworkSouvenir":23,"Centennial Puzzle":3,"Shovel":19,"Strawberry":23,"MealTicket":11,"Red Skull":21,"Potion Belt":10,"Self Forming Clay":4,"Oddly Smooth Stone":25,"Pen Nib":12,"The Courier":16,"War Paint":9,"Akabeko":12,"Calling Bell":16,"Runic Dome":0,"Anchor":20,"Bottled Flame":24,"Art of War":4,"Bag of Marbles":15,"Membership Card":20,"StrikeDummy":3},{"Gremlin Horn":77,"Vajra":94,"Mango":52,"Bag of Preparation":77,"Whetstone":77,"Empty Cage":30,"Boot":52,"Burning Blood":0,"ClockworkSouvenir":94,"Centennial Puzzle":13,"Shovel":72,"Strawberry":94,"MealTicket":38,"Red Skull":82,"Potion Belt":34,"Self Forming Clay":18,"Oddly Smooth Stone":110,"Pen Nib":41,"The Courier":52,"War Paint":32,"Akabeko":41,"Calling Bell":52,"Runic Dome":0,"Anchor":77,"Bottled Flame":103,"Art of War":18,"Bag of Marbles":48,"Membership Card":77,"StrikeDummy":13}]},"card_choices":[{"not_picked":["Pommel Strike","Armaments"],"picked":"Sword Boomerang","floor":1},{"not_picked":["Burning Pact","Reckless Charge"],"picked":"Uppercut","floor":5},{"not_picked":["Pommel Strike","Headbutt"],"picked":"Twin Strike","floor":7},{"not_picked":["Havoc","Burning Pact"],"picked":"Anger","floor":10},{"not_picked":["Clothesline","Heavy Blade"],"picked":"True Grit","floor":12},{"not_picked":["Iron Wave","Evolve"],"picked":"Inflame","floor":13},{"not_picked":["Cleave","Whirlwind"],"picked":"Battle Trance","floor":14},{"not_picked":["Bludgeon","Juggernaut"],"picked":"Limit Break","floor":16},{"not_picked":["Shockwave","Cleave"],"picked":"Flame Barrier","floor":18},{"not_picked":["Bloodletting","Pommel Strike"],"picked":"Dual Wield","floor":20},{"not_picked":["Reckless Charge+1","Pummel"],"picked":"Iron Wave+1","floor":23},{"not_picked":["Shrug It Off","Uppercut+1"],"picked":"Shockwave","floor":25},{"not_picked":["Metallicize","Iron Wave"],"picked":"Power Through","floor":27},{"not_picked":["Body Slam","Rage+1"],"picked":"Battle Trance","floor":28},{"not_picked":["Warcry","Headbutt"],"picked":"Juggernaut","floor":30},{"not_picked":["Juggernaut","Double Tap"],"picked":"Impervious","floor":33},{"not_picked":["Shrug It Off","Heavy Blade"],"picked":"Flame Barrier+1","floor":35},{"not_picked":["Shockwave","Heavy Blade+1"],"picked":"Disarm+1","floor":36},{"not_picked":["Rage+1","Warcry+1"],"picked":"Body Slam+1","floor":38},{"not_picked":["Battle Trance+1","Twin Strike+1","Headbutt"],"picked":"SKIP","floor":41},{"not_picked":["Spot Weakness","Dual Wield"],"picked":"Shrug It Off+1","floor":45},{"not_picked":["Hemokinesis","Iron Wave"],"picked":"Exhume","floor":46},{"not_picked":["Iron Wave","Headbutt+1"],"picked":"Inflame+1","floor":54}],"player_experience":1277302,"relics_obtained":[{"floor":7,"key":"Centennial Puzzle"},{"floor":9,"key":"StrikeDummy"},{"floor":10,"key":"Self Forming Clay"},{"floor":22,"key":"Potion Belt"},{"floor":23,"key":"MealTicket"},{"floor":25,"key":"Akabeko"},{"floor":26,"key":"Pen Nib"},{"floor":30,"key":"Bag of Marbles"},{"floor":34,"key":"Boot"},{"floor":34,"key":"The Courier"},{"floor":34,"key":"Mango"},{"floor":37,"key":"Shovel"},{"floor":41,"key":"Red Skull"},{"floor":46,"key":"Strawberry"},{"floor":49,"key":"Vajra"},{"floor":52,"key":"Bottled Flame"},{"floor":54,"key":"Oddly Smooth Stone"}],"event_choices":[{"cards_removed":["Strike_R"],"damage_healed":0,"gold_gain":0,"player_choice":"Card Removal","damage_taken":7,"max_hp_gain":0,"max_hp_loss":0,"event_name":"Golden Wing","floor":2,"gold_loss":0},{"damage_healed":0,"gold_gain":75,"player_choice":"Gather Gold","damage_taken":11,"max_hp_gain":0,"max_hp_loss":0,"event_name":"World of Goop","floor":3,"gold_loss":0},{"damage_healed":0,"gold_gain":0,"player_choice":"Donut","damage_taken":0,"max_hp_gain":5,"max_hp_loss":0,"event_name":"Big Fish","floor":4,"gold_loss":0},{"damage_healed":0,"gold_gain":0,"player_choice":"Searched \u00272\u0027 times","damage_taken":0,"relics_obtained":["Art of War"],"max_hp_gain":0,"max_hp_loss":0,"event_name":"Dead Adventurer","floor":12,"gold_loss":0},{"damage_healed":0,"gold_gain":0,"player_choice":"Read","damage_taken":0,"max_hp_gain":0,"max_hp_loss":0,"event_name":"The Library","floor":21,"gold_loss":0,"cards_obtained":["Feel No Pain"]},{"damage_healed":0,"gold_gain":0,"player_choice":"Ignored","damage_taken":0,"max_hp_gain":0,"max_hp_loss":0,"event_name":"Vampires","floor":31,"gold_loss":0},{"damage_healed":0,"gold_gain":0,"player_choice":"Fight","damage_taken":0,"max_hp_gain":0,"max_hp_loss":0,"event_name":"Mysterious Sphere","floor":37,"gold_loss":0},{"damage_healed":25,"gold_gain":0,"player_choice":"Writhe","damage_taken":0,"max_hp_gain":0,"max_hp_loss":0,"event_name":"Winding Halls","floor":44,"gold_loss":0,"cards_obtained":["Writhe"]}],"is_beta":false,"boss_relics":[{"not_picked":["Mark of Pain","Coffee Dripper"],"picked":"Empty Cage"},{"not_picked":["SlaversCollar","Astrolabe"],"picked":"Calling Bell"}],"items_purged_floors":[19],"is_endless":false,"potions_floor_spawned":[5,10,12,18,33,36,37,45,46,54],"killed_by":"The Heart","ascension_level":5}}