{"host":"vumwfieg2b2mnrfl","time":1613444301,"event":{"mods":["AchievementEnabler","BaseMod","Minty Spire (QoL Compilation)","Rare Cards Sparkle","Relic Stats"],"gold_per_floor":[119,131,145,161,171,171,171],"floor_reached":6,"language":"ENG","playtime":263,"items_purged":[],"score":56,"play_id":"dcd14c54-52a9-4abc-83f1-6c4e3e629541","local_time":"20210215205821","is_ascension_mode":true,"campfire_choices":[],"circlet_count":0,"master_deck":["Strike_P","Strike_P","Strike_P","Strike_P","Defend_P","Defend_P","Defend_P","Defend_P","Eruption","Vigilance","JustLucky","WheelKick","Consecrate","CutThroughFate","Swivel","Protect"],"relics":["PureWater"],"acts_visited":["Exordium"],"potions_floor_usage":[4],"damage_taken":[{"damage":0,"enemies":"Jaw Worm","floor":1,"turns":3},{"damage":0,"enemies":"Small Slimes","floor":2,"turns":3},{"damage":0,"enemies":"2 Louse","floor":3,"turns":2},{"damage":21,"enemies":"Gremlin Gang","floor":4,"turns":5},{"damage":6,"enemies":"Looter","floor":5,"turns":5},{"damage":63,"enemies":"Gremlin Nob","floor":6,"turns":4}],"seed_played":"144517121925950063","potions_obtained":[{"floor":1,"key":"ColorlessPotion"},{"floor":2,"key":"Regen Potion"},{"floor":4,"key":"Dexterity Potion"}],"is_trial":false,"path_per_floor":["M","M","M","M","M","E"],"character_chosen":"WATCHER","items_purchased":[],"campfire_rested":0,"item_purchase_floors":[],"current_hp_per_floor":[65,65,65,44,38,0,0],"gold":171,"neow_bonus":"THREE_CARDS","is_daily":false,"chose_seed":false,"campfire_upgraded":0,"win_rate":0.0,"timestamp":1613444301,"path_taken":["M","M","M","M","M","E"],"items_purchased_type":[],"build_version":"2020-12-22","purchased_purges":0,"victory":false,"max_hp_per_floor":[72,72,72,72,72,72,72],"relic_stats":{"counters":[6,22],"obtain_stats":[{"PureWater":0},{"PureWater":0},{"PureWater":0}]},"card_choices":[{"not_picked":["Weave","SashWhip"],"picked":"JustLucky","floor":0},{"not_picked":["Halt","FlyingSleeves"],"picked":"WheelKick","floor":1},{"not_picked":["SashWhip","Meditate"],"picked":"Consecrate","floor":2},{"not_picked":["ThirdEye","PathToVictory"],"picked":"CutThroughFate","floor":3},{"not_picked":["Evaluate","DeceiveReality"],"picked":"Swivel","floor":4},{"not_picked":["CutThroughFate","Sanctity"],"picked":"Protect","floor":5}],"player_experience":566128,"relics_obtained":[],"event_choices":[],"is_beta":false,"boss_relics":[],"items_purged_floors":[],"is_endless":false,"potions_floor_spawned":[1,2,4],"killed_by":"Gremlin Nob","ascension_level":8}}