{"host":"lg1piimdyocafd6j","time":1613493222,"event":{"mods":["AchievementEnabler","BaseMod","Better Third Choice","BetterRewards","Colored Map","Colored Powertips","Downfall","Minty Spire (QoL Compilation)","Quick Restart","Rare Cards Sparkle","Remove Card Discount Mod","Shop Mod","StSLib","SuperFastMode"],"gold_per_floor":[110,110,125,141,157,157,187,200,200,200,216,227,251,104,104,199,199,182,182,281,136,156,156,183,183,206,231,6,40,40,40,40,138,138,155,155,33,52,52,72,82,82,106,106,102,117,117,150,150,150,150,150,206,206],"floor_reached":53,"language":"ENG","playtime":9070,"items_purged":["Dualcast","Zap","Strike_B","Strike_B","Strike_B","Strike_B","Defend_B","Defend_B","Defend_B","Defend_B","Redo","Conserve Battery","Lockon","Leap","Swift Strike+1"],"score":793,"play_id":"16732505-21c3-48bc-b32b-ab84fb216378","local_time":"20210216173342","is_ascension_mode":false,"campfire_choices":[{"floor":6,"key":"RECALL"},{"data":"Redo","floor":10,"key":"SMITH"},{"data":"Redo","floor":15,"key":"SMITH"},{"data":"Buffer","floor":23,"key":"SMITH"},{"data":"Redo","floor":25,"key":"SMITH"},{"data":"Conserve Battery","floor":32,"key":"SMITH"},{"data":"Echo Form","floor":42,"key":"SMITH"},{"data":"Reinforced Body","floor":44,"key":"SMITH"},{"data":"Conserve Battery","floor":47,"key":"SMITH"},{"floor":49,"key":"REST"},{"data":"Reinforced Body","floor":52,"key":"SMITH"}],"circlet_count":0,"master_deck":["Redo+1","Conserve Battery+1","Leap","Buffer+1","Redo+1","Conserve Battery+1","Redo+1","Reinforced Body+1","Redo+1","Reinforced Body+1","Streamline+1","Echo Form+1","Leap+1","Lockon+1"],"relics":["Symbiotic Virus","Orrery","DataDisk","Pantograph","Odd Mushroom","HandDrill","Medical Kit","Molten Egg 2","Boot","HornCleat","Lee\u0027s Waffle","MealTicket","Ancient Tea Set","Darkstone Periapt","MerchantsRug"],"acts_visited":["Exordium","TheCity","TheBeyond","TheEnding"],"potions_floor_usage":[24,27,35,48,48,48],"damage_taken":[{"damage":0,"enemies":"Small Slimes","floor":1,"turns":3},{"damage":0,"enemies":"Cultist","floor":3,"turns":3},{"damage":0,"enemies":"Jaw Worm","floor":4,"turns":3},{"damage":0,"enemies":"Exordium Thugs","floor":5,"turns":3},{"damage":9,"enemies":"Gremlin Nob","floor":7,"turns":4},{"damage":0,"enemies":"Large Slime","floor":8,"turns":5},{"damage":0,"enemies":"Looter","floor":11,"turns":3},{"damage":0,"enemies":"2 Fungi Beasts","floor":12,"turns":3},{"damage":1,"enemies":"The Mushroom Lair","floor":13,"turns":4},{"damage":0,"enemies":"Slime Boss","floor":16,"turns":8},{"damage":10,"enemies":"2 Thieves","floor":18,"turns":4},{"damage":0,"enemies":"Chosen","floor":22,"turns":4},{"damage":8,"enemies":"Book of Stabbing","floor":24,"turns":6},{"damage":48,"enemies":"Gremlin Leader","floor":27,"turns":9},{"damage":12,"enemies":"Book of Stabbing","floor":29,"turns":5},{"damage":8,"enemies":"Collector","floor":33,"turns":9},{"damage":28,"enemies":"3 Darklings","floor":35,"turns":4},{"damage":10,"enemies":"Orb Walker","floor":38,"turns":3},{"damage":0,"enemies":"3 Darklings","floor":40,"turns":6},{"damage":1,"enemies":"Sphere and 2 Shapes","floor":41,"turns":6},{"damage":0,"enemies":"Maw","floor":46,"turns":7},{"damage":43,"enemies":"Reptomancer","floor":48,"turns":8},{"damage":37,"enemies":"Time Eater","floor":50,"turns":11}],"seed_played":"6955614384607804425","potions_obtained":[{"floor":2,"key":"Dexterity Potion"},{"floor":2,"key":"DuplicationPotion"},{"floor":2,"key":"Weak Potion"},{"floor":11,"key":"EssenceOfSteel"},{"floor":33,"key":"DistilledChaos"},{"floor":40,"key":"Swift Potion"},{"floor":41,"key":"EntropicBrew"},{"floor":48,"key":"EntropicBrew"}],"is_trial":false,"path_per_floor":["M","?","M","M","M","R","E","M","T","R","M","M","?","$","R","B",null,"M","?","?","$","M","R","E","R","T","E","$","E","?","?","R","B",null,"M","?","$","M","$","M","M","R","T","R","$","M","R","E","R","B",null,"R","$"],"character_chosen":"DEFECT","items_purchased":["Symbiotic Virus","Redo","Leap","Orrery","DataDisk","HandDrill","Medical Kit","Lee\u0027s Waffle","Reinforced Body","Lockon+1","PowerPotion","MerchantsRug"],"campfire_rested":1,"item_purchase_floors":[0,0,0,0,0,14,21,28,28,37,37,53],"current_hp_per_floor":[75,75,75,75,75,75,66,66,66,66,66,66,65,65,65,75,75,65,65,65,65,65,65,57,57,57,9,82,70,70,70,70,74,82,54,54,69,59,74,74,73,73,73,73,82,82,82,39,63,45,82,82,82,82],"gold":206,"neow_bonus":"","is_daily":false,"chose_seed":false,"campfire_upgraded":9,"win_rate":0.0,"timestamp":1613493222,"path_taken":["M","?","?","?","M","R","E","M","T","R","M","M","?","?","R","BOSS","M","?","?","$","M","R","E","R","T","E","$","E","?","?","R","BOSS","M","?","?","M","$","M","M","R","T","R","$","M","R","E","R","BOSS","R","$"],"items_purchased_type":["Relic","Card","Card","Relic","Relic","Relic","Relic","Relic","Card","Card","Potion","Relic"],"build_version":"2020-12-22","purchased_purges":15,"victory":false,"max_hp_per_floor":[75,75,75,75,75,75,75,75,75,75,75,75,75,75,75,75,75,75,75,75,75,75,75,75,75,75,75,82,82,82,82,82,82,82,82,82,82,82,82,82,82,82,82,82,82,82,82,82,82,82,82,82,82,82],"card_choices":[{"not_picked":["Steam","Reinforced Body"],"picked":"Conserve Battery","floor":0},{"not_picked":["Reprogram","Electrodynamics"],"picked":"Leap","floor":0},{"not_picked":["Rebound","Hologram"],"picked":"Redo","floor":0},{"not_picked":["Beam Cell","Electrodynamics"],"picked":"Buffer","floor":0},{"not_picked":["Cold Snap","Scrape"],"picked":"Redo","floor":0},{"not_picked":["Compile Driver","Chaos"],"picked":"Conserve Battery","floor":1},{"not_picked":["Sweeping Beam","Stack"],"picked":"Conserve Battery","floor":3},{"not_picked":["Beam Cell","Leap"],"picked":"Redo","floor":4},{"not_picked":["Go for the Eyes","Streamline","Cold Snap"],"picked":"SKIP","floor":5},{"not_picked":["Biased Cognition","Cold Snap","Skim"],"picked":"SKIP","floor":7},{"not_picked":["Rebound","Ball Lightning","Compile Driver"],"picked":"SKIP","floor":8},{"not_picked":["Cold Snap","Stack","Leap"],"picked":"SKIP","floor":11},{"not_picked":["Steam","Gash","Cold Snap"],"picked":"SKIP","floor":12},{"not_picked":["Coolheaded","Double Energy"],"picked":"Reinforced Body","floor":13},{"not_picked":["Rip and Tear+1","Lockon","Leap+1"],"picked":"SKIP","floor":18},{"not_picked":["Rip and Tear+1","Leap+1"],"picked":"Lockon","floor":18},{"not_picked":["Static Discharge+1","Rebound+1","Go for the Eyes"],"picked":"SKIP","floor":22},{"not_picked":["Stack","Streamline+1","Chill"],"picked":"SKIP","floor":24},{"not_picked":["Stack","Leap+1"],"picked":"Redo+1","floor":27},{"not_picked":["Stack","Creative AI","Hologram+1"],"picked":"SKIP","floor":29},{"not_picked":["Hyperbeam+1","Reboot"],"picked":"Echo Form","floor":33},{"not_picked":["Sweeping Beam+1","Conserve Battery"],"picked":"Leap+1","floor":35},{"not_picked":["Deep Breath","Thinking Ahead"],"picked":"Swift Strike+1","floor":36},{"not_picked":["Cold Snap+1","Sweeping Beam+1","Defragment+1"],"picked":"SKIP","floor":38},{"not_picked":["Coolheaded","Conserve Battery+1","Compile Driver+1"],"picked":"SKIP","floor":40},{"not_picked":["Hologram","Ball Lightning+1","Defragment+1"],"picked":"SKIP","floor":41},{"not_picked":["Rip and Tear+1","Cold Snap+1","Capacitor+1"],"picked":"SKIP","floor":46},{"not_picked":["Ball Lightning+1","Melter+1","Consume+1"],"picked":"SKIP","floor":48}],"player_experience":140489,"relics_obtained":[{"floor":7,"key":"Pantograph"},{"floor":13,"key":"Odd Mushroom"},{"floor":24,"key":"Molten Egg 2"},{"floor":26,"key":"Boot"},{"floor":27,"key":"HornCleat"},{"floor":29,"key":"MealTicket"},{"floor":43,"key":"Ancient Tea Set"},{"floor":48,"key":"Darkstone Periapt"}],"event_choices":[{"damage_healed":0,"gold_gain":0,"player_choice":"Got Potions","damage_taken":0,"max_hp_gain":0,"max_hp_loss":0,"event_name":"Lab","floor":2,"gold_loss":0},{"damage_healed":0,"gold_gain":0,"player_choice":"Fought Mushrooms","damage_taken":0,"max_hp_gain":0,"max_hp_loss":0,"event_name":"Mushrooms","floor":13,"gold_loss":0},{"damage_healed":0,"gold_gain":99,"player_choice":"Steal","damage_taken":0,"max_hp_gain":0,"max_hp_loss":0,"event_name":"betterThird:BetterNest","floor":20,"gold_loss":0},{"damage_healed":0,"gold_gain":0,"player_choice":"Read","damage_taken":0,"max_hp_gain":0,"max_hp_loss":0,"event_name":"The Library","floor":31,"gold_loss":0,"cards_obtained":["Streamline"]},{"damage_healed":0,"gold_gain":0,"player_choice":"Random: Blue","damage_taken":0,"max_hp_gain":0,"max_hp_loss":0,"event_name":"betterThird:BetterPortal","floor":36,"gold_loss":0},{"damage_healed":0,"gold_gain":0,"player_choice":"Memory 1","damage_taken":0,"max_hp_gain":0,"max_hp_loss":0,"event_name":"SensoryStone","floor":36,"gold_loss":0}],"is_beta":false,"boss_relics":[{"not_picked":["Calling Bell","Pandora\u0027s Box"],"picked":"bronze:MakeshiftBattery"},{"not_picked":["SacredBark","Coffee Dripper","Inserter"]}],"items_purged_floors":[0,0,0,0,0,0,0,0,0,21,28,28,45,45,53],"is_endless":false,"potions_floor_spawned":[5,11,13,16,22,33,40,41,46,48],"ascension_level":0}}