{"host":"snn1c4qsf0fj7fzf","time":1613445605,"event":{"mods":["AchievementEnabler","Act Like it!","Aspiration","Astrologer","BaseMod","Colored Powertips","Downfall","Gensokyo","Hermit","Infinite Spire","Lobotomy","Minty Spire (QoL Compilation)","Random Character Button","Rare Cards Sparkle","Reimu??????","Reliquary","Replay The Spire","Shop Mod","Spire Arcade","StSLib","The Administrix","The Cursed","The Gatherer","The Hierophant","The Poker Player","The Runesmith"],"gold_per_floor":[212,187,187,197,197,223,240,274,274,300,300,311,328,356,356,459,459,472,472,472,507,507,540,540,540],"floor_reached":24,"language":"ENG","playtime":1289,"items_purged":[],"score":385,"play_id":"ae2d66a4-0fe7-42f8-8cd0-56a92593287d","local_time":"20210216112005","is_ascension_mode":true,"campfire_choices":[{"data":"TheCursedMod:CleanUpWorkshop","floor":15,"key":"SMITH"}],"circlet_count":0,"master_deck":["TheCursedMod:CursedWand","TheCursedMod:CleanUpWorkshop+1","TheCursedMod:CursedShiv","TheCursedMod:Wield","TheCursedMod:ManaBullet+1","TheCursedMod:CircleOfFlame","TheCursedMod:CircleOfWindfury+1","TheCursedMod:CircleOfCorruption","TheCursedMod:CircleOfAbyss","Finesse","TheCursedMod:Wield","TheCursedMod:CursedShiv","Amnesia","TheCursedMod:SurpriseAttack","TheCursedMod:SurpriseAttack+1"],"relics":["TheCursedMod:MagicCandle","Chameleon Ring"],"acts_visited":["Exordium","TheCity"],"potions_floor_usage":[12],"damage_taken":[{"damage":0,"enemies":"2 Louse","floor":1,"turns":1},{"damage":0,"enemies":"Small Slimes","floor":4,"turns":2},{"damage":0,"enemies":"Gremlin Nob","floor":6,"turns":1},{"damage":0,"enemies":"Jaw Worm","floor":7,"turns":1},{"damage":0,"enemies":"Replay:BlueRogue","floor":8,"turns":2},{"damage":0,"enemies":"Lagavulin","floor":10,"turns":1},{"damage":0,"enemies":"Exordium Wildlife","floor":12,"turns":1},{"damage":0,"enemies":"3 Louse","floor":13,"turns":2},{"damage":0,"enemies":"3 Sentries","floor":14,"turns":1},{"damage":25,"enemies":"The Guardian","floor":16,"turns":5},{"damage":0,"enemies":"Spheric Guardian","floor":18,"turns":1},{"damage":0,"enemies":"Masked Bandits","floor":21,"turns":1},{"damage":0,"enemies":"Book of Stabbing","floor":23,"turns":1}],"seed_played":"-4260698590821327988","potions_obtained":[{"floor":4,"key":"SneckoOil"},{"floor":8,"key":"Explosive Potion"},{"floor":10,"key":"GrandPatriotsElixir:ReiMu"},{"floor":12,"key":"Fruit Juice"},{"floor":13,"key":"Swift Potion"},{"floor":16,"key":"SkillPotion"},{"floor":18,"key":"Strength Potion"}],"is_trial":false,"path_per_floor":["M","$","?","M","?","E","M","E","T","E","?","M","M","E","R","B",null,"M","AVR","?","?","$","E","$"],"character_chosen":"THE_CURSED","items_purchased":["TheCursedMod:Wield"],"campfire_rested":0,"item_purchase_floors":[2],"current_hp_per_floor":[75,75,75,75,75,75,75,75,75,75,75,80,80,80,80,55,80,80,80,80,80,80,80,80,80],"gold":540,"neow_bonus":"HUNDRED_GOLD","is_daily":false,"chose_seed":false,"campfire_upgraded":1,"win_rate":0.0,"timestamp":1613445605,"path_taken":["M","$","?","M","?","E","M","E","T","E","?","M","M","E","R","BOSS","M","AVR","?","?","?","E","$"],"items_purchased_type":["Card"],"build_version":"2020-12-22","purchased_purges":0,"victory":false,"max_hp_per_floor":[75,75,75,75,75,75,75,75,75,75,75,80,80,80,80,80,80,80,80,80,80,80,80,80,80],"card_choices":[{"not_picked":["TheCursedMod:AshesToAshes","TheCursedMod:ReleasedKnowledge","TheCursedMod:TroublousMinions"],"picked":"SKIP","floor":1},{"not_picked":["TheCursedMod:CursedMace","TheCursedMod:Stigma","TheCursedMod:ReleasedKnowledge"],"picked":"SKIP","floor":4},{"not_picked":["TheCursedMod:Obscuration","TheCursedMod:CircleOfBlood","TheCursedMod:SoulCrush"],"picked":"SKIP","floor":6},{"not_picked":["TheCursedMod:SoulReap","TheCursedMod:StingEye"],"picked":"TheCursedMod:CursedShiv","floor":7},{"not_picked":["TheCursedMod:CursedAmulet","TheCursedMod:BlessingInDisguise","TheCursedMod:Wield"],"picked":"SKIP","floor":8},{"not_picked":["TheCursedMod:VitalStrike","TheCursedMod:ShockAndAwe","TheCursedMod:ReleasedKnowledge"],"picked":"SKIP","floor":10},{"not_picked":["TheCursedMod:Stretching","TheCursedMod:BloodBarrier","TheCursedMod:SmokeScreen"],"picked":"SKIP","floor":12},{"not_picked":["TheCursedMod:SpitefulPlan","TheCursedMod:Torture"],"picked":"TheCursedMod:SurpriseAttack","floor":13},{"not_picked":["TheCursedMod:StingEye","TheCursedMod:CircleOfFlame","TheCursedMod:FleshFromBone"],"picked":"SKIP","floor":14},{"not_picked":["TheCursedMod:Evocation","TheCursedMod:SpreadPlague+1","TheCursedMod:SpitefulPray"],"picked":"SKIP","floor":18},{"not_picked":["TheCursedMod:Evocation+1","TheCursedMod:RapidMovement"],"picked":"TheCursedMod:SurpriseAttack+1","floor":21},{"not_picked":["TheCursedMod:CircleOfAmplification","TheCursedMod:SurpriseAttack","TheCursedMod:Neurasthenia"],"picked":"SKIP","floor":23}],"player_experience":397023,"relics_obtained":[{"floor":23,"key":"Chameleon Ring"}],"event_choices":[{"damage_healed":0,"gold_gain":0,"player_choice":"Grow","damage_taken":0,"max_hp_gain":0,"max_hp_loss":0,"event_name":"Living Wall","floor":5,"gold_loss":0,"cards_upgraded":["TheCursedMod:ManaBullet"]},{"damage_healed":0,"gold_gain":0,"player_choice":"Ignored","damage_taken":0,"max_hp_gain":0,"max_hp_loss":0,"event_name":"Ghosts","floor":20,"gold_loss":0},{"damage_healed":0,"gold_gain":0,"player_choice":"Fought Bandits","damage_taken":0,"max_hp_gain":0,"max_hp_loss":0,"event_name":"Masked Bandits","floor":21,"gold_loss":0}],"is_beta":false,"boss_relics":[{"not_picked":["Sozu","Velvet Choker","Runic Pyramid"]}],"items_purged_floors":[],"is_endless":false,"potions_floor_spawned":[4,8,10,12,13,14,16,18],"ascension_level":1}}