{"host":"v86vpwf004p2esb7","time":1613451034,"event":{"mods":["AchievementEnabler","BaseMod","BetterRewards","Colored Powertips","Minty Spire (QoL Compilation)","Quick Restart","StSLib","Transform Curses"],"gold_per_floor":[118,128,128,128,203,231,231,247,272,272,290,325,75,90,90,187,187,187],"floor_reached":17,"language":"ENG","playtime":788,"items_purged":[],"score":200,"play_id":"657540af-0593-4509-af2c-8ab1f8f046c5","local_time":"20210215205034","is_ascension_mode":true,"campfire_choices":[{"floor":7.0,"key":"REST"},{"floor":15.0,"key":"REST"}],"circlet_count":0,"master_deck":["Strike_G","Strike_G","Strike_G","Strike_G","Strike_G","Defend_G","Defend_G","Defend_G","Defend_G","Defend_G","Survivor","Neutralize","Blade Dance","Envenom+1","Slice","Flash of Steel","Poisoned Stab","Quick Slash","Blur","Dagger Spray","Backstab","Infinite Blades","Poisoned Stab","Storm of Steel"],"relics":["Ring of the Snake","Kunai","Juzu Bracelet","Happy Flower","Akabeko","Bronze Scales","Blood Vial","Singing Bowl","Coffee Dripper"],"acts_visited":["Exordium","TheCity"],"potions_floor_usage":[],"damage_taken":[{"damage":0.0,"enemies":"2 Louse","floor":1.0,"turns":2.0},{"damage":4.0,"enemies":"Cultist","floor":2.0,"turns":3.0},{"damage":0.0,"enemies":"Gremlin Nob","floor":6.0,"turns":2.0},{"damage":6.0,"enemies":"Jaw Worm","floor":8.0,"turns":3.0},{"damage":6.0,"enemies":"3 Louse","floor":11.0,"turns":2.0},{"damage":11.0,"enemies":"Lagavulin","floor":12.0,"turns":5.0},{"damage":10.0,"enemies":"Looter","floor":14.0,"turns":2.0},{"damage":8.0,"enemies":"Slime Boss","floor":16.0,"turns":8.0}],"seed_played":"-1297307331060916753","potions_obtained":[{"floor":1.0,"key":"Regen Potion"},{"floor":4.0,"key":"CunningPotion"},{"floor":4.0,"key":"CultistPotion"},{"floor":6.0,"key":"Strength Potion"},{"floor":12.0,"key":"SpeedPotion"}],"is_trial":false,"path_per_floor":["M","M","?","?","?","E","R","M","T","?","M","E","$","M","R","B",null],"character_chosen":"THE_SILENT","items_purchased":["Kunai","Juzu Bracelet","Blade Dance","Envenom","Happy Flower","Slice","Singing Bowl"],"campfire_rested":2,"item_purchase_floors":[0,0,0,0,0,0,13],"current_hp_per_floor":[38,34,34,34,23,23,44,38,38,38,32,21,21,13,34,28,70,70],"gold":187,"neow_bonus":"","is_daily":false,"chose_seed":false,"campfire_upgraded":0,"win_rate":0.0,"timestamp":1613451034,"path_taken":["M","M","?","?","?","E","R","M","T","?","M","E","$","M","R","BOSS"],"items_purchased_type":["Relic","Relic","Card","Card","Relic","Card","Relic"],"build_version":"2020-12-22","purchased_purges":0,"victory":false,"max_hp_per_floor":[70,70,70,70,70,70,70,70,70,70,70,70,70,70,70,70,70,70],"card_choices":[{"not_picked":["Crippling Poison","Setup"],"picked":"Poisoned Stab","floor":1.0},{"not_picked":["Heel Hook","Crippling Poison"],"picked":"Quick Slash","floor":2.0},{"not_picked":["PiercingWail","Backflip"],"picked":"Blur","floor":6.0},{"not_picked":["Quick Slash","Backflip"],"picked":"Dagger Spray","floor":8.0},{"not_picked":["Deflect","Slice"],"picked":"Backstab","floor":11.0},{"not_picked":["Eviscerate","Bane"],"picked":"Infinite Blades","floor":12.0},{"not_picked":["Tactician","Deadly Poison"],"picked":"Poisoned Stab","floor":14.0},{"not_picked":["Phantasmal Killer","Malaise"],"picked":"Storm of Steel","floor":16.0}],"player_experience":265968,"relics_obtained":[{"floor":6.0,"key":"Akabeko"},{"floor":9.0,"key":"Bronze Scales"},{"floor":12.0,"key":"Blood Vial"}],"event_choices":[{"damage_healed":0.0,"max_hp_gain":0.0,"max_hp_loss":0.0,"gold_gain":0.0,"event_name":"Golden Wing","player_choice":"Ignored","floor":3.0,"gold_loss":0.0,"damage_taken":0.0},{"damage_healed":0.0,"max_hp_gain":0.0,"max_hp_loss":0.0,"gold_gain":0.0,"event_name":"Lab","player_choice":"Got Potions","floor":4.0,"gold_loss":0.0,"damage_taken":0.0},{"damage_healed":0.0,"max_hp_gain":0.0,"max_hp_loss":0.0,"gold_gain":75.0,"event_name":"World of Goop","player_choice":"Gather Gold","floor":5.0,"gold_loss":0.0,"damage_taken":11.0},{"damage_healed":0.0,"max_hp_gain":0.0,"max_hp_loss":0.0,"gold_gain":0.0,"event_name":"Living Wall","player_choice":"Grow","floor":10.0,"gold_loss":0.0,"damage_taken":0.0,"cards_upgraded":["Envenom"]}],"is_beta":false,"boss_relics":[{"not_picked":["Pandora\u0027s Box","Velvet Choker"],"picked":"Coffee Dripper"}],"items_purged_floors":[],"is_endless":false,"potions_floor_spawned":[1,6,12],"ascension_level":1}}