{"host":"f7915vm1ahl7kex1","time":1613504953,"event":{"mods":["BaseMod","Colored Map","Downfall","Minty Spire (QoL Compilation)","Quick Restart","StSLib"],"gold_per_floor":[99,111,111,111,129,163,163,178,191,207,70,81,81,66,85,183,183,83,116,130,150,169,201,227,241,274,5,38,38,38,48,60,156,156,56,68,80,104,118,103,127,277,177,211,211,236,252,272,292,292,292,322,26,26,26,26,26,26],"floor_reached":56,"language":"ENG","playtime":9297,"items_purged":["Pain","Guardian:Strike_Guardian","Guardian:Strike_Guardian","Guardian:Strike_Guardian"],"score":898,"play_id":"15e1c515-a5a7-45e9-8fe3-c338e72c053f","local_time":"20210216134913","is_ascension_mode":false,"campfire_choices":[{"floor":1.0,"key":"RECALL"},{"floor":13.0,"key":"REST"},{"data":"Guardian:TimeSifter","floor":18,"key":"SMITH"},{"data":"Guardian:TimeCapacitor","floor":29,"key":"SMITH"},{"data":"Guardian:StasisStrike","floor":35,"key":"SMITH"},{"data":"Trip","floor":43,"key":"SMITH"},{"data":"Guardian:TimeCapacitor","floor":54,"key":"SMITH"}],"circlet_count":0,"master_deck":["Guardian:Defend_Guardian","Guardian:Defend_Guardian","Guardian:Defend_Guardian","Guardian:Defend_Guardian+1","Guardian:CurlUp","Guardian:TwinSlam","Guardian:Reroute","Guardian:BronzeOrb","Guardian:Preprogram+1","Guardian:TimeSifter+1","Guardian:TemporalShield","Guardian:TemporalStrike","Guardian:StasisStrike+1","Guardian:MultiBeam","Guardian:Incinerate","Guardian:TimeCapacitor+1","Guardian:Recover","Guardian:TimeCapacitor+1","Trip+1"],"relics":["Guardian:ModeShifter","WarpedTongs","Akabeko","Gremlin Horn","Black Star","downfall:HeartBlessingRed","Red Mask","Sundial","Question Card","Centennial Puzzle","Ornamental Fan","Eternal Feather","Sling","Incense Burner","Guardian:PickAxe","Guardian:StasisSlotReductionRelic","downfall:HeartBlessingGreen","War Paint","downfall:HeartBlessingBlue","Vajra","Toy Ornithopter","Oddly Smooth Stone","Nunchaku","PreservedInsect","Bag of Marbles","Art of War","Chemical X"],"acts_visited":["Exordium","TheCity","TheBeyond","TheEnding"],"potions_floor_usage":[19,26,28,28,56,56],"damage_taken":[{"damage":14.0,"enemies":"2 Louse","floor":2.0,"turns":3.0},{"damage":6.0,"enemies":"Cultist","floor":5.0,"turns":3.0},{"damage":30.0,"enemies":"3 Sentries","floor":6.0,"turns":11.0},{"damage":5.0,"enemies":"Jaw Worm","floor":8.0,"turns":2.0},{"damage":4.0,"enemies":"Large Slime","floor":9.0,"turns":5.0},{"damage":2.0,"enemies":"Blue Slaver","floor":10.0,"turns":4.0},{"damage":8.0,"enemies":"downfall:FleeingMerchant","floor":11.0,"turns":4.0},{"damage":0.0,"enemies":"Exordium Thugs","floor":12.0,"turns":4.0},{"damage":5.0,"enemies":"downfall:FleeingMerchant","floor":14.0,"turns":4.0},{"damage":2.0,"enemies":"3 Louse","floor":15.0,"turns":3.0},{"damage":14.0,"enemies":"DF_ARCHETYPE_STREAMLINE","floor":16.0,"turns":12.0},{"damage":18,"enemies":"Masked Bandits","floor":19,"turns":4},{"damage":0,"enemies":"Chosen","floor":20,"turns":4},{"damage":0,"enemies":"downfall:LooterAlt2","floor":21,"turns":3},{"damage":3,"enemies":"3 Cultists","floor":22,"turns":4},{"damage":12,"enemies":"Gremlin Leader","floor":23,"turns":5},{"damage":6,"enemies":"Shelled Parasite and Fungi","floor":25,"turns":4},{"damage":16,"enemies":"Slavers","floor":26,"turns":5},{"damage":8,"enemies":"downfall:FleeingMerchant","floor":27,"turns":4},{"damage":3,"enemies":"Book of Stabbing","floor":28,"turns":4},{"damage":1,"enemies":"Cultist and Chosen","floor":31,"turns":4},{"damage":3,"enemies":"Centurion and Healer","floor":32,"turns":3},{"damage":11,"enemies":"WA_ARCHETYPE_CALM","floor":33,"turns":9},{"damage":0,"enemies":"Orb Walker","floor":36,"turns":3},{"damage":7,"enemies":"3 Darklings","floor":37,"turns":5},{"damage":8,"enemies":"Spire Growth","floor":39,"turns":6},{"damage":0,"enemies":"downfall:FleeingMerchant","floor":40,"turns":4},{"damage":0,"enemies":"downfall:FleeingMerchant","floor":42,"turns":3},{"damage":13,"enemies":"Reptomancer","floor":44,"turns":5},{"damage":7,"enemies":"Nemesis","floor":46,"turns":5},{"damage":8,"enemies":"4 Shapes","floor":47,"turns":2},{"damage":0,"enemies":"Sphere and 2 Shapes","floor":48,"turns":4},{"damage":11,"enemies":"Maw","floor":49,"turns":5},{"damage":1,"enemies":"SI_POISON_ARCHETYPE","floor":50,"turns":9},{"damage":32,"enemies":"downfall:CharBossMerchant","floor":52,"turns":8},{"damage":15,"enemies":"downfall:NeowBoss","floor":55,"turns":11},{"damage":82,"enemies":"downfall:NeowBossFinal","floor":56,"turns":6}],"seed_played":"6154215739951895253","potions_obtained":[{"floor":2.0,"key":"Weak Potion"},{"floor":6.0,"key":"PowerPotion"},{"floor":10.0,"key":"BlessingOfTheForge"},{"floor":12.0,"key":"SpeedPotion"},{"floor":16.0,"key":"FairyPotion"},{"floor":19,"key":"PowerPotion"},{"floor":26,"key":"Dexterity Potion"},{"floor":28,"key":"SteroidPotion"},{"floor":31,"key":"EssenceOfSteel"},{"floor":44,"key":"DistilledChaos"},{"floor":46,"key":"CultistPotion"}],"is_trial":false,"path_per_floor":["R","M","?","?","M","E","T","M","M","M","$","M","R","$","M","B",null,"R","?","M","M","M","E","T","M","E","$","E","R","?","M","M","B",null,"R","M","M","?","M","$","T","$","R","E","?","E","M","M","M","B",null,"E","$","R","B","B"],"character_chosen":"GUARDIAN","items_purchased":["Guardian:TemporalShield","Sling","Trip","Chemical X"],"campfire_rested":1,"item_purchase_floors":[11,27,42,53],"current_hp_per_floor":[88,74,74,74,68,38,38,33,29,27,19,19,45,40,38,24,88,88,70,70,70,67,55,55,49,33,25,22,34,34,33,30,19,88,88,88,81,81,73,73,73,73,95,82,82,75,67,67,56,55,98,66,66,75,60,0,0,0],"gold":26,"neow_bonus":"TEN_PERCENT_HP_BONUS","is_daily":false,"chose_seed":false,"campfire_upgraded":5,"win_rate":0.0,"timestamp":1613504953,"path_taken":["R","M","?","?","M","E","T","?","M","M","?","?","R","$","M","BOSS","R","?","M","M","M","E","T","M","E","$","E","R","?","M","M","BOSS","R","M","M","?","M","$","T","$","R","E","?","E","M","M","M","BOSS","E","$","R","BOSS","BOSS"],"items_purchased_type":["Card","Relic","Card","Relic"],"build_version":"2020-12-22","purchased_purges":4,"victory":false,"max_hp_per_floor":[88,88,88,88,88,88,88,88,88,88,88,88,88,88,88,88,88,88,88,88,88,88,88,88,88,88,88,88,88,88,88,88,88,88,88,88,88,88,88,88,88,88,98,98,98,98,98,98,98,98,98,98,98,98,98,98,98,98],"card_choices":[{"not_picked":["Guardian:Preprogram","Guardian:Gem_Cyan"],"picked":"Guardian:Reroute","floor":2.0},{"not_picked":["Guardian:Planning","Guardian:PolyBeam"],"picked":"Guardian:Gem_Yellow","floor":5.0},{"not_picked":["Guardian:VentSteam","Guardian:Planning","Guardian:ExploitGems"],"picked":"SKIP","floor":6.0},{"not_picked":["Guardian:VentSteam","Guardian:RollAttack","Guardian:PiercingHide"],"picked":"SKIP","floor":8.0},{"not_picked":["Guardian:CrystalBeam","Guardian:WalkerClaw"],"picked":"Guardian:BronzeOrb","floor":9.0},{"not_picked":["Guardian:VentSteam","Guardian:Gem_Green"],"picked":"Guardian:Preprogram","floor":10.0},{"not_picked":["Guardian:Gem_Red","Guardian:Reroute"],"picked":"Guardian:TimeSifter","floor":11.0},{"not_picked":["Guardian:PrimingBeam","Guardian:PrismaticBeam"],"picked":"Guardian:TemporalStrike","floor":12.0},{"not_picked":["Guardian:TemporalStrike","Guardian:RollAttack"],"picked":"Guardian:Gem_Yellow","floor":14.0},{"not_picked":["Guardian:Emergency","Guardian:PrismaticBeam","Guardian:Reroute"],"picked":"SKIP","floor":15.0},{"not_picked":["Guardian:FastForward","Guardian:RevengeProtocol"],"picked":"Guardian:StasisStrike","floor":16.0},{"not_picked":["Guardian:TemporalStrike","Guardian:Suspension"],"picked":"Guardian:MultiBeam","floor":20},{"not_picked":["Guardian:Suspension","Guardian:TemporalShield","Guardian:SentryBeam"],"picked":"SKIP","floor":21},{"not_picked":["Guardian:Planning","Guardian:Gem_Green","Guardian:BodySlam"],"picked":"SKIP","floor":22},{"not_picked":["Guardian:Gem_Synthetic","Guardian:Suspension"],"picked":"Guardian:Incinerate","floor":23},{"not_picked":["Guardian:VentSteam","Guardian:SpikerProtocol","Guardian:TemporalStrike"],"picked":"Guardian:TimeCapacitor","floor":25},{"not_picked":["Guardian:StasisField","Guardian:Gem_Purple","Guardian:ChargeCore","Guardian:Recover"],"picked":"SKIP","floor":26},{"not_picked":["Guardian:Gem_Fragmented","Guardian:CrystalBeam","Guardian:BodySlam"],"picked":"Guardian:Gem_Orange","floor":27},{"not_picked":["Guardian:Planning","Guardian:Emergency+1","Guardian:BodySlam"],"picked":"Guardian:Gem_Cyan","floor":28},{"not_picked":["Guardian:Gem_Blue","Guardian:WalkerClaw","Guardian:Gem_Green"],"picked":"Guardian:Recover","floor":31},{"not_picked":["Guardian:SentryBeam","Guardian:Suspension+1","Guardian:CrystalBeam"],"picked":"Guardian:Gem_White","floor":32},{"not_picked":["Guardian:SpikerProtocol","Guardian:TemporalShield+1","Guardian:RollAttack+1","Guardian:Suspension+1"],"picked":"SKIP","floor":36},{"not_picked":["Guardian:Gem_Lightblue","Guardian:TemporalStrike","Guardian:Planning","Guardian:Gem_Cyan"],"picked":"SKIP","floor":37},{"not_picked":["Guardian:Reroute+1","Guardian:Gem_Fragmented","Guardian:Planning+1","Guardian:CrystalBeam+1"],"picked":"SKIP","floor":39},{"not_picked":["Guardian:TimeBomb+1","Guardian:Harden","Guardian:ShieldCharger"],"picked":"Guardian:TimeCapacitor","floor":40},{"not_picked":["Guardian:RefractedBeam+1","Guardian:BaubleBeam","Guardian:Gem_Fragmented","Guardian:Recover+1"],"picked":"SKIP","floor":42},{"not_picked":["Guardian:Gem_Fragmented","Guardian:TemporalStrike+1","Guardian:StasisField","Guardian:WalkerClaw"],"picked":"SKIP","floor":44},{"not_picked":["Guardian:SpikerProtocol","Guardian:TemporalShield","Guardian:ChargeCore+1","Guardian:Gem_Lightblue"],"picked":"SKIP","floor":46},{"not_picked":["Guardian:Suspension+1","Guardian:WalkerClaw","Guardian:Gem_Red","Guardian:BronzeOrb"],"picked":"SKIP","floor":47},{"not_picked":["Guardian:Suspension","Guardian:Gem_Lightblue","Guardian:VentSteam","Guardian:FastForward"],"picked":"SKIP","floor":48},{"not_picked":["Guardian:Incinerate","Guardian:Gem_Yellow","Guardian:VentSteam","Guardian:Reroute"],"picked":"SKIP","floor":49},{"not_picked":["Guardian:PrismaticBarrier","Guardian:PiercingHide","Guardian:Gem_Synthetic","Guardian:SpikerProtocol+1"],"picked":"SKIP","floor":52}],"player_experience":1173314,"relics_obtained":[{"floor":6.0,"key":"Akabeko"},{"floor":7.0,"key":"Gremlin Horn"},{"floor":19,"key":"Red Mask"},{"floor":23,"key":"Sundial"},{"floor":23,"key":"Question Card"},{"floor":24,"key":"Centennial Puzzle"},{"floor":26,"key":"Ornamental Fan"},{"floor":26,"key":"Eternal Feather"},{"floor":28,"key":"Incense Burner"},{"floor":28,"key":"Guardian:PickAxe"},{"floor":38,"key":"War Paint"},{"floor":44,"key":"Vajra"},{"floor":44,"key":"Toy Ornithopter"},{"floor":45,"key":"Oddly Smooth Stone"},{"floor":46,"key":"Nunchaku"},{"floor":46,"key":"PreservedInsect"},{"floor":52,"key":"Bag of Marbles"},{"floor":52,"key":"Art of War"}],"event_choices":[{"damage_healed":0,"gold_gain":0,"player_choice":"Fought Bandits","damage_taken":0,"max_hp_gain":0,"max_hp_loss":0,"event_name":"Masked Bandits","floor":19,"gold_loss":0},{"damage_healed":0,"gold_gain":0,"player_choice":"Ignored","damage_taken":0,"max_hp_gain":0,"max_hp_loss":0,"event_name":"Vampires","floor":30,"gold_loss":0},{"damage_healed":0,"gold_gain":0,"player_choice":"Relic","damage_taken":0,"max_hp_gain":0,"max_hp_loss":0,"event_name":"Wheel of Change","floor":45,"gold_loss":0}],"is_beta":false,"boss_relics":[{"not_picked":["Calling Bell","Pandora\u0027s Box"],"picked":"Black Star"},{"not_picked":["bronze:MakeshiftBattery","SacredBark"],"picked":"Guardian:StasisSlotReductionRelic"}],"items_purged_floors":[11,27,42,53],"is_endless":false,"potions_floor_spawned":[2,6,10,12,16,19,26,28,31,32,44,46,47,48,52],"killed_by":"downfall:NeowBossFinal","ascension_level":0}}