{"host":"0tv4c0zqspoploqh","time":1613501085,"event":{"mods":["Aspiration","BaseMod","Colored Map","Colored Powertips","Downfall","Minty Spire (QoL Compilation)","Replay The Spire","StSLib"],"gold_per_floor":[114,289,306,329,349,349,379,379,379,379,389,401,401,419,419,518,518,536,163,163,180,279,279,279],"floor_reached":23,"language":"ENG","playtime":1687,"items_purged":["Doubt"],"score":216,"play_id":"1e4f76c4-d4e8-4b7b-b47e-34d2668bf31c","local_time":"20210216194445","is_ascension_mode":false,"campfire_choices":[{"data":"Dualcast","floor":6.0,"key":"SMITH"},{"floor":10.0,"key":"REST"}],"circlet_count":0,"master_deck":["Strike_B","Strike_B","Strike_B","Strike_B","Defend_B","Defend_B","Defend_B","Defend_B","Zap","Dualcast+1","Crystallizer","Aggregate+1","Aggregate","Conserve Battery","Seek","Cold Snap","Seek","Coolheaded"],"relics":["Cracked Core","Art of War","Juzu Bracelet","Pear","aspiration:Stellarator","Replay:Rubber Ducky","Toolbox"],"acts_visited":["Exordium","TheCity"],"potions_floor_usage":[23],"damage_taken":[{"damage":0.0,"enemies":"2 Louse","floor":1.0,"turns":3.0},{"damage":6.0,"enemies":"Jaw Worm","floor":3.0,"turns":3.0},{"damage":0.0,"enemies":"Small Slimes","floor":5.0,"turns":3.0},{"damage":69.0,"enemies":"3 Sentries","floor":7.0,"turns":12.0},{"damage":6.0,"enemies":"Red Slaver","floor":11.0,"turns":3.0},{"damage":5.0,"enemies":"Looter","floor":12.0,"turns":3.0},{"damage":12.0,"enemies":"3 Louse","floor":14.0,"turns":4.0},{"damage":57.0,"enemies":"Fading Forest","floor":16.0,"turns":11.0},{"damage":38.0,"enemies":"Spheric Guardian","floor":18.0,"turns":6.0},{"damage":22.0,"enemies":"3 Byrds","floor":21.0,"turns":7.0},{"damage":34,"enemies":"Slavers","floor":23,"turns":4}],"seed_played":"-3298410736731107491","potions_obtained":[{"floor":5.0,"key":"hexamod:SoulburnPotion"},{"floor":7.0,"key":"Explosive Potion"},{"floor":12.0,"key":"Ancient Potion"},{"floor":16.0,"key":"PowerPotion"},{"floor":18.0,"key":"FocusPotion"}],"is_trial":false,"path_per_floor":["M","?","M","T","M","R","E","?","T","R","M","M","R","M","R_BF","B",null,"M","$","?","M","?","E"],"character_chosen":"DEFECT","items_purchased":["Replay:Rubber Ducky","Toolbox"],"campfire_rested":1,"item_purchase_floors":[19,19],"current_hp_per_floor":[82,82,76,76,76,76,7,7,17,44,38,33,33,21,48,1,92,54,54,54,32,32,0,0],"gold":279,"neow_bonus":"TEN_PERCENT_HP_BONUS","is_daily":false,"chose_seed":false,"campfire_upgraded":1,"win_rate":0.0,"timestamp":1613501085,"path_taken":["M","?","M","?","M","R","E","?","T","R","M","M","R","M","R_BF","BOSS","M","$","?","M","?","E"],"items_purchased_type":["Relic","Relic"],"build_version":"2020-12-22","purchased_purges":1,"victory":false,"max_hp_per_floor":[82,82,82,82,82,82,82,82,92,92,92,92,92,92,92,92,92,92,92,92,92,92,92,92],"card_choices":[{"not_picked":["Ball Lightning","Turbo"],"picked":"Crystallizer","floor":1.0},{"not_picked":["Consume","Steam Power","Lockon"],"picked":"SKIP","floor":3.0},{"not_picked":["ReplayGash","Rip and Tear"],"picked":"Aggregate","floor":5.0},{"not_picked":["Auto Shields","ReplayTheSpireMod:GoodbyeWorld","Beam Cell"],"picked":"SKIP","floor":7.0},{"not_picked":["Auto Shields","ReplayTheSpireMod:GoodbyeWorld","Beam Cell"],"picked":"SKIP","floor":7.0},{"not_picked":["Crystallizer","Beam Cell"],"picked":"Aggregate","floor":11.0},{"not_picked":["Stack","Time Bomb"],"picked":"Conserve Battery","floor":12.0},{"not_picked":["Panic Button","Reinforced Body","Skim"],"picked":"SKIP","floor":14.0},{"not_picked":["Mirror Shield","Hyperbeam"],"picked":"Seek","floor":16.0},{"not_picked":["Gash","Force Field"],"picked":"Cold Snap","floor":18.0},{"not_picked":["Fission","Barrage"],"picked":"Coolheaded","floor":21.0}],"player_experience":1259771,"relics_obtained":[{"floor":7.0,"key":"Art of War"},{"floor":9.0,"key":"Pear"}],"event_choices":[{"damage_healed":0.0,"max_hp_gain":0.0,"max_hp_loss":0.0,"gold_gain":175.0,"event_name":"Liars Game","player_choice":"AGREE","floor":2.0,"gold_loss":0.0,"damage_taken":0.0,"cards_obtained":["Doubt"]},{"damage_healed":0.0,"max_hp_gain":0.0,"max_hp_loss":0.0,"gold_gain":0.0,"event_name":"Dead Adventurer","player_choice":"Searched \u00271\u0027 times","floor":8.0,"gold_loss":0.0,"damage_taken":0.0,"relics_obtained":["Juzu Bracelet"]},{"damage_healed":0.0,"max_hp_gain":0.0,"max_hp_loss":0.0,"gold_gain":0.0,"event_name":"Duplicator","player_choice":"Copied","floor":20.0,"gold_loss":0.0,"damage_taken":0.0,"cards_obtained":["Seek"]},{"damage_healed":0.0,"max_hp_gain":0.0,"max_hp_loss":0.0,"gold_gain":99.0,"event_name":"Nest","player_choice":"Stole From Cult","floor":22.0,"gold_loss":0.0,"damage_taken":0.0}],"is_beta":false,"boss_relics":[{"not_picked":["Nuclear Battery","aspiration:WatcherSkillbook"],"picked":"aspiration:Stellarator"}],"items_purged_floors":[19],"is_endless":false,"potions_floor_spawned":[5,7,12,16,18],"killed_by":"Slavers","ascension_level":0}}