{"host":"cd7awanv0x2msn9z","time":1613501843,"event":{"mods":["BaseMod","Downfall","Minty Spire (QoL Compilation)","Replay The Spire","StSLib","SuperFastMode"],"gold_per_floor":[113,113,132,61,61,61,72,72,72,26,101,117,130,140,140,140,140],"floor_reached":16,"language":"ZHS","playtime":903,"items_purged":[],"score":92,"play_id":"4566b5f6-abbc-4ef7-ae3b-5fe9109f23a5","local_time":"20210217025723","is_ascension_mode":false,"campfire_choices":[{"data":"Crippling Poison","floor":6,"key":"SMITH"},{"data":"Hidden Blade","floor":8,"key":"SMITH"},{"data":"Toxin Wave","floor":15,"key":"SMITH"}],"circlet_count":0,"master_deck":["Strike_G","Strike_G","Strike_G","Strike_G","Strike_G","Defend_G","Defend_G","Defend_G","Defend_G","Defend_G","Survivor","Neutralize","Calculated Gamble","Crippling Poison+1","Hidden Blade+1","Bane","Toxin Wave+1","Burst"],"relics":["Ring of the Snake","Basket Of Snakes","CultistMask","Question Card"],"acts_visited":["Exordium"],"potions_floor_usage":[16,16,16],"damage_taken":[{"damage":0,"enemies":"Small Slimes","floor":1,"turns":3},{"damage":6,"enemies":"Cultist","floor":3,"turns":5},{"damage":3,"enemies":"Jaw Worm","floor":7,"turns":3},{"damage":10,"enemies":"3 Louse","floor":12,"turns":3},{"damage":12,"enemies":"Looter","floor":13,"turns":3},{"damage":6,"enemies":"Large Slime","floor":14,"turns":6},{"damage":20,"enemies":"Hexaghost","floor":16,"turns":7}],"seed_played":"-1793684590762307244","potions_obtained":[{"floor":1,"key":"EssenceOfSteel"},{"floor":3,"key":"Venom Potion"},{"floor":7,"key":"Adrenaline Potion"}],"is_trial":false,"path_per_floor":["M","?","M","$","?","R","M","R","T","$","?","M","M","M","R","B"],"character_chosen":"THE_SILENT","items_purchased":["Crippling Poison","Bane"],"campfire_rested":0,"item_purchase_floors":[4,10],"current_hp_per_floor":[70,70,64,64,57,57,54,54,54,54,43,33,21,15,15,0,0],"gold":140,"neow_bonus":"ONE_RARE_RELIC","is_daily":false,"chose_seed":false,"campfire_upgraded":3,"win_rate":0.0,"timestamp":1613501843,"path_taken":["M","?","?","$","?","R","M","R","T","?","?","M","M","M","R","BOSS"],"items_purchased_type":["Card","Card"],"build_version":"2020-12-22","purchased_purges":0,"victory":false,"max_hp_per_floor":[70,70,70,70,70,70,70,70,70,70,70,70,70,70,70,70,70],"card_choices":[{"not_picked":["Hidden Blade","Quick Slash","Outmaneuver"],"picked":"SKIP","floor":1},{"not_picked":["Dodge and Roll","Quick Slash"],"picked":"Calculated Gamble","floor":3},{"not_picked":["Dagger Throw","Sucker Punch"],"picked":"Hidden Blade","floor":7},{"not_picked":["Quick Slash","Blade Dance","Prepared"],"picked":"Toxin Wave","floor":12},{"not_picked":["Draining Mist","Underhanded Strike","Poisoned Stab"],"picked":"Burst","floor":13},{"not_picked":["Quick Slash","Skewer","Hidden Blade","Calculated Gamble"],"picked":"SKIP","floor":14}],"player_experience":68417,"relics_obtained":[{"floor":9,"key":"Question Card"}],"event_choices":[{"damage_healed":0,"gold_gain":0,"player_choice":"Trade","damage_taken":0,"relics_obtained":["CultistMask"],"max_hp_gain":0,"max_hp_loss":0,"event_name":"FaceTrader","floor":2,"gold_loss":0},{"cards_removed":["downfall:Aged"],"damage_healed":0,"gold_gain":0,"player_choice":"Card Removal","damage_taken":7,"max_hp_gain":0,"max_hp_loss":0,"event_name":"Golden Wing","floor":5,"gold_loss":0},{"damage_healed":0,"gold_gain":75,"player_choice":"Gather Gold","damage_taken":11,"max_hp_gain":0,"max_hp_loss":0,"event_name":"World of Goop","floor":11,"gold_loss":0}],"is_beta":false,"boss_relics":[],"items_purged_floors":[],"is_endless":false,"potions_floor_spawned":[1,3,7],"killed_by":"Hexaghost","ascension_level":0}}