{"host":"7z9w9s73v2jobm2z","time":1613445170,"event":{"mods":["AchievementEnabler","BaseMod","Colored Map","Colored Powertips","Custom Start","Minty Spire (QoL Compilation)","Quick Restart","Rare Cards Sparkle","Relic Stats","StSLib"],"gold_per_floor":[119,133,133,308,324,324,249,249,249,124,149,165,165,15,15,114,114,131,16,16,34,0,0,18,18,18],"floor_reached":25,"language":"ENG","playtime":953,"items_purged":["Doubt","Strike_R","Parasite"],"score":274,"play_id":"bce92118-9a39-4100-b0d4-92bef939f01b","local_time":"20210215221250","is_ascension_mode":true,"campfire_choices":[{"data":"Bash","floor":6.0,"key":"SMITH"},{"data":"Metallicize","floor":8.0,"key":"SMITH"},{"data":"Defend_R","floor":15.0,"key":"SMITH"},{"floor":23.0,"key":"REST"}],"circlet_count":0,"master_deck":["Strike_R","Strike_R","Strike_R","Defend_R+1","Defend_R","Defend_R","Defend_R","Bash+1","Armaments+1","Metallicize+1","Clothesline+1","Cleave+1","Pommel Strike+1","Flame Barrier","Headbutt+1","Ghostly Armor+1","Flame Barrier+1"],"relics":["Burning Blood","Molten Egg 2","Bronze Scales","Runic Cube"],"acts_visited":["Exordium","TheCity"],"potions_floor_usage":[],"damage_taken":[{"damage":5.0,"enemies":"Small Slimes","floor":1.0,"turns":4.0},{"damage":4.0,"enemies":"2 Louse","floor":2.0,"turns":4.0},{"damage":7.0,"enemies":"Jaw Worm","floor":5.0,"turns":4.0},{"damage":15.0,"enemies":"Gremlin Gang","floor":12.0,"turns":4.0},{"damage":20.0,"enemies":"The Guardian","floor":16.0,"turns":12.0},{"damage":42.0,"enemies":"2 Thieves","floor":18.0,"turns":4.0},{"damage":0.0,"enemies":"3 Byrds","floor":21.0,"turns":3.0},{"damage":30.0,"enemies":"Centurion and Healer","floor":24.0,"turns":6.0},{"damage":52,"enemies":"Slavers","floor":25,"turns":3}],"seed_played":"1533726655203957241","potions_obtained":[{"floor":2.0,"key":"DuplicationPotion"},{"floor":5.0,"key":"Fire Potion"},{"floor":18.0,"key":"FearPotion"},{"floor":24.0,"key":"Ancient Potion"}],"is_trial":false,"path_per_floor":["M","M","?","?","M","R","$","R","T","$","T","M","?","$","R","B",null,"M","$","?","M","?","R","M","E"],"character_chosen":"IRONCLAD","items_purchased":["Clothesline+1","Cleave+1","Flame Barrier","Headbutt+1"],"campfire_rested":1,"item_purchase_floors":[10,14,19,19],"current_hp_per_floor":[73,75,75,75,74,74,74,74,74,74,74,65,80,77,77,63,74,38,38,38,44,44,67,43,0,0],"gold":18,"neow_bonus":"REMOVE_CARD","is_daily":false,"chose_seed":false,"campfire_upgraded":3,"win_rate":0.0,"timestamp":1613445170,"path_taken":["M","M","?","?","M","R","$","R","T","$","?","?","?","$","R","BOSS","M","$","?","M","?","R","M","E"],"items_purchased_type":["Card","Card","Card","Card"],"build_version":"2020-12-22","purchased_purges":3,"victory":false,"max_hp_per_floor":[80,80,80,80,80,80,80,80,80,80,80,80,80,77,77,77,77,77,77,77,77,77,77,77,77,77],"relic_stats":{"counters":[9,44],"Bronze Scales":[160],"obtain_stats":[{"Bronze Scales":11,"Molten Egg 2":9,"Burning Blood":0,"Runic Cube":17},{"Bronze Scales":3,"Molten Egg 2":3,"Burning Blood":0,"Runic Cube":5},{"Bronze Scales":12,"Molten Egg 2":12,"Burning Blood":0,"Runic Cube":28}],"Burning Blood":48,"Runic Cube":[15]},"card_choices":[{"not_picked":["Heavy Blade","Wild Strike"],"picked":"Armaments","floor":1.0},{"not_picked":["Dual Wield","Warcry","Intimidate"],"picked":"SKIP","floor":2.0},{"not_picked":["Cleave","Flex"],"picked":"Metallicize","floor":5.0},{"not_picked":["Rage","Wild Strike+1","Reckless Charge+1"],"picked":"SKIP","floor":12.0},{"not_picked":["Armaments+1","Intimidate+1"],"picked":"Pommel Strike+1","floor":18.0},{"not_picked":["Intimidate+1","Searing Blow+1"],"picked":"Ghostly Armor+1","floor":21.0},{"not_picked":["Sword Boomerang+1","Wild Strike+1"],"picked":"Flame Barrier+1","floor":24.0}],"player_experience":440363,"relics_obtained":[{"floor":9.0,"key":"Molten Egg 2"},{"floor":11.0,"key":"Bronze Scales"}],"event_choices":[{"damage_healed":0.0,"max_hp_gain":0.0,"max_hp_loss":0.0,"gold_gain":0.0,"event_name":"Living Wall","player_choice":"Grow","floor":3.0,"gold_loss":0.0,"damage_taken":0.0,"cards_upgraded":["Armaments"]},{"damage_healed":0.0,"max_hp_gain":0.0,"max_hp_loss":0.0,"gold_gain":175.0,"event_name":"Liars Game","player_choice":"AGREE","floor":4.0,"gold_loss":0.0,"damage_taken":0.0,"cards_obtained":["Doubt"]},{"damage_healed":20.0,"max_hp_gain":0.0,"max_hp_loss":0.0,"gold_gain":0.0,"event_name":"Mushrooms","player_choice":"Healed and dodged fight","floor":13.0,"gold_loss":0.0,"damage_taken":0.0,"cards_obtained":["Parasite"]},{"damage_healed":0.0,"max_hp_gain":0.0,"max_hp_loss":0.0,"gold_gain":0.0,"event_name":"Ghosts","player_choice":"Ignored","floor":20.0,"gold_loss":0.0,"damage_taken":0.0},{"damage_healed":0.0,"max_hp_gain":0.0,"max_hp_loss":0.0,"gold_gain":0.0,"event_name":"Masked Bandits","player_choice":"Paid Fearfully","floor":22.0,"gold_loss":34.0,"damage_taken":0.0}],"is_beta":false,"boss_relics":[{"not_picked":["Tiny House","Busted Crown"],"picked":"Runic Cube"}],"items_purged_floors":[7,10,14],"is_endless":false,"potions_floor_spawned":[2,5,18,24],"killed_by":"Slavers","ascension_level":9}}