{"host":"5z7rhcocprldured","time":1613499848,"event":{"mods":["2.2 Compatiblity","AchievementEnabler","AlwaysNeverKeys","BaseMod","Best Route Mod","Better Altar","Better Match","Better Note","Better Sensory Stone","Better Skull","Better Third Choice","BetterRewards","Block Reminder","Colored Map","Colored Powertips","Displayed Cursed Tome","Downfall","Emptier Cage","Energized Spire","Minty Spire (QoL Compilation)","Permanent Neow","Rare Cards Sparkle","SacredBarkPlus","Spicy Shops","StSLib","Synergy Search","Unceasing Turn Reminder"],"gold_per_floor":[99,114,114,125,137,151,175,108,126,126,26,58,58,58,73,175,175,175,189,189,189,189],"floor_reached":20,"language":"ENG","playtime":1127,"items_purged":[],"score":174,"play_id":"12211f05-4900-464f-b749-d75ed22d4af0","local_time":"20210216182408","is_ascension_mode":false,"campfire_choices":[{"data":"Guardian:TwinSlam","floor":1,"key":"SMITH"},{"data":"Guardian:PrismaticBeam","floor":11,"key":"SMITH"},{"data":"Guardian:ArmoredProtocol","floor":13,"key":"SMITH"},{"data":"Guardian:RevengeProtocol","floor":18,"key":"SMITH"}],"circlet_count":0,"master_deck":["Guardian:Strike_Guardian","Guardian:Strike_Guardian","Guardian:Strike_Guardian","Guardian:Defend_Guardian","Guardian:Defend_Guardian","Guardian:Defend_Guardian","Guardian:Defend_Guardian","Guardian:CurlUp","Guardian:TwinSlam+1","Guardian:ArmoredProtocol","Guardian:WalkerClaw","Guardian:PrismaticBeam+1","Guardian:SentryBeam","Guardian:ArmoredProtocol+1","Guardian:TemporalShield","Guardian:BaubleBeam","Guardian:BronzeOrb","Guardian:RevengeProtocol+1","Guardian:Gem_Cyan"],"relics":["Guardian:ModeShifter","downfall:HeartBlessingRed","Pen Nib","downfall:HeartBlessingGreen","Regal Pillow","downfall:BrokenWingStatue","Coffee Dripper"],"acts_visited":["Exordium","TheCity"],"potions_floor_usage":[],"damage_taken":[{"damage":0,"enemies":"2 Louse","floor":2,"turns":2},{"damage":7,"enemies":"Cultist","floor":4,"turns":5},{"damage":1,"enemies":"Jaw Worm","floor":5,"turns":4},{"damage":6,"enemies":"2 Fungi Beasts","floor":6,"turns":3},{"damage":0,"enemies":"downfall:FleeingMerchant","floor":8,"turns":4},{"damage":6,"enemies":"Exordium Wildlife","floor":9,"turns":4},{"damage":2,"enemies":"Lagavulin","floor":12,"turns":5},{"damage":0,"enemies":"Lots of Slimes","floor":15,"turns":3},{"damage":37,"enemies":"DF_ARCHETYPE_STREAMLINE","floor":16,"turns":10},{"damage":4,"enemies":"Shell Parasite","floor":19,"turns":4},{"damage":0,"enemies":"Spheric Guardian","floor":20,"turns":1}],"seed_played":"-6555545234911881233","potions_obtained":[{"floor":5,"key":"bronze:BurnAndBuffPotion"},{"floor":6,"key":"Ancient Potion"},{"floor":15,"key":"Energy Potion"},{"floor":16,"key":"Fire Potion"}],"is_trial":false,"path_per_floor":["R","M","?","M","M","M","T","$","M","?","R","E","R","?","M","B",null,"R","M","M"],"character_chosen":"GUARDIAN","items_purchased":["Guardian:ArmoredProtocol"],"campfire_rested":0,"item_purchase_floors":[8],"current_hp_per_floor":[80,80,80,73,72,66,66,66,60,48,48,46,46,46,46,9,80,80,76,76,76,76],"gold":189,"neow_bonus":"HUNDRED_GOLD","is_daily":false,"chose_seed":false,"campfire_upgraded":4,"win_rate":0.0,"timestamp":1613499848,"path_taken":["R","M","?","M","M","M","T","$","?","?","R","E","R","?","M","BOSS","R","M","M"],"items_purchased_type":["Card"],"build_version":"2020-12-22","purchased_purges":0,"victory":false,"max_hp_per_floor":[80,80,80,80,80,80,80,80,80,80,80,80,80,80,80,80,80,80,80,80,80,80],"card_choices":[{"not_picked":["Guardian:Gem_Lightblue","Guardian:TimeBomb"],"picked":"Guardian:ArmoredProtocol","floor":2},{"not_picked":["Guardian:RollAttack","Guardian:Incinerate"],"picked":"Guardian:WalkerClaw","floor":4},{"not_picked":["Guardian:PiercingHide","Guardian:RefractedBeam"],"picked":"Guardian:PrismaticBeam","floor":5},{"not_picked":["Guardian:VentSteam","Guardian:Gem_Lightblue"],"picked":"Guardian:Gem_Red","floor":6},{"not_picked":["Guardian:Gem_Green","Guardian:GuardianWhirl"],"picked":"Guardian:SentryBeam","floor":8},{"not_picked":["Guardian:VentSteam","Guardian:Gem_Lightblue"],"picked":"Guardian:TemporalShield","floor":9},{"not_picked":["Guardian:DonusPower","Guardian:Recover"],"picked":"Guardian:BaubleBeam","floor":12},{"not_picked":["Guardian:Planning","Guardian:PiercingHide"],"picked":"Guardian:BronzeOrb","floor":15},{"not_picked":["Guardian:ConstructionForm","Guardian:StasisField"],"picked":"Guardian:RevengeProtocol","floor":16},{"not_picked":["Guardian:Harden","Guardian:RefractedBeam"],"picked":"Guardian:Gem_Cyan","floor":19}],"player_experience":191119,"relics_obtained":[{"floor":7,"key":"Pen Nib"},{"floor":12,"key":"Regal Pillow"}],"event_choices":[],"is_beta":false,"boss_relics":[{"not_picked":["Calling Bell","Runic Dome"],"picked":"Coffee Dripper"}],"items_purged_floors":[],"is_endless":false,"potions_floor_spawned":[5,6,15,16],"killed_by":"Spheric Guardian","ascension_level":0}}