{"host":"6z6y4ky8uzsz1dpj","time":1613486072,"event":{"mods":["AchievementEnabler","BaseMod","BetterRewards","Challenge The Spire","Colored Map","Downfall","Hubris","Minty Spire (QoL Compilation)","Quick Restart","Relic Stats","Replay The Spire","StSLib"],"gold_per_floor":[99,118,180,13,30,15,15,15,15,34,47,47,47,58,77,172,172,172,191,207,207,24,34,89,89,89,89,89],"floor_reached":26,"language":"ENG","playtime":1575,"items_purged":["champ:Strike","champ:Strike"],"score":198,"play_id":"4e993a75-7738-462d-9e0e-030a96f1ad25","local_time":"20210216093432","is_ascension_mode":false,"campfire_choices":[{"data":"champ:Taunt","floor":1,"key":"SMITH"},{"data":"champ:FocusedBerserking","floor":8,"key":"SMITH"},{"data":"champ:GladiatorForm","floor":18,"key":"SMITH"}],"circlet_count":0,"master_deck":["champ:Strike","champ:Defend+1","champ:Defend","champ:Execute","champ:Taunt+1","champ:GutPunch","Pot Of Greed","champ:Backstep","Pot Of Greed","champ:FocusedBerserking+1","champ:StrikeOfGenius","champ:CrookedStrike","champ:RapidStrikes","champ:EnGarde","champ:Endure","champ:GutPunch","champ:Shatter","champ:GladiatorForm+1","champ:Haymaker+1","champ:FalseCounter+1","champ:MurderStrike+1","Pot Of Greed","champ:BerserkersShout+1","champ:BerserkersShout","champ:EnGarde+1","champ:Duel","champ:AdrenalArmor+1"],"relics":["champ:ChampionCrown","Grinning Jar","Vajra","Astrolabe","Pen Nib"],"acts_visited":["Exordium","TheCity"],"potions_floor_usage":[19,23,26],"damage_taken":[{"damage":26,"enemies":"Cultist","floor":2,"turns":3},{"damage":56,"enemies":"3 Sentries","floor":3,"turns":10},{"damage":20,"enemies":"downfall:FleeingMerchant","floor":4,"turns":4},{"damage":0,"enemies":"2 Louse","floor":5,"turns":3},{"damage":30,"enemies":"downfall:FleeingMerchant","floor":6,"turns":4},{"damage":5,"enemies":"Jaw Worm","floor":10,"turns":4},{"damage":13,"enemies":"2 Fungi Beasts","floor":11,"turns":3},{"damage":35,"enemies":"Blue Slaver","floor":14,"turns":3},{"damage":16,"enemies":"3 Louse","floor":15,"turns":2},{"damage":69,"enemies":"WA_ARCHETYPE_RETAIN","floor":16,"turns":7},{"damage":37,"enemies":"downfall:LooterAlt2","floor":19,"turns":5},{"damage":47,"enemies":"Shell Parasite","floor":20,"turns":3},{"damage":22,"enemies":"downfall:FleeingMerchant","floor":22,"turns":4},{"damage":61,"enemies":"Shelled Parasite and Fungi","floor":23,"turns":5},{"damage":101,"enemies":"Gremlin Leader","floor":26,"turns":7}],"seed_played":"-5605718399046430047","potions_obtained":[{"floor":2,"key":"Flashbang"},{"floor":3,"key":"SkillPotion"},{"floor":15,"key":"Weak Potion"},{"floor":23,"key":"SpeedPotion"}],"is_trial":false,"path_per_floor":["R","M","?","$","M","$","T","R","?","M","M","?","?","M","M","B",null,"R","M","M","?","$","M","T","?","E"],"character_chosen":"THE_CHAMP","items_purchased":["champ:StrikeOfGenius","champ:Duel"],"campfire_rested":0,"item_purchase_floors":[4,22],"current_hp_per_floor":[99,93,67,67,67,57,57,57,99,94,91,91,91,91,85,61,99,99,87,70,70,63,57,57,57,0,0,0],"gold":89,"neow_bonus":"TEN_PERCENT_HP_BONUS","is_daily":false,"chose_seed":false,"campfire_upgraded":3,"win_rate":0.0,"timestamp":1613486072,"path_taken":["R","M","?","$","M","$","T","R","?","?","M","?","?","M","M","BOSS","R","M","M","?","$","M","T","?","E"],"items_purchased_type":["Card","Card"],"build_version":"2020-12-22","purchased_purges":2,"victory":false,"max_hp_per_floor":[99,99,99,99,99,99,99,99,99,99,99,99,99,99,99,99,99,99,99,99,99,99,99,99,99,99,99,99],"relic_stats":{"counters":[15,67],"Astrolabe":["champ:Haymaker","champ:FalseCounter","champ:MurderStrike"],"Pen Nib":[1],"obtain_stats":[{"Astrolabe":17,"Vajra":7,"champ:ChampionCrown":0,"Pen Nib":24,"Grinning Jar":3},{"Astrolabe":10,"Vajra":5,"champ:ChampionCrown":0,"Pen Nib":14,"Grinning Jar":2},{"Astrolabe":43,"Vajra":24,"champ:ChampionCrown":0,"Pen Nib":60,"Grinning Jar":13}]},"card_choices":[{"not_picked":["champ:Backstep","champ:CrookedStrike"],"picked":"champ:GutPunch","floor":2},{"not_picked":["champ:Lariat","champ:Circumvent"],"picked":"champ:Backstep","floor":3},{"not_picked":["champ:Haymaker","champ:FlashCut"],"picked":"champ:FocusedBerserking","floor":4},{"not_picked":["champ:Backstep","champ:CalledShot"],"picked":"champ:CrookedStrike","floor":5},{"not_picked":["champ:GutPunch","champ:CalledShot"],"picked":"champ:RapidStrikes","floor":6},{"not_picked":["champ:BringItOn","champ:DeathBlow"],"picked":"champ:EnGarde","floor":10},{"not_picked":["champ:Haymaker","champ:GutPunch"],"picked":"champ:Endure","floor":11},{"not_picked":["champ:BladeFlurry","champ:FocusedDefense"],"picked":"champ:GutPunch","floor":14},{"not_picked":["champ:GladiatorStyle","champ:ShieldThrow"],"picked":"champ:Shatter","floor":15},{"not_picked":["champ:MurderStrike","champ:ShieldThrow"],"picked":"champ:GladiatorForm","floor":16},{"not_picked":["champ:Haymaker","champ:AdrenalArmor"],"picked":"champ:BerserkersShout+1","floor":19},{"not_picked":["champ:BringItOn","champ:CrookedStrike"],"picked":"champ:BerserkersShout","floor":20},{"not_picked":["champ:BladeFlurry","champ:FocusedDefense"],"picked":"champ:EnGarde+1","floor":22},{"not_picked":["champ:PreciseThrust+1","champ:CalledShot"],"picked":"champ:AdrenalArmor+1","floor":23}],"player_experience":663804,"relics_obtained":[{"floor":3,"key":"Grinning Jar"},{"floor":7,"key":"Vajra"},{"floor":24,"key":"Pen Nib"}],"event_choices":[{"damage_healed":42,"gold_gain":0,"player_choice":"Full Heal","damage_taken":0,"max_hp_gain":0,"max_hp_loss":0,"event_name":"Wheel of Change","floor":9,"gold_loss":0},{"damage_healed":0,"gold_gain":0,"player_choice":"Ignored","damage_taken":0,"max_hp_gain":0,"max_hp_loss":0,"event_name":"Ghosts","floor":21,"gold_loss":0}],"is_beta":false,"boss_relics":[{"not_picked":["Runic Dome","SacredBark"],"picked":"Astrolabe"}],"items_purged_floors":[4,22],"is_endless":false,"potions_floor_spawned":[2,3,15,23],"killed_by":"Gremlin Leader","ascension_level":0}}