{"host":"l2dnabsh5e0fsksb","time":1613484807,"event":{"mods":["2.2 Compatiblity","BaseMod","Downfall","Minty Spire (QoL Compilation)","Quick Restart","StSLib"],"gold_per_floor":[99,99,99,99,110,110,110,110,122,122,22,56,56,91,110,211,211,111,121,132,132,42,27,27,59,59,70,82,82,108,123,138,234,234,134,148,148,168,188,188,188,202,212,258,275,285,285,270,286,286,286,318,21,21,21,21,21],"floor_reached":56,"language":"ENG","playtime":3167,"items_purged":["downfall:Malfunctioning"],"score":935,"play_id":"26fba137-9306-4227-9be7-ba11fd6c0db5","local_time":"20210217004327","is_ascension_mode":true,"campfire_choices":[{"floor":1.0,"key":"RECALL"},{"floor":11.0,"key":"REST"},{"data":"hexamod:HexaLevel","floor":18.0,"key":"SMITH"},{"floor":26.0,"key":"REST"},{"floor":29.0,"key":"REST"},{"data":"hexamod:TimeOfNeed","floor":35.0,"key":"SMITH"},{"floor":40.0,"key":"REST"},{"floor":47.0,"key":"REST"},{"data":"hexamod:RadiantFlame","floor":54.0,"key":"SMITH"}],"circlet_count":0,"master_deck":["hexamod:Strike+1","hexamod:Strike+1","hexamod:Strike+1","hexamod:Strike+1","hexamod:Defend+1","hexamod:Defend+1","hexamod:Defend+1","hexamod:Sear+1","hexamod:Float+1","hexamod:SwordOfDarkness+1","hexamod:ShieldOfDarkness+1","hexamod:GhostLash+1","hexamod:EmpoweredFlame+1","hexamod:HexaLevel+1","hexamod:Firestarter+1","hexamod:GhostOfSpirePresent+1","hexamod:GhostShield+1","hexamod:SixthSeal","hexamod:ShieldOfDarkness+1","hexamod:AdvancingGuard+1","hexamod:NightmareStrike+1","hexamod:EtherealExpedition+1","hexamod:Firestarter+1","hexamod:Hexaguard+1","hexamod:TimeOfNeed+1","hexamod:FirstSeal","hexamod:SwordOfDarkness+1","hexamod:Firestarter+1","hexamod:GhostLash+1","hexamod:NightmareStrike+1","hexamod:RadiantFlame+1"],"relics":["hexamod:SpiritBrand","downfall:HeartsMalice","Happy Flower","Gremlin Horn","downfall:HeartBlessingRed","Vajra","Mercury Hourglass","Busted Crown","downfall:HeartBlessingGreen","Bottled Lightning","Kunai","expansioncontent:StudyCardRelic","downfall:HeartBlessingBlue","FossilizedHelix","Ginger","hexamod:InflammatoryLetter","Lee\u0027s Waffle"],"acts_visited":["Exordium","TheCity","TheBeyond","TheEnding"],"potions_floor_usage":[55,55],"damage_taken":[{"damage":0.0,"enemies":"Cultist","floor":2.0,"turns":1.0},{"damage":0.0,"enemies":"Small Slimes","floor":3.0,"turns":1.0},{"damage":0.0,"enemies":"Jaw Worm","floor":4.0,"turns":1.0},{"damage":13.0,"enemies":"Large Slime","floor":5.0,"turns":7.0},{"damage":0.0,"enemies":"2 Fungi Beasts","floor":9.0,"turns":3.0},{"damage":8.0,"enemies":"Gremlin Nob","floor":12.0,"turns":4.0},{"damage":20.0,"enemies":"3 Sentries","floor":14.0,"turns":6.0},{"damage":8.0,"enemies":"Exordium Thugs","floor":15.0,"turns":4.0},{"damage":11.0,"enemies":"SI_SHIV_ARCHETYPE","floor":16.0,"turns":6.0},{"damage":1.0,"enemies":"3 Byrds","floor":19.0,"turns":5.0},{"damage":5.0,"enemies":"downfall:LooterAlt2","floor":20.0,"turns":3.0},{"damage":0.0,"enemies":"downfall:FleeingMerchant","floor":22.0,"turns":4.0},{"damage":0.0,"enemies":"downfall:FleeingMerchant","floor":23.0,"turns":4.0},{"damage":13.0,"enemies":"Gremlin Leader","floor":25.0,"turns":6.0},{"damage":15.0,"enemies":"Shelled Parasite and Fungi","floor":27.0,"turns":5.0},{"damage":3.0,"enemies":"Centurion and Healer","floor":28.0,"turns":6.0},{"damage":38.0,"enemies":"Book of Stabbing","floor":30.0,"turns":6.0},{"damage":16.0,"enemies":"Snake Plant","floor":31.0,"turns":4.0},{"damage":0.0,"enemies":"3 Cultists","floor":32.0,"turns":5.0},{"damage":40.0,"enemies":"WA_ARCHETYPE_CALM","floor":33.0,"turns":9.0},{"damage":9.0,"enemies":"Orb Walker","floor":36.0,"turns":4.0},{"damage":10.0,"enemies":"3 Darklings","floor":38.0,"turns":4.0},{"damage":13.0,"enemies":"Spire Growth","floor":39.0,"turns":5.0},{"damage":0.0,"enemies":"Maw","floor":42.0,"turns":6.0},{"damage":0.0,"enemies":"Sphere and 2 Shapes","floor":43.0,"turns":3.0},{"damage":27.0,"enemies":"2 Orb Walkers","floor":44.0,"turns":5.0},{"damage":11.0,"enemies":"4 Shapes","floor":45.0,"turns":4.0},{"damage":0.0,"enemies":"Maw","floor":46.0,"turns":5.0},{"damage":0.0,"enemies":"downfall:FleeingMerchant","floor":48.0,"turns":4.0},{"damage":0.0,"enemies":"Transient","floor":49.0,"turns":5.0},{"damage":2.0,"enemies":"IC_BLOCK_ARCHETYPE","floor":50.0,"turns":10.0},{"damage":40.0,"enemies":"downfall:CharBossMerchant","floor":52.0,"turns":7.0},{"damage":0,"enemies":"downfall:NeowBoss","floor":55,"turns":15},{"damage":99,"enemies":"downfall:NeowBossFinal","floor":56,"turns":8}],"seed_played":"6498540727483397918","potions_obtained":[{"floor":9.0,"key":"sneckomod:MuddlingPotion"},{"floor":12.0,"key":"Dexterity Potion"},{"floor":14.0,"key":"PowerPotion"},{"floor":21.0,"key":"FairyPotion"},{"floor":25.0,"key":"FairyPotion"},{"floor":31.0,"key":"PowerPotion"},{"floor":32.0,"key":"Fruit Juice"},{"floor":33.0,"key":"hexamod:EctoCoolerPotion"},{"floor":39.0,"key":"SkillPotion"},{"floor":42.0,"key":"Fire Potion"},{"floor":45.0,"key":"SkillPotion"},{"floor":46.0,"key":"ColorlessPotion"},{"floor":52.0,"key":"PowerPotion"}],"is_trial":false,"path_per_floor":["R","M","M","M","M","?","T","?","M","?","R","E","?","E","M","B",null,"R","M","M","?","$","$","T","E","R","M","M","R","E","M","M","B",null,"R","M","?","M","M","R","T","M","M","?","M","M","R","$","M","B",null,"E","$","R","B","B"],"character_chosen":"THE_SPIRIT","items_purchased":["Lee\u0027s Waffle","hexamod:RadiantFlame","bronze:BurnAndBuffPotion"],"campfire_rested":5,"item_purchase_floors":[53,53,53],"current_hp_per_floor":[63,63,63,63,50,38,38,38,38,38,59,51,70,50,42,31,60,60,59,54,54,54,54,54,41,62,47,44,65,27,11,11,10,59,69,60,60,50,44,69,69,76,76,49,45,52,77,84,84,85,85,45,92,92,92,0,0,0],"gold":21,"neow_bonus":"THREE_ENEMY_KILL","is_daily":false,"chose_seed":false,"campfire_upgraded":3,"win_rate":0.0,"timestamp":1613484807,"path_taken":["R","M","M","M","M","?","T","?","?","?","R","E","?","E","M","BOSS","R","M","M","?","?","$","T","E","R","?","?","R","E","?","M","BOSS","R","?","?","M","M","R","T","M","M","?","M","M","R","$","M","BOSS","E","$","R","BOSS","BOSS"],"items_purchased_type":["Relic","Card","Potion"],"build_version":"2020-12-22","purchased_purges":1,"victory":false,"max_hp_per_floor":[70,70,70,70,70,70,70,70,70,70,70,70,70,70,70,70,70,70,70,70,70,70,70,70,70,70,70,70,70,70,70,70,75,75,85,85,85,85,85,85,85,85,85,85,85,85,85,85,85,85,85,85,92,92,92,92,92,92],"card_choices":[{"not_picked":["hexamod:HeatShield","hexamod:Hexaguard"],"picked":"hexamod:SwordOfDarkness","floor":2.0},{"not_picked":["hexamod:FastForward","hexamod:HauntingEcho"],"picked":"hexamod:ShieldOfDarkness","floor":3.0},{"not_picked":["hexamod:HauntingEcho","hexamod:FastForward"],"picked":"hexamod:GhostLash","floor":4.0},{"not_picked":["hexamod:AdvancingGuard","hexamod:InspiringFlames"],"picked":"hexamod:EmpoweredFlame","floor":5.0},{"not_picked":["hexamod:CatchUp","hexamod:BurningTouch"],"picked":"hexamod:HexaLevel","floor":9.0},{"not_picked":["hexamod:AdvancingGuard","hexamod:InspiringFlames"],"picked":"hexamod:Firestarter","floor":12.0},{"not_picked":["hexamod:RetreatToShadows","hexamod:ShieldOfDarkness"],"picked":"hexamod:GhostOfSpirePresent","floor":14.0},{"not_picked":["hexamod:SoulSteal","hexamod:NightmareStrike"],"picked":"hexamod:GhostShield","floor":15.0},{"not_picked":["hexamod:FifthSeal","hexamod:UnlimitedPower"],"picked":"hexamod:SixthSeal","floor":16.0},{"not_picked":[],"picked":"hexamod:ShieldOfDarkness","floor":19.0},{"not_picked":["hexamod:SuperheatedStrike"],"picked":"SKIP","floor":20.0},{"not_picked":[],"picked":"hexamod:AdvancingGuard+1","floor":22.0},{"not_picked":[],"picked":"hexamod:NightmareStrike+1","floor":23.0},{"not_picked":[],"picked":"hexamod:EtherealExpedition","floor":25.0},{"not_picked":["hexamod:AdvancingGuard"],"picked":"SKIP","floor":27.0},{"not_picked":[],"picked":"hexamod:Firestarter+1","floor":28.0},{"not_picked":["hexamod:RecurringNightmare"],"picked":"SKIP","floor":30.0},{"not_picked":["hexamod:BacktrackSmack"],"picked":"SKIP","floor":31.0},{"not_picked":[],"picked":"hexamod:Hexaguard","floor":32.0},{"not_picked":[],"picked":"hexamod:TimeOfNeed","floor":33.0},{"not_picked":["hexamod:RetreatToShadows"],"picked":"SKIP","floor":36.0},{"not_picked":[],"picked":"hexamod:FirstSeal","floor":38.0},{"not_picked":[],"picked":"hexamod:SwordOfDarkness+1","floor":39.0},{"not_picked":[],"picked":"hexamod:Firestarter+1","floor":42.0},{"not_picked":["hexamod:HeatShield"],"picked":"SKIP","floor":43.0},{"not_picked":[],"picked":"hexamod:GhostLash+1","floor":44.0},{"not_picked":["hexamod:FastForward"],"picked":"SKIP","floor":45.0},{"not_picked":["hexamod:ShieldOfDarkness"],"picked":"SKIP","floor":46.0},{"not_picked":["hexamod:SuperheatedStrike+1"],"picked":"SKIP","floor":48.0},{"not_picked":["hexamod:BacktrackSmack+1"],"picked":"SKIP","floor":49.0},{"not_picked":[],"picked":"hexamod:NightmareStrike+1","floor":52.0}],"player_experience":1939709,"relics_obtained":[{"floor":7.0,"key":"Gremlin Horn"},{"floor":12.0,"key":"Vajra"},{"floor":14.0,"key":"Mercury Hourglass"},{"floor":25.0,"key":"Bottled Lightning"},{"floor":30.0,"key":"Kunai"},{"floor":41.0,"key":"FossilizedHelix"},{"floor":44.0,"key":"Ginger"},{"floor":52.0,"key":"hexamod:InflammatoryLetter"}],"event_choices":[{"damage_healed":0.0,"max_hp_gain":0.0,"max_hp_loss":0.0,"gold_gain":0.0,"event_name":"Scrap Ooze","player_choice":"Success","floor":6.0,"gold_loss":0.0,"damage_taken":12.0,"relics_obtained":["Happy Flower"]},{"damage_healed":23.0,"max_hp_gain":0.0,"max_hp_loss":0.0,"gold_gain":0.0,"event_name":"Big Fish","player_choice":"Banana","floor":13.0,"gold_loss":0.0,"damage_taken":0.0},{"damage_healed":0.0,"max_hp_gain":0.0,"max_hp_loss":0.0,"gold_gain":0.0,"event_name":"Lab","player_choice":"Got Potions","floor":21.0,"gold_loss":0.0,"damage_taken":0.0},{"damage_healed":0.0,"max_hp_gain":0.0,"max_hp_loss":0.0,"gold_gain":0.0,"event_name":"Mysterious Sphere","player_choice":"Fight","floor":44.0,"gold_loss":0.0,"damage_taken":0.0}],"is_beta":false,"boss_relics":[{"not_picked":["bronze:MakeshiftBattery","Cursed Key"],"picked":"Busted Crown"},{"not_picked":["hexamod:UnbrokenSoul","Fusion Hammer"],"picked":"expansioncontent:StudyCardRelic"}],"items_purged_floors":[22],"is_endless":false,"potions_floor_spawned":[9,12,14,25,28,30,31,32,33,39,42,45,46,52],"killed_by":"downfall:NeowBossFinal","ascension_level":7}}