{"host":"8anmd7ibyxevnonj","time":1613471084,"event":{"mods":["BaseMod","Curses Come First","Glutton Mod","Marisa????????","Minty Spire (QoL Compilation)","Reliquary","StSLib","The Bug Knight","The Cursed","The Marked","The Necromancer"],"gold_per_floor":[111,111,128,142,153,187,187,187,236,246,257,288,310,310,310,412,412,432,37,37,32,131,131,165,165,190,208,221,241,241,205,205,303,303,317,317,330,330,186,211,211,211,211],"floor_reached":42,"language":"ENG","playtime":6079,"items_purged":["Shame"],"score":504,"play_id":"3c1468ce-cf6d-4117-848c-4b72ce5520fc","local_time":"20210216112444","is_ascension_mode":false,"campfire_choices":[{"data":"Death_March_Dance","floor":7.0,"key":"SMITH"},{"data":"Summon_Lich","floor":15,"key":"SMITH"},{"data":"Summon_Undead_Army","floor":23,"key":"SMITH"},{"data":"Summon_Undead_Army","floor":30,"key":"SMITH"},{"data":"Bone_Armory","floor":32,"key":"SMITH"},{"data":"Summon_Lich","floor":41,"key":"SMITH"}],"circlet_count":0,"master_deck":["Strike_W","Strike_W","Strike_W","Strike_W","Defend_W","Defend_W","Defend_W","Defend_W","Negative_Energy_Arrows","Bone_Wall","Negative_Energy_Sphere","Blood_Curse","Shackles_Of_Pain","Negative_Energy_Arrows","Plague_Bolt","Summon_Lich+1","Bone_Armory+1","Death_March_Dance+1","Siphon_Strength","Negative_Energy_Mist","Skeleton_Dragon","Negative_Energy_Javelin","Requiem","Death_Knell","Toxic_Smoke_Screen","Summon_Undead_Army+1","Negative_Energy_Burst","Negative_Energy_Sphere","Summon_Undead_Army+1","Summon_Lich+1","Summon_Death_Knight","Life_Drain+1","Blood_Shield"],"relics":["Vampire_Amulet","reliquary:NewFriend","MealTicket","reliquary:TatteredRug","Boot","Odd Mushroom","Coffee Dripper","Unceasing Top","Gambling Chip","reliquary:Sideboard","Orichalcum","reliquary:KinkedSpring","ClockworkSouvenir","Strawberry"],"acts_visited":["Exordium","TheCity","TheBeyond"],"potions_floor_usage":[12,18,40,42],"damage_taken":[{"damage":0.0,"enemies":"2 Louse","floor":1.0,"turns":2.0},{"damage":0.0,"enemies":"Cultist","floor":3.0,"turns":3.0},{"damage":0.0,"enemies":"Small Slimes","floor":4.0,"turns":3.0},{"damage":4.0,"enemies":"Exordium Wildlife","floor":5.0,"turns":3.0},{"damage":14.0,"enemies":"HollowMod:MossKnight","floor":6.0,"turns":10.0},{"damage":0.0,"enemies":"Large Slime","floor":10.0,"turns":6.0},{"damage":11.0,"enemies":"Lots of Slimes","floor":11.0,"turns":3.0},{"damage":28,"enemies":"3 Sentries","floor":12,"turns":5},{"damage":22,"enemies":"The Mushroom Lair","floor":13,"turns":3},{"damage":44,"enemies":"Hexaghost","floor":16,"turns":9},{"damage":16,"enemies":"Spheric Guardian","floor":18,"turns":6},{"damage":35,"enemies":"Book of Stabbing","floor":24,"turns":6},{"damage":3,"enemies":"Snake Plant","floor":27,"turns":4},{"damage":14,"enemies":"3 Cultists","floor":28,"turns":4},{"damage":5,"enemies":"Cultist and Chosen","floor":29,"turns":4},{"damage":26,"enemies":"Champ","floor":33,"turns":10},{"damage":5,"enemies":"Orb Walker","floor":35,"turns":4},{"damage":0,"enemies":"3 Shapes","floor":37,"turns":4},{"damage":52,"enemies":"HollowMod:StalkingDevout","floor":40,"turns":7},{"damage":56,"enemies":"Giant Head","floor":42,"turns":8}],"seed_played":"-4534250271454952103","potions_obtained":[{"floor":4.0,"key":"EssenceOfSteel"},{"floor":5.0,"key":"Regen Potion"},{"floor":6.0,"key":"AttackPotion"},{"floor":10.0,"key":"Energy Potion"},{"floor":12,"key":"SneckoOil"},{"floor":24,"key":"Explosive Potion"},{"floor":28,"key":"SteroidPotion"},{"floor":35,"key":"DuplicationPotion"}],"is_trial":false,"path_per_floor":["M","?","M","M","M","E","R","?","T","M","M","E","?","?","R","B",null,"M","$","?","$","?","R","E","?","T","M","M","M","R","$","R","B",null,"M","?","M","?","$","E","R","E"],"character_chosen":"NECROMANCER","items_purchased":["Toxic_Smoke_Screen","Unceasing Top","Summon_Undead_Army","Summon_Lich","ClockworkSouvenir"],"campfire_rested":0,"item_purchase_floors":[19,19,19,31,39],"current_hp_per_floor":[75,75,75,75,75,67,67,55,55,59,58,48,32,85,85,43,85,71,85,85,85,85,85,52,52,52,51,43,42,42,57,57,33,85,82,82,85,85,85,46,46,0,0],"gold":211,"neow_bonus":"THREE_CARDS","is_daily":false,"chose_seed":false,"campfire_upgraded":6,"win_rate":0.0,"timestamp":1613471084,"path_taken":["M","?","M","?","M","E","R","?","T","M","M","E","?","?","R","BOSS","M","?","?","$","?","R","E","?","T","M","M","M","R","$","R","BOSS","M","?","M","?","$","E","R","E"],"items_purchased_type":["Card","Relic","Card","Card","Relic"],"build_version":"2020-12-13","purchased_purges":1,"victory":false,"max_hp_per_floor":[75,75,75,75,75,75,75,75,75,75,75,75,75,85,85,85,85,85,85,85,85,85,85,85,85,85,85,85,85,85,85,85,85,85,85,85,85,85,85,92,92,92,92],"card_choices":[{"not_picked":["Necromantic_Selection","Life_Drain"],"picked":"Negative_Energy_Sphere","floor":0.0},{"not_picked":["Bone_Spikes","Necrotic_Claws"],"picked":"Blood_Curse","floor":1.0},{"not_picked":["Death_Coil","Shackles_Of_Pain"],"picked":"Plague_Bolt","floor":3.0},{"not_picked":["Negative_Energy_Shield","Chill_Blood"],"picked":"Summon_Lich","floor":4.0},{"not_picked":["Spectral_Walk","Bone_Spikes"],"picked":"Bone_Armory","floor":5.0},{"not_picked":["Plague_Bolt","Blood_Is_Power"],"picked":"Death_March_Dance","floor":6.0},{"not_picked":["Shackles_Of_Pain","Finger_Of_Death"],"picked":"Siphon_Strength","floor":10.0},{"not_picked":["Toxic_Smoke_Screen","Bone_Armor"],"picked":"Negative_Energy_Mist","floor":11},{"not_picked":["Siphon_Strength","Acid_Javelin"],"picked":"Skeleton_Dragon","floor":12},{"not_picked":["Bone_Armor","Exploit"],"picked":"Negative_Energy_Javelin","floor":13},{"not_picked":["Blood_Magic","Detonate_Bones"],"picked":"Requiem","floor":16},{"not_picked":["Chill_Blood","Bone_Spikes"],"picked":"Death_Knell","floor":18},{"not_picked":["Vampiric_Strike","Death_Knell"],"picked":"Negative_Energy_Sphere","floor":24},{"not_picked":["Death_Knell","Shackles_Of_Pain"],"picked":"Negative_Energy_Burst","floor":27},{"not_picked":["Blood_Curse","Chill_Blood+1"],"picked":"Plague_Bolt","floor":28},{"not_picked":["Violent_Necrosis+1","Exploit"],"picked":"Summon_Undead_Army","floor":29},{"not_picked":["Blood_Wake","Skeleton_Dragon"],"picked":"Summon_Death_Knight","floor":33},{"not_picked":["Exploit+1","Chill_Blood"],"picked":"Corrupt","floor":35},{"not_picked":["Negative_Energy_Sphere+1","Shackles_Of_Pain"],"picked":"Life_Drain+1","floor":37},{"not_picked":["Blood_Whip","Negative_Energy_Javelin+1"],"picked":"Blood_Shield","floor":40}],"player_experience":26540,"relics_obtained":[{"floor":6.0,"key":"reliquary:NewFriend"},{"floor":9.0,"key":"reliquary:TatteredRug"},{"floor":12,"key":"Boot"},{"floor":13,"key":"Odd Mushroom"},{"floor":24,"key":"reliquary:Sideboard"},{"floor":26,"key":"Orichalcum"},{"floor":40,"key":"Strawberry"}],"event_choices":[{"damage_healed":0.0,"max_hp_gain":0.0,"max_hp_loss":0.0,"gold_gain":0.0,"event_name":"Match and Keep!","player_choice":"3 cards matched","floor":2.0,"gold_loss":0.0,"damage_taken":0.0,"cards_obtained":["Shackles_Of_Pain","Negative_Energy_Arrows","Requiem"]},{"damage_healed":0.0,"max_hp_gain":0.0,"max_hp_loss":0.0,"gold_gain":0.0,"event_name":"Scrap Ooze","player_choice":"Success","floor":8.0,"gold_loss":0.0,"damage_taken":12.0,"relics_obtained":["MealTicket"]},{"damage_healed":0,"gold_gain":0,"player_choice":"Fought Mushrooms","damage_taken":0,"max_hp_gain":0,"max_hp_loss":0,"event_name":"Mushrooms","floor":13,"gold_loss":0},{"cards_removed":["Requiem"],"damage_healed":43,"gold_gain":0,"player_choice":"Offered Rare","damage_taken":0,"max_hp_gain":10,"max_hp_loss":0,"event_name":"Bonfire Elementals","floor":14,"gold_loss":0},{"damage_healed":0,"gold_gain":0,"player_choice":"Stole Relic","damage_taken":0,"relics_obtained":["Gambling Chip"],"max_hp_gain":0,"max_hp_loss":0,"event_name":"Addict","floor":20,"gold_loss":0,"cards_obtained":["Shame"]},{"damage_healed":0,"gold_gain":99,"player_choice":"Stole From Cult","damage_taken":0,"max_hp_gain":0,"max_hp_loss":0,"event_name":"Nest","floor":22,"gold_loss":0},{"damage_healed":0,"gold_gain":0,"player_choice":"Ignored","damage_taken":0,"max_hp_gain":0,"max_hp_loss":0,"event_name":"Vampires","floor":25,"gold_loss":0},{"damage_healed":0,"gold_gain":0,"player_choice":"Ignored","damage_taken":0,"max_hp_gain":0,"max_hp_loss":0,"event_name":"Tomb of Lord Red Mask","floor":36,"gold_loss":0},{"damage_healed":0,"gold_gain":0,"player_choice":"Memory 1","damage_taken":0,"max_hp_gain":0,"max_hp_loss":0,"event_name":"SensoryStone","floor":38,"gold_loss":0}],"is_beta":false,"boss_relics":[{"not_picked":["Velvet Choker","reliquary:WritOfMandamus"],"picked":"Coffee Dripper"},{"not_picked":["Cursed Key","Calling Bell"],"picked":"reliquary:KinkedSpring"}],"items_purged_floors":[21],"is_endless":false,"potions_floor_spawned":[4,5,6,10,12,24,28,29,35,37],"killed_by":"Giant Head","ascension_level":0}}