{"host":"4gr5irrdjh39ysed","time":1613497865,"event":{"mods":["AchievementEnabler","BaseMod","Colored Map","Downfall","Hermit","Minty Spire (QoL Compilation)","Random Character Button","StSLib","The Construct","The Cursed","The Disciple","The Hierophant","The Mystic","The Necromancer","The Runesmith"],"gold_per_floor":[109,125,139,64,64,64,92,104,185,185,185,219,232,307,307,412,412,429,442,453,368,293,293,325,45,45,45,45,72,72,86,86,184,184,204,33,33,52,52,52,86,103,156,156,170,92,92,108,108,108,108,108,36,71,71],"floor_reached":56,"language":"ENG","playtime":2741,"items_purged":["Defend_P","Defend_P","downfall:Bewildered"],"score":1617,"play_id":"ec93f60d-0f26-42ad-8f02-5bf25db08753","local_time":"20210216105105","is_ascension_mode":true,"campfire_choices":[{"floor":6,"key":"RECALL"},{"data":"Fasting2","floor":10,"key":"SMITH"},{"data":"DevaForm","floor":15,"key":"SMITH"},{"data":"ConjureBlade","floor":23,"key":"SMITH"},{"data":"MasterReality","floor":30,"key":"SMITH"},{"data":"Brilliance","floor":32,"key":"SMITH"},{"data":"Madness","floor":40,"key":"SMITH"},{"data":"Brilliance","floor":44,"key":"SMITH"},{"data":"ReachHeaven","floor":49,"key":"SMITH"},{"data":"Fasting2","floor":52,"key":"SMITH"}],"circlet_count":0,"master_deck":["Strike_P","Strike_P","Strike_P","Strike_P","Vigilance","EmptyMind","Fasting2+1","Conclude","CrushJoints","Fasting2+1","DevaForm+1","Collect","Consecrate","ConjureBlade+1","EmptyFist","Consecrate","Prostrate","Weave","Brilliance+1","WindmillStrike","MasterReality+1","CrushJoints+1","Brilliance+1","FollowUp+1","Prostrate","Madness+1","Madness","WreathOfFlame+1","FollowUp","ReachHeaven+1","Dramatic Entrance","Secret Weapon","SashWhip+1","BattleHymn"],"relics":["PureWater","Vajra","TungstenRod","Mercury Hourglass","Happy Flower","Coffee Dripper","Strawberry","Letter Opener","Gremlin Horn","sneckomod:BabySnecko","Damaru","expansioncontent:StudyCardRelic","Bag of Marbles","Pear"],"acts_visited":["Exordium","TheCity","TheBeyond","TheEnding"],"potions_floor_usage":[7,12,16,24,31,33,42,54,55],"damage_taken":[{"damage":4,"enemies":"Jaw Worm","floor":1,"turns":2},{"damage":7,"enemies":"Cultist","floor":2,"turns":3},{"damage":16,"enemies":"2 Louse","floor":3,"turns":2},{"damage":47,"enemies":"3 Sentries","floor":7,"turns":8},{"damage":0,"enemies":"Exordium Wildlife","floor":8,"turns":3},{"damage":38,"enemies":"Lagavulin","floor":12,"turns":5},{"damage":5,"enemies":"2 Fungi Beasts","floor":13,"turns":3},{"damage":984,"enemies":"Hexaghost","floor":16,"turns":6},{"damage":40,"enemies":"2 Thieves","floor":18,"turns":3},{"damage":16,"enemies":"Chosen","floor":19,"turns":4},{"damage":14,"enemies":"3 Cultists","floor":20,"turns":4},{"damage":49,"enemies":"Book of Stabbing","floor":24,"turns":4},{"damage":19,"enemies":"Gremlin Leader","floor":29,"turns":5},{"damage":22,"enemies":"Sentry and Sphere","floor":31,"turns":4},{"damage":38,"enemies":"Collector","floor":33,"turns":5},{"damage":77,"enemies":"3 Darklings","floor":35,"turns":4},{"damage":21,"enemies":"3 Shapes","floor":38,"turns":2},{"damage":44,"enemies":"Giant Head","floor":41,"turns":6},{"damage":0,"enemies":"3 Darklings","floor":42,"turns":2},{"damage":51,"enemies":"Writhing Mass","floor":45,"turns":4},{"damage":48,"enemies":"Sphere and 2 Shapes","floor":48,"turns":3},{"damage":193,"enemies":"Time Eater","floor":50,"turns":11},{"damage":91,"enemies":"Shield and Spear","floor":54,"turns":5},{"damage":94,"enemies":"The Heart","floor":55,"turns":8}],"seed_played":"-6967157137754524473","potions_obtained":[{"floor":1,"key":"SkillPotion"},{"floor":5,"key":"PowerPotion"},{"floor":5,"key":"LiquidMemories"},{"floor":7,"key":"ColorlessPotion"},{"floor":12,"key":"SteroidPotion"},{"floor":20,"key":"BlessingOfTheForge"},{"floor":24,"key":"sneckomod:MuddlingPotion"},{"floor":31,"key":"Energy Potion"},{"floor":41,"key":"sneckomod:MuddlingPotion"},{"floor":45,"key":"Ancient Potion"}],"is_trial":false,"path_per_floor":["M","M","M","$","?","R","E","M","T","R","?","E","M","?","R","B",null,"M","M","M","?","?","R","E","$","T","?","$","E","R","M","R","B",null,"M","$","?","M","?","R","E","M","T","R","M","$","?","M","R","B",null,"R","$","E","B",null],"character_chosen":"WATCHER","items_purchased":["Brilliance","WindmillStrike","Prostrate","ReachHeaven","BattleHymn"],"campfire_rested":0,"item_purchase_floors":[25,25,36,46,53],"current_hp_per_floor":[2061,2054,2038,2038,2038,2038,1991,1991,1991,1991,1991,1953,1948,1938,1938,954,1793,1753,1737,1723,1730,1730,1730,1681,1681,1681,1681,1681,1662,1662,1640,1640,1602,1960,1883,1883,1624,1603,1603,1603,1559,1559,1559,1559,1508,1508,1504,1456,1456,1263,1875,1875,1875,1794,1700],"gold":71,"neow_bonus":"RANDOM_COMMON_RELIC","is_daily":false,"chose_seed":false,"campfire_upgraded":9,"win_rate":0.0,"timestamp":1613497865,"path_taken":["M","M","M","$","?","R","E","?","T","R","?","E","?","?","R","BOSS","M","M","M","?","?","R","E","$","T","?","$","E","R","M","R","BOSS","M","$","?","M","?","R","E","?","T","R","M","?","?","M","R","BOSS","R","$","E","BOSS"],"items_purchased_type":["Card","Card","Card","Card","Card"],"build_version":"2020-12-22","purchased_purges":3,"victory":true,"max_hp_per_floor":[2072,2072,2072,2072,2072,2072,2072,2072,2072,2072,2072,2072,2072,2072,2072,2072,2072,2072,2072,2072,2079,2079,2079,2079,2079,2079,2079,2079,2079,2079,2079,2079,2079,2079,2079,2079,2079,2079,2079,2079,2079,2079,2079,2079,2079,2079,2079,2079,2079,2079,2079,2079,2079,2089,2089],"card_choices":[{"not_picked":["CrushJoints","SashWhip"],"picked":"EmptyMind","floor":1},{"not_picked":["FearNoEvil","Protect"],"picked":"Fasting2","floor":2},{"not_picked":["TalkToTheHand","Halt"],"picked":"Conclude","floor":3},{"not_picked":["Study","Halt"],"picked":"CrushJoints","floor":7},{"not_picked":["EmptyBody","Protect"],"picked":"Fasting2","floor":8},{"not_picked":["Meditate","Conclude"],"picked":"Collect","floor":12},{"not_picked":["Worship","CrushJoints"],"picked":"Consecrate","floor":13},{"not_picked":["Vault","LessonLearned"],"picked":"ConjureBlade","floor":16},{"not_picked":["Perseverance","JustLucky"],"picked":"EmptyFist","floor":18},{"not_picked":["ClearTheMind+1","Wireheading"],"picked":"Consecrate","floor":19},{"not_picked":["Halt","BowlingBash"],"picked":"Prostrate","floor":20},{"not_picked":["CrushJoints","EmptyMind+1"],"picked":"Weave","floor":24},{"not_picked":["Adaptation+1","Perseverance"],"picked":"MasterReality","floor":29},{"not_picked":["MentalFortress+1","FearNoEvil"],"picked":"CrushJoints+1","floor":31},{"not_picked":["SpiritShield","Wish"],"picked":"Brilliance","floor":33},{"not_picked":["ClearTheMind+1","JustLucky"],"picked":"FollowUp+1","floor":35},{"not_picked":["Prostrate+1","Study"],"picked":"WreathOfFlame+1","floor":38},{"not_picked":["Halt+1","WindmillStrike+1"],"picked":"FollowUp","floor":41},{"not_picked":["ClearTheMind+1","DeceiveReality+1","Adaptation"],"picked":"SKIP","floor":42},{"not_picked":["Evaluate+1","WaveOfTheHand","EmptyFist"],"picked":"SKIP","floor":45},{"not_picked":["Deep Breath","Blind"],"picked":"Dramatic Entrance","floor":47},{"not_picked":["Secret Technique","Bandage Up"],"picked":"Secret Weapon","floor":47},{"not_picked":["MentalFortress","Evaluate"],"picked":"SashWhip+1","floor":48},{"not_picked":["FlyingSleeves+1","Wireheading+1","CrushJoints"],"picked":"SKIP","floor":54}],"player_experience":369345,"relics_obtained":[{"floor":7,"key":"TungstenRod"},{"floor":9,"key":"Mercury Hourglass"},{"floor":12,"key":"Happy Flower"},{"floor":24,"key":"Letter Opener"},{"floor":26,"key":"Gremlin Horn"},{"floor":29,"key":"Damaru"},{"floor":41,"key":"Bag of Marbles"},{"floor":54,"key":"Pear"}],"event_choices":[{"damage_healed":0,"gold_gain":0,"player_choice":"Got Potions","damage_taken":0,"max_hp_gain":0,"max_hp_loss":0,"event_name":"Lab","floor":5,"gold_loss":0},{"damage_healed":0,"gold_gain":0,"cards_transformed":["Defend_P"],"player_choice":"Transformed","damage_taken":0,"max_hp_gain":0,"max_hp_loss":0,"event_name":"Transmorgrifier","floor":11,"gold_loss":0,"cards_obtained":["DevaForm"]},{"damage_healed":0,"gold_gain":75,"player_choice":"Gather Gold","damage_taken":11,"max_hp_gain":0,"max_hp_loss":0,"event_name":"World of Goop","floor":14,"gold_loss":0},{"damage_healed":0,"gold_gain":0,"player_choice":"Obtained Relic","damage_taken":0,"relics_obtained":["Strawberry"],"max_hp_gain":0,"max_hp_loss":0,"event_name":"Addict","floor":21,"gold_loss":85},{"cards_removed":["Defend_P"],"damage_healed":0,"gold_gain":0,"player_choice":"Gave Gold","damage_taken":0,"max_hp_gain":0,"max_hp_loss":0,"event_name":"Beggar","floor":22,"gold_loss":75},{"damage_healed":0,"gold_gain":0,"player_choice":"Embrace Madness","damage_taken":260,"max_hp_gain":0,"max_hp_loss":0,"event_name":"Winding Halls","floor":37,"gold_loss":0,"cards_obtained":["Madness","Madness"]},{"cards_removed":["Eruption"],"damage_healed":0,"gold_gain":0,"player_choice":"Removed Attack","damage_taken":0,"max_hp_gain":0,"max_hp_loss":0,"event_name":"Falling","floor":39,"gold_loss":0},{"damage_healed":0,"gold_gain":0,"player_choice":"Memory 2","damage_taken":5,"max_hp_gain":0,"max_hp_loss":0,"event_name":"SensoryStone","floor":47,"gold_loss":0}],"is_beta":false,"boss_relics":[{"not_picked":["HolyWater","Astrolabe"],"picked":"Coffee Dripper"},{"not_picked":["Busted Crown","Tiny House"],"picked":"expansioncontent:StudyCardRelic"}],"items_purged_floors":[4,25,36],"is_endless":false,"potions_floor_spawned":[1,7,8,12,13,20,24,31,41,45],"ascension_level":8}}