{"host":"9d9dhukr2jywmy0f","time":1613485423,"event":{"mods":["2.2 Compatiblity","Alarm Clock","BaseMod","Bestiary","Block Reminder","Colored Map","Colored Powertips","Curses Come First","DeckTracker","Highlight Path","Key Reminder","Minty Spire (QoL Compilation)","Quick Restart","Rare Cards Sparkle","Relic Sorter","Relic Stats","Reliquary","StSLib","SuperFastMode","Synergy Search","Unceasing Turn Reminder","Unknown Chances"],"gold_per_floor":[119,119,119,131,131,157,157,173,173,185,185,214,214,236,236,313,313,340,340,265,285,22,22,22],"floor_reached":23,"language":"ZHS","playtime":834,"items_purged":["Defend_P","Defend_P"],"score":548,"play_id":"31ced977-90c6-4d48-8bc8-3d853fdf33eb","local_time":"20210216222343","is_ascension_mode":true,"campfire_choices":[{"data":"BowlingBash","floor":11.0,"key":"SMITH"},{"floor":13.0,"key":"REST"},{"floor":15.0,"key":"RECALL"}],"circlet_count":0,"master_deck":["AscendersBane","Strike_P","Strike_P","Strike_P","Strike_P","Defend_P+1","Eruption+1","Vigilance","ClearTheMind","BowlingBash+1","Indignation","CutThroughFate+1","Study+1"],"relics":["PureWater","NeowsBlessing","reliquary:TridentHead","InkBottle","CeramicFish","keyreminder:keyreminder","VioletLotus","PreservedInsect"],"acts_visited":["Exordium","TheCity"],"potions_floor_usage":[23,23],"damage_taken":[{"damage":0.0,"enemies":"Cultist","floor":1.0,"turns":1.0},{"damage":0.0,"enemies":"Jaw Worm","floor":4.0,"turns":1.0},{"damage":0.0,"enemies":"Lagavulin","floor":6.0,"turns":1.0},{"damage":0.0,"enemies":"Small Slimes","floor":8.0,"turns":2.0},{"damage":0.0,"enemies":"2 Fungi Beasts","floor":10.0,"turns":1.0},{"damage":36.0,"enemies":"Gremlin Nob","floor":12.0,"turns":4.0},{"damage":0.0,"enemies":"Blue Slaver","floor":14.0,"turns":2.0},{"damage":0.0,"enemies":"Slime Boss","floor":16.0,"turns":5.0},{"damage":17.0,"enemies":"Spheric Guardian","floor":18.0,"turns":4.0},{"damage":16.0,"enemies":"Shell Parasite","floor":21.0,"turns":3.0},{"damage":16,"enemies":"Book of Stabbing","floor":23,"turns":2}],"seed_played":"2636656458364808158","potions_obtained":[{"floor":1.0,"key":"Explosive Potion"},{"floor":8.0,"key":"StancePotion"},{"floor":12.0,"key":"GamblersBrew"},{"floor":18.0,"key":"GamblersBrew"},{"floor":21.0,"key":"SkillPotion"}],"is_trial":false,"path_per_floor":["M","?","?","M","?","E","?","M","T","M","R","E","R","M","R","B",null,"M","?","$","M","$","E"],"character_chosen":"WATCHER","items_purchased":["PreservedInsect"],"campfire_rested":1,"item_purchase_floors":[22],"current_hp_per_floor":[61,61,54,54,34,34,39,39,39,39,39,3,24,24,24,24,61,44,44,44,28,28,12,12],"gold":22,"neow_bonus":"THREE_ENEMY_KILL","is_daily":false,"chose_seed":false,"campfire_upgraded":1,"win_rate":0.0,"timestamp":1613485423,"path_taken":["M","?","?","M","?","E","?","?","T","M","R","E","R","M","R","BOSS","M","?","$","M","?","E"],"items_purchased_type":["Relic"],"build_version":"2020-12-22","purchased_purges":2,"victory":false,"max_hp_per_floor":[68,68,68,68,68,68,73,73,73,73,73,73,73,73,73,73,73,73,73,73,73,73,73,73],"relic_stats":{"counters":[11,26],"CeramicFish":27,"VioletLotus":[4],"PreservedInsect":54,"obtain_stats":[{"keyreminder:keyreminder":15,"reliquary:TridentHead":6,"NeowsBlessing":0,"CeramicFish":12,"VioletLotus":17,"PreservedInsect":22,"PureWater":0,"InkBottle":9},{"keyreminder:keyreminder":7,"reliquary:TridentHead":3,"NeowsBlessing":0,"CeramicFish":6,"VioletLotus":8,"PreservedInsect":10,"PureWater":0,"InkBottle":4},{"keyreminder:keyreminder":12,"reliquary:TridentHead":3,"NeowsBlessing":0,"CeramicFish":10,"VioletLotus":17,"PreservedInsect":24,"PureWater":0,"InkBottle":5}],"InkBottle":[6]},"card_choices":[{"not_picked":["JustLucky","FollowUp"],"picked":"ClearTheMind","floor":1.0},{"not_picked":["Consecrate","WheelKick","EmptyBody"],"picked":"SKIP","floor":4.0},{"not_picked":["FlyingSleeves","EmptyFist"],"picked":"BowlingBash","floor":6.0},{"not_picked":["Perseverance","Evaluate","DeceiveReality"],"picked":"SKIP","floor":8.0},{"not_picked":["SashWhip","SandsOfTime","ThirdEye"],"picked":"SKIP","floor":10.0},{"not_picked":["BowlingBash","ConjureBlade","EmptyFist"],"picked":"SKIP","floor":12.0},{"not_picked":["WheelKick","CutThroughFate"],"picked":"Indignation","floor":14.0},{"not_picked":["Protect","Conclude"],"picked":"CutThroughFate+1","floor":18.0},{"not_picked":["Halt","Indignation"],"picked":"Study+1","floor":21.0}],"player_experience":895705,"relics_obtained":[{"floor":6.0,"key":"reliquary:TridentHead"},{"floor":9.0,"key":"InkBottle"},{"floor":12.0,"key":"CeramicFish"}],"event_choices":[{"damage_healed":0.0,"max_hp_gain":0.0,"max_hp_loss":0.0,"gold_gain":0.0,"event_name":"Liars Game","player_choice":"Ignored","floor":2.0,"gold_loss":0.0,"damage_taken":0.0},{"cards_removed":["Defend_P"],"damage_healed":0.0,"max_hp_gain":0.0,"max_hp_loss":0.0,"gold_gain":0.0,"event_name":"Golden Wing","player_choice":"Card Removal","floor":3.0,"gold_loss":0.0,"damage_taken":7.0},{"damage_healed":0.0,"max_hp_gain":0.0,"max_hp_loss":0.0,"gold_gain":0.0,"event_name":"Shining Light","player_choice":"Entered Light","floor":5.0,"gold_loss":0.0,"damage_taken":20.0,"cards_upgraded":["Eruption","Defend_P"]},{"damage_healed":0.0,"max_hp_gain":5.0,"max_hp_loss":0.0,"gold_gain":0.0,"event_name":"Big Fish","player_choice":"Donut","floor":7.0,"gold_loss":0.0,"damage_taken":0.0},{"damage_healed":0.0,"max_hp_gain":0.0,"max_hp_loss":0.0,"gold_gain":0.0,"event_name":"Match and Keep!","player_choice":"0 cards matched","floor":19.0,"gold_loss":0.0,"damage_taken":0.0,"cards_obtained":[]}],"is_beta":false,"boss_relics":[{"not_picked":["reliquary:WritOfMandamus","Pandora\u0027s Box"],"picked":"VioletLotus"}],"items_purged_floors":[20,22],"is_endless":false,"potions_floor_spawned":[1,8,12,18,21],"killed_by":"Book of Stabbing","ascension_level":20}}