{"host":"6a9c3xws62y7efyw","time":1613461299,"event":{"mods":["BaseMod","Colored Map","Minty Spire (QoL Compilation)","Relic Stats","StSLib"],"gold_per_floor":[118,137,155,173,8,36,36,36,60,80,107,117,133,152,152,231,231,242,81,107,122,122,149,149,149,149,17,117,133,145,178,178,253,253,267,98,110,23,33,64,64,91,114,158,220,262,271,296,296,296,296,296,296,13,55,55,55],"floor_reached":56,"language":"ENG","playtime":3687,"items_purged":["Pain"],"score":2484,"play_id":"7bd74c86-802b-4c03-932a-4c9b00476396","local_time":"20210215234139","is_ascension_mode":true,"campfire_choices":[{"data":"All Out Attack","floor":7.0,"key":"SMITH"},{"floor":15.0,"key":"REST"},{"data":"Blade Dance","floor":24.0,"key":"SMITH"},{"floor":32.0,"key":"REST"},{"data":"Cloak And Dagger","floor":41.0,"key":"SMITH"},{"floor":49.0,"key":"RECALL"},{"data":"A Thousand Cuts","floor":53.0,"key":"SMITH"}],"circlet_count":0,"master_deck":["AscendersBane","Strike_G","Strike_G+1","Strike_G","Defend_G","Defend_G","Defend_G","Defend_G","Survivor","Neutralize","Dash+1","Calculated Gamble","All Out Attack+1","Flying Knee","Backstab","Bullet Time","Infinite Blades","Blade Dance+1","Cloak And Dagger+1","Glass Knife","Die Die Die","Quick Slash","Reflex","Glass Knife","Acrobatics","Dash+1","Acrobatics+1","Malaise","Corpse Explosion","Accuracy+1","Deadly Poison+1","Doubt","Cloak And Dagger","Predator","A Thousand Cuts+1","Accuracy","Crippling Poison","Well Laid Plans","Dash"],"relics":["Ring of the Snake","Membership Card","Boot","FaceOfCleric","Whetstone","Ancient Tea Set","Cursed Key","ClockworkSouvenir","Pen Nib","Red Mask","Enchiridion","Pantograph","Mummified Hand","Frozen Eye","Tough Bandages","Sundial","Regal Pillow","Black Star","FossilizedHelix","Sling","Snake Skull","Pear","Mercury Hourglass","Ornamental Fan","CeramicFish","Bottled Lightning","Pocketwatch","Vajra","White Beast Statue","Lizard Tail","Oddly Smooth Stone","Letter Opener","Mango"],"acts_visited":["Exordium","TheCity","TheBeyond","TheEnding"],"potions_floor_usage":[56],"damage_taken":[{"damage":3.0,"enemies":"Cultist","floor":1.0,"turns":4.0},{"damage":0.0,"enemies":"Small Slimes","floor":2.0,"turns":3.0},{"damage":2.0,"enemies":"Jaw Worm","floor":3.0,"turns":3.0},{"damage":4.0,"enemies":"3 Louse","floor":4.0,"turns":4.0},{"damage":17.0,"enemies":"Lagavulin","floor":6.0,"turns":7.0},{"damage":0.0,"enemies":"2 Fungi Beasts","floor":10.0,"turns":3.0},{"damage":5.0,"enemies":"3 Sentries","floor":11.0,"turns":4.0},{"damage":13.0,"enemies":"Exordium Wildlife","floor":12.0,"turns":4.0},{"damage":0.0,"enemies":"Red Slaver","floor":13.0,"turns":3.0},{"damage":0.0,"enemies":"Looter","floor":14.0,"turns":3.0},{"damage":18.0,"enemies":"Hexaghost","floor":16.0,"turns":9.0},{"damage":2.0,"enemies":"Chosen","floor":18.0,"turns":5.0},{"damage":0.0,"enemies":"Masked Bandits","floor":20.0,"turns":2.0},{"damage":0.0,"enemies":"Spheric Guardian","floor":21.0,"turns":3.0},{"damage":14.0,"enemies":"Slavers","floor":23.0,"turns":2.0},{"damage":0.0,"enemies":"Colosseum Slavers","floor":28.0,"turns":2.0},{"damage":0.0,"enemies":"Colosseum Nobs","floor":28.0,"turns":3.0},{"damage":0.0,"enemies":"Snecko","floor":29.0,"turns":3.0},{"damage":0.0,"enemies":"Centurion and Healer","floor":30.0,"turns":3.0},{"damage":0.0,"enemies":"Gremlin Leader","floor":31.0,"turns":3.0},{"damage":32.0,"enemies":"Automaton","floor":33.0,"turns":10.0},{"damage":3.0,"enemies":"3 Shapes","floor":35.0,"turns":4.0},{"damage":0.0,"enemies":"3 Darklings","floor":37.0,"turns":3.0},{"damage":0.0,"enemies":"4 Shapes","floor":39.0,"turns":1.0},{"damage":0.0,"enemies":"Nemesis","floor":40.0,"turns":5.0},{"damage":0.0,"enemies":"Reptomancer","floor":42.0,"turns":5.0},{"damage":5.0,"enemies":"Nemesis","floor":44.0,"turns":3.0},{"damage":0.0,"enemies":"2 Orb Walkers","floor":45.0,"turns":3.0},{"damage":0.0,"enemies":"Giant Head","floor":46.0,"turns":6.0},{"damage":34.0,"enemies":"Writhing Mass","floor":48.0,"turns":6.0},{"damage":74.0,"enemies":"Awakened One","floor":50.0,"turns":12.0},{"damage":0.0,"enemies":"Donu and Deca","floor":51.0,"turns":4.0},{"damage":46.0,"enemies":"Shield and Spear","floor":55.0,"turns":6.0},{"damage":202,"enemies":"The Heart","floor":56,"turns":9}],"seed_played":"-7532448309981384951","potions_obtained":[{"floor":1.0,"key":"EntropicBrew"},{"floor":2.0,"key":"Swift Potion"},{"floor":6.0,"key":"Explosive Potion"},{"floor":12.0,"key":"PowerPotion"},{"floor":16.0,"key":"DuplicationPotion"},{"floor":28.0,"key":"FairyPotion"},{"floor":33.0,"key":"Block Potion"},{"floor":39.0,"key":"SmokeBomb"},{"floor":40.0,"key":"SkillPotion"},{"floor":44.0,"key":"DuplicationPotion"},{"floor":48.0,"key":"GhostInAJar"},{"floor":55.0,"key":"EssenceOfSteel"}],"is_trial":false,"path_per_floor":["M","M","M","M","$","E","R","?","T","M","E","M","M","M","R","B",null,"M","$","?","M","?","E","R","?","T","$","?","M","M","E","R","B",null,"M","$","M","$","M","E","R","E","T","E","?","E","?","M","R","B","B",null,"R","$","E","B"],"character_chosen":"THE_SILENT","items_purchased":["Membership Card","ClockworkSouvenir","Pen Nib","Frozen Eye","Acrobatics","FossilizedHelix","Sling","Lizard Tail","Oddly Smooth Stone","Well Laid Plans"],"campfire_rested":2,"item_purchase_floors":[5,19,19,27,27,36,38,54,54,54],"current_hp_per_floor":[41,41,39,35,35,18,18,18,18,19,15,3,4,5,26,9,56,55,55,56,57,36,23,23,1,1,1,3,4,5,6,46,40,75,73,73,74,74,75,86,86,87,87,83,84,85,85,52,52,4,30,89,89,89,58,0,0],"gold":55,"neow_bonus":"TRANSFORM_TWO_CARDS","is_daily":false,"chose_seed":false,"campfire_upgraded":4,"win_rate":0.0,"timestamp":1613461299,"path_taken":["M","M","M","M","$","E","R","?","T","?","E","M","M","?","R","BOSS","M","$","?","M","?","E","R","?","T","$","?","M","M","E","R","BOSS","M","$","M","$","M","E","R","E","T","E","?","E","?","M","R","BOSS","BOSS","R","$","E","BOSS"],"items_purchased_type":["Relic","Relic","Relic","Relic","Card","Relic","Relic","Relic","Relic","Card"],"build_version":"2020-12-22","purchased_purges":1,"victory":false,"max_hp_per_floor":[66,66,66,66,66,66,66,66,66,67,68,69,70,71,71,72,72,73,73,74,75,75,76,76,81,81,81,83,84,85,86,86,87,87,88,88,89,89,90,101,101,102,102,103,104,105,105,106,106,107,108,108,108,108,123,123,123],"relic_stats":{"Regal Pillow":15,"counters":[34,150],"CeramicFish":63,"Pen Nib":[39],"Snake Skull":[20],"Whetstone":["Strike_G","Dash"],"Letter Opener":[15],"Boot":[208],"Cursed Key":2,"Mercury Hourglass":[167],"Tough Bandages":[285],"Lizard Tail":61,"FaceOfCleric":28,"Mummified Hand":[63],"Sundial":[6],"Ornamental Fan":[168],"Pantograph":100,"Black Star":5,"obtain_stats":[{"Regal Pillow":31,"CeramicFish":44,"Enchiridion":22,"Vajra":46,"Mango":55,"Snake Skull":40,"Whetstone":9,"Boot":6,"Ancient Tea Set":11,"Cursed Key":17,"Sling":38,"ClockworkSouvenir":19,"Frozen Eye":27,"Tough Bandages":28,"Lizard Tail":54,"FaceOfCleric":8,"Mummified Hand":26,"Sundial":28,"Pantograph":23,"Red Mask":20,"Ring of the Snake":0,"Pear":40,"Oddly Smooth Stone":54,"Pen Nib":19,"Letter Opener":55,"White Beast Statue":46,"Mercury Hourglass":42,"Ornamental Fan":42,"Black Star":34,"Membership Card":5,"Bottled Lightning":44,"FossilizedHelix":36,"Pocketwatch":45},{"Regal Pillow":20,"CeramicFish":27,"Enchiridion":14,"Vajra":29,"Mango":33,"Snake Skull":25,"Whetstone":5,"Boot":5,"Ancient Tea Set":7,"Cursed Key":11,"Sling":23,"ClockworkSouvenir":12,"Frozen Eye":15,"Tough Bandages":17,"Lizard Tail":32,"FaceOfCleric":5,"Mummified Hand":15,"Sundial":17,"Pantograph":15,"Red Mask":13,"Ring of the Snake":0,"Pear":25,"Oddly Smooth Stone":32,"Pen Nib":12,"Letter Opener":33,"White Beast Statue":29,"Mercury Hourglass":26,"Ornamental Fan":26,"Black Star":21,"Membership Card":4,"Bottled Lightning":27,"FossilizedHelix":22,"Pocketwatch":28},{"Regal Pillow":73,"CeramicFish":104,"Enchiridion":57,"Vajra":113,"Mango":141,"Snake Skull":96,"Whetstone":21,"Boot":21,"Ancient Tea Set":28,"Cursed Key":47,"Sling":90,"ClockworkSouvenir":52,"Frozen Eye":59,"Tough Bandages":64,"Lizard Tail":135,"FaceOfCleric":21,"Mummified Hand":59,"Sundial":64,"Pantograph":59,"Red Mask":54,"Ring of the Snake":0,"Pear":96,"Oddly Smooth Stone":135,"Pen Nib":52,"Letter Opener":141,"White Beast Statue":113,"Mercury Hourglass":101,"Ornamental Fan":101,"Black Star":83,"Membership Card":14,"Bottled Lightning":104,"FossilizedHelix":87,"Pocketwatch":107}],"Ring of the Snake":[68],"Pocketwatch":[21]},"card_choices":[{"not_picked":["Infinite Blades","Finisher"],"picked":"All Out Attack","floor":1.0},{"not_picked":["Sucker Punch","Prepared"],"picked":"Flying Knee","floor":2.0},{"not_picked":["Dodge and Roll","PiercingWail","Deflect"],"picked":"SKIP","floor":3.0},{"not_picked":["Sucker Punch","Accuracy"],"picked":"Backstab","floor":4.0},{"not_picked":["Backflip","Bane"],"picked":"Bullet Time","floor":6.0},{"not_picked":["Underhanded Strike","Quick Slash"],"picked":"Infinite Blades","floor":10.0},{"not_picked":["Venomology","Choke"],"picked":"Blade Dance","floor":11.0},{"not_picked":["Acrobatics","Underhanded Strike"],"picked":"Cloak And Dagger","floor":12.0},{"not_picked":["Concentrate","Deadly Poison"],"picked":"Glass Knife","floor":13.0},{"not_picked":["Slice","Deadly Poison","Dagger Spray"],"picked":"SKIP","floor":14.0},{"not_picked":["Storm of Steel","Bullet Time"],"picked":"Die Die Die","floor":16.0},{"not_picked":["Deadly Poison","Underhanded Strike","Deflect"],"picked":"SKIP","floor":18.0},{"not_picked":["Infinite Blades","Prepared"],"picked":"Quick Slash","floor":20.0},{"not_picked":["Heel Hook","Dagger Throw"],"picked":"Reflex","floor":21.0},{"not_picked":["Outmaneuver","Underhanded Strike"],"picked":"Glass Knife","floor":23.0},{"not_picked":["Quick Slash","Escape Plan"],"picked":"Dash+1","floor":28.0},{"not_picked":["Blade Dance","Slice"],"picked":"Acrobatics+1","floor":29.0},{"not_picked":["Terror","Dagger Throw"],"picked":"Malaise","floor":30.0},{"not_picked":["Reflex","Caltrops","Prepared"],"picked":"SKIP","floor":31.0},{"not_picked":["Malaise","Adrenaline"],"picked":"Corpse Explosion","floor":33.0},{"not_picked":["Blade Dance","Footwork"],"picked":"Accuracy+1","floor":35.0},{"not_picked":["Dagger Spray","Skewer"],"picked":"Deadly Poison+1","floor":37.0},{"not_picked":["Flying Knee","Backstab","Acrobatics"],"picked":"SKIP","floor":39.0},{"not_picked":["Choke","Calculated Gamble","Acrobatics"],"picked":"SKIP","floor":40.0},{"not_picked":["Dodge and Roll","Slice+1","PiercingWail"],"picked":"SKIP","floor":42.0},{"not_picked":["Prepared","Outmaneuver"],"picked":"Cloak And Dagger","floor":44.0},{"not_picked":["Cloak And Dagger","Flechettes"],"picked":"Predator","floor":45.0},{"not_picked":["Poisoned Stab+1","Backstab"],"picked":"A Thousand Cuts","floor":46.0},{"not_picked":["Acrobatics","Backflip"],"picked":"Crippling Poison","floor":48.0},{"not_picked":["Deflect","Poisoned Stab"],"picked":"Dash","floor":55.0}],"player_experience":1538123,"relics_obtained":[{"floor":6.0,"key":"Boot"},{"floor":9.0,"key":"Whetstone"},{"floor":11.0,"key":"Ancient Tea Set"},{"floor":20.0,"key":"Red Mask"},{"floor":22.0,"key":"Enchiridion"},{"floor":23.0,"key":"Pantograph"},{"floor":26.0,"key":"Mummified Hand"},{"floor":28.0,"key":"Tough Bandages"},{"floor":28.0,"key":"Sundial"},{"floor":31.0,"key":"Regal Pillow"},{"floor":40.0,"key":"Snake Skull"},{"floor":40.0,"key":"Pear"},{"floor":42.0,"key":"Mercury Hourglass"},{"floor":42.0,"key":"Ornamental Fan"},{"floor":44.0,"key":"CeramicFish"},{"floor":44.0,"key":"Bottled Lightning"},{"floor":45.0,"key":"Pocketwatch"},{"floor":46.0,"key":"Vajra"},{"floor":46.0,"key":"White Beast Statue"},{"floor":55.0,"key":"Letter Opener"},{"floor":55.0,"key":"Mango"}],"event_choices":[{"damage_healed":0.0,"max_hp_gain":0.0,"max_hp_loss":0.0,"gold_gain":0.0,"event_name":"FaceTrader","player_choice":"Trade","floor":8.0,"gold_loss":0.0,"damage_taken":0.0,"relics_obtained":["FaceOfCleric"]},{"damage_healed":0.0,"max_hp_gain":0.0,"max_hp_loss":0.0,"gold_gain":0.0,"event_name":"Masked Bandits","player_choice":"Fought Bandits","floor":20.0,"gold_loss":0.0,"damage_taken":0.0},{"damage_healed":0.0,"max_hp_gain":0.0,"max_hp_loss":0.0,"gold_gain":0.0,"event_name":"Cursed Tome","player_choice":"Obtained Book","floor":22.0,"gold_loss":0.0,"damage_taken":21.0},{"damage_healed":0.0,"max_hp_gain":5.0,"max_hp_loss":0.0,"gold_gain":0.0,"event_name":"Forgotten Altar","player_choice":"Shed Blood","floor":25.0,"gold_loss":0.0,"damage_taken":27.0},{"damage_healed":0.0,"max_hp_gain":0.0,"max_hp_loss":0.0,"gold_gain":0.0,"event_name":"Colosseum","player_choice":"Fight","floor":28.0,"gold_loss":0.0,"damage_taken":0.0},{"damage_healed":0.0,"max_hp_gain":0.0,"max_hp_loss":0.0,"gold_gain":0.0,"event_name":"Colosseum","player_choice":"Fought Nobs","floor":28.0,"gold_loss":0.0,"damage_taken":0.0},{"damage_healed":0.0,"max_hp_gain":0.0,"max_hp_loss":0.0,"gold_gain":0.0,"event_name":"Mysterious Sphere","player_choice":"Fight","floor":45.0,"gold_loss":0.0,"damage_taken":0.0},{"damage_healed":0.0,"max_hp_gain":0.0,"max_hp_loss":0.0,"gold_gain":0.0,"cards_transformed":["Strike_G"],"event_name":"Transmorgrifier","player_choice":"Transformed","floor":47.0,"gold_loss":0.0,"damage_taken":0.0,"cards_obtained":["Accuracy"]}],"is_beta":false,"boss_relics":[{"not_picked":["Calling Bell","Philosopher\u0027s Stone"],"picked":"Cursed Key"},{"not_picked":["Coffee Dripper","Tiny House"],"picked":"Black Star"}],"items_purged_floors":[27],"is_endless":false,"potions_floor_spawned":[1,2,6,12,14,16,28,28,29,33,35,39,40,44,48,55],"killed_by":"The Heart","ascension_level":20}}