{"host":"1eshbq9n813iloto","time":1613501442,"event":{"mods":["Astrologer","BaseMod","Better Third Choice","Hermit","Hubris","Infinite Spire","Minty Spire (QoL Compilation)","StSLib","The Cursed","TheBandit"],"gold_per_floor":[109,10,27,44,60,92,92,92,115,95,106,106,119,50,50,154,154,172,172,291,65,164,164,297,314,314,392,558,588,608,626,626,731,731,747,797,814,832,832,832,860,910,934,953,953,1017,1017,391,391,391],"floor_reached":51,"language":"ENG","playtime":4608,"items_purged":["TheCursedMod:Strike_TheCursed","TheCursedMod:RavingStaff+1","TheCursedMod:Defend_TheCursed","TheCursedMod:Defend_TheCursed"],"score":814,"play_id":"ab23ca65-4092-4fb8-86bf-43a83a0b0c21","local_time":"20210216135042","is_ascension_mode":false,"campfire_choices":[{"data":"TheCursedMod:CursedMace","floor":7,"key":"SMITH"},{"floor":12,"key":"REST"},{"data":"TheCursedMod:SmokeScreen","floor":15,"key":"SMITH"},{"data":"TheCursedMod:UltimatePain","floor":23,"key":"SMITH"},{"floor":32,"key":"REST"},{"data":"infinitespire:Collect","floor":40,"key":"SMITH"},{"data":"TheCursedMod:DarkBarrier","floor":45,"key":"SMITH"},{"data":"TheCursedMod:Grudge","floor":47,"key":"SMITH"},{"data":"TheCursedMod:Hemoplague","floor":49,"key":"SMITH"}],"circlet_count":0,"master_deck":["TheCursedMod:Defend_TheCursed","TheCursedMod:Defend_TheCursed","TheCursedMod:CursedWand","TheCursedMod:CleanUpWorkshop","TheCursedMod:Dregs","TheCursedMod:CursedBoomerang","TheCursedMod:CursedMace+1","TheCursedMod:ReleasedKnowledge","TheCursedMod:RapidMovement","TheCursedMod:SpitefulStrike","TheCursedMod:CursedBlade","TheCursedMod:SmokeScreen+1","TheCursedMod:StunningStrike","TheCursedMod:CircleOfAbyss+1","TheCursedMod:Obscuration+1","TheCursedMod:Torture+1","TheCursedMod:CircleOfCorruption","TheCursedMod:UltimatePain+1","TheCursedMod:Stigma","TheCursedMod:DarkBarrier+1","TheCursedMod:TroublousMinions+1","TheCursedMod:Stigma+1","TheCursedMod:CursedBoomerang+1","TheCursedMod:SpreadPlague+1","TheCursedMod:Grudge+1","TheCursedMod:UltimatePain","TheCursedMod:CursedBoomerang+1","TheCursedMod:AbyssShockwave+1","TheCursedMod:SoulCrush","TheCursedMod:LuckyCharm+1","infinitespire:Collect+1","TheCursedMod:FleshFromBone+1","TheCursedMod:Torture+1","TheCursedMod:DemonSword","TheCursedMod:Torture","TheCursedMod:Hemoplague+1"],"relics":["TheCursedMod:BlackMagic101","infinitespire:ShieldingShard","Happy Flower","Astrolabe","hubris:Icosahedron","Pen Nib","hubris:MobiusCoin","Bag of Preparation","Oddly Smooth Stone","hubris:HollowSoul","TheCursedMod:CrystalBall","Lee\u0027s Waffle","hubris:Stopwatch","TungstenRod","Nunchaku","Lizard Tail"],"acts_visited":["Exordium","TheCity","TheBeyond"],"potions_floor_usage":[6,16,24,24,27,28,33,37,50,50,50,50,50,50,50,50],"damage_taken":[{"damage":0,"enemies":"Cultist","floor":1,"turns":4},{"damage":1,"enemies":"Jaw Worm","floor":3,"turns":3},{"damage":0,"enemies":"2 Louse","floor":4,"turns":3},{"damage":2,"enemies":"Looter","floor":5,"turns":3},{"damage":21,"enemies":"Lagavulin","floor":6,"turns":7},{"damage":0,"enemies":"2 Fungi Beasts","floor":11,"turns":2},{"damage":2,"enemies":"Exordium Thugs","floor":13,"turns":4},{"damage":27,"enemies":"Hexaghost","floor":16,"turns":10},{"damage":6,"enemies":"Spheric Guardian","floor":18,"turns":5},{"damage":0,"enemies":"Chosen","floor":20,"turns":5},{"damage":50,"enemies":"Slavers","floor":24,"turns":7},{"damage":7,"enemies":"Snake Plant","floor":25,"turns":5},{"damage":1,"enemies":"Book of Stabbing","floor":27,"turns":5},{"damage":8,"enemies":"Centurion and Healer","floor":28,"turns":7},{"damage":39,"enemies":"Gremlin Leader","floor":29,"turns":6},{"damage":0,"enemies":"Shelled Parasite and Fungi","floor":30,"turns":4},{"damage":7,"enemies":"Snake Plant","floor":31,"turns":2},{"damage":49,"enemies":"Champ","floor":33,"turns":10},{"damage":0,"enemies":"Orb Walker","floor":35,"turns":3},{"damage":35,"enemies":"Mind Bloom Boss Battle","floor":36,"turns":6},{"damage":0,"enemies":"3 Darklings","floor":37,"turns":3},{"damage":7,"enemies":"Sphere and 2 Shapes","floor":38,"turns":4},{"damage":0,"enemies":"Nemesis","floor":41,"turns":5},{"damage":4,"enemies":"4 Shapes","floor":44,"turns":3},{"damage":0,"enemies":"3 Darklings","floor":46,"turns":3},{"damage":6,"enemies":"hubris:GrandSnecko","floor":50,"turns":7}],"seed_played":"-6912190257466564925","potions_obtained":[{"floor":1,"key":"Strength Potion"},{"floor":4,"key":"Weak Potion"},{"floor":6,"key":"ColorlessPotion"},{"floor":10,"key":"EssenceOfSteel"},{"floor":13,"key":"Energy Potion"},{"floor":25,"key":"Swift Potion"},{"floor":27,"key":"PowerPotion"},{"floor":30,"key":"PowerPotion"},{"floor":33,"key":"PowerPotion"},{"floor":36,"key":"Explosive Potion"},{"floor":42,"key":"infinitespire:BlackPotion"},{"floor":42,"key":"EntropicBrew"}],"is_trial":false,"path_per_floor":["M","$","M","M","M","E","R","?","T","?","M","R","M","$","R","B",null,"M","?","M","$","?","R","E","M","T","E","M","E","M","M","R","B",null,"M","?","M","M","AVR","R","E","?","T","M","R","M","R","$","R","B",null],"character_chosen":"THE_CURSED","items_purchased":["TheCursedMod:CursedMace","TheCursedMod:StunningStrike","TheCursedMod:UltimatePain","TheCursedMod:Stigma","TheCursedMod:DemonSword","Lizard Tail","TheCursedMod:Torture","TheCursedMod:Hemoplague"],"campfire_rested":2,"item_purchase_floors":[2,14,21,21,48,48,48,48],"current_hp_per_floor":[68,68,67,67,65,44,44,37,37,37,37,63,61,61,61,34,89,83,83,83,83,83,83,33,26,26,88,80,41,41,34,60,11,89,89,54,54,47,96,96,96,96,96,92,92,92,92,92,92,91],"gold":391,"neow_bonus":"TWENTY_PERCENT_HP_BONUS","is_daily":false,"chose_seed":false,"campfire_upgraded":7,"win_rate":0.0,"timestamp":1613501442,"path_taken":["M","$","M","M","M","E","R","?","T","?","?","R","M","$","R","BOSS","M","?","M","$","?","R","E","M","T","E","M","E","M","M","R","BOSS","M","?","M","M","AVR","R","E","?","T","?","R","M","R","$","R","BOSS"],"items_purchased_type":["Card","Card","Card","Card","Card","Relic","Card","Card"],"build_version":"2020-12-13","purchased_purges":4,"victory":true,"max_hp_per_floor":[89,89,89,89,89,89,89,89,89,89,89,89,89,89,89,89,89,89,89,89,89,89,89,89,89,89,89,89,89,89,89,89,89,89,89,89,89,89,96,96,96,96,96,96,96,96,96,96,96,96],"card_choices":[{"not_picked":["TheCursedMod:CursedShiv","TheCursedMod:SmokeScreen"],"picked":"TheCursedMod:CursedBoomerang","floor":1},{"not_picked":["TheCursedMod:CursedMace","TheCursedMod:CircleOfFlame"],"picked":"TheCursedMod:ReleasedKnowledge","floor":3},{"not_picked":["TheCursedMod:CursedAmulet","TheCursedMod:Stigma","TheCursedMod:VitalStrike"],"picked":"SKIP","floor":4},{"not_picked":["TheCursedMod:CircleOfCorruption","TheCursedMod:FleshFromBone"],"picked":"TheCursedMod:RapidMovement","floor":5},{"not_picked":["TheCursedMod:RavingStaff","TheCursedMod:Stretching"],"picked":"TheCursedMod:SpitefulStrike","floor":6},{"not_picked":["TheCursedMod:DarkBarrier","TheCursedMod:CursedStaff"],"picked":"TheCursedMod:CursedBlade","floor":11},{"not_picked":["TheCursedMod:WearCloak","TheCursedMod:TacticalStrike"],"picked":"TheCursedMod:SmokeScreen","floor":13},{"not_picked":["TheCursedMod:UltimatePain","TheCursedMod:ParallelWorld"],"picked":"TheCursedMod:DarkBarrier","floor":16},{"not_picked":["TheCursedMod:VitalStrike","TheCursedMod:DoubleShield+1"],"picked":"TheCursedMod:Torture+1","floor":18},{"not_picked":["TheCursedMod:Torture","TheCursedMod:CircleOfFocus"],"picked":"TheCursedMod:CircleOfCorruption","floor":20},{"not_picked":["TheCursedMod:CursedAmulet","TheCursedMod:CursedMace"],"picked":"TheCursedMod:DarkBarrier","floor":24},{"not_picked":["TheCursedMod:SpitefulStrike","TheCursedMod:CursedMace","TheCursedMod:Grudge"],"picked":"SKIP","floor":25},{"not_picked":["TheCursedMod:SmokeScreen","TheCursedMod:CursedShiv"],"picked":"TheCursedMod:TroublousMinions+1","floor":27},{"not_picked":["TheCursedMod:VitalStrike+1","TheCursedMod:CursedBlade"],"picked":"TheCursedMod:Stigma+1","floor":28},{"not_picked":["TheCursedMod:SmokeScreen+1","TheCursedMod:ManaBullet"],"picked":"TheCursedMod:CursedBoomerang+1","floor":29},{"not_picked":["TheCursedMod:VitalStrike","TheCursedMod:Torture"],"picked":"TheCursedMod:SpreadPlague+1","floor":30},{"not_picked":["TheCursedMod:CircleOfFocus","TheCursedMod:FleshFromBone"],"picked":"TheCursedMod:Grudge","floor":31},{"not_picked":["TheCursedMod:CircleOfAbyss","TheCursedMod:VoidForm"],"picked":"TheCursedMod:UltimatePain","floor":33},{"not_picked":["TheCursedMod:CircleOfFlame+1","TheCursedMod:CircleOfCorruption+1"],"picked":"TheCursedMod:CursedBoomerang+1","floor":35},{"not_picked":["TheCursedMod:CircleOfAmplification","TheCursedMod:LuckyCharm"],"picked":"TheCursedMod:AbyssShockwave+1","floor":36},{"not_picked":["TheCursedMod:CursedAmulet","TheCursedMod:WearCloak+1"],"picked":"TheCursedMod:SoulCrush","floor":37},{"not_picked":["TheCursedMod:CursedAmulet+1","TheCursedMod:CircleOfFlame"],"picked":"TheCursedMod:LuckyCharm+1","floor":38},{"not_picked":["TheCursedMod:VitalStrike","TheCursedMod:ReleasedKnowledge+1"],"picked":"TheCursedMod:FleshFromBone+1","floor":41},{"not_picked":["TheCursedMod:Stretching+1","TheCursedMod:CircleOfCorruption","TheCursedMod:CursedArmor+1"],"picked":"SKIP","floor":44},{"not_picked":["TheCursedMod:HellsGateOpen","TheCursedMod:SurpriseAttack"],"picked":"TheCursedMod:Torture+1","floor":46}],"player_experience":31516,"relics_obtained":[{"floor":6,"key":"infinitespire:ShieldingShard"},{"floor":9,"key":"Happy Flower"},{"floor":24,"key":"Pen Nib"},{"floor":26,"key":"hubris:MobiusCoin"},{"floor":27,"key":"Bag of Preparation"},{"floor":29,"key":"Oddly Smooth Stone"},{"floor":36,"key":"TheCursedMod:CrystalBall"},{"floor":41,"key":"TungstenRod"},{"floor":43,"key":"Nunchaku"}],"event_choices":[{"cards_removed":["TheCursedMod:Strike_TheCursed"],"damage_healed":0,"gold_gain":0,"player_choice":"Card Removal","damage_taken":7,"max_hp_gain":0,"max_hp_loss":0,"event_name":"Golden Wing","floor":8,"gold_loss":0},{"damage_healed":0,"gold_gain":0,"player_choice":"Bought 1 Potion","damage_taken":0,"max_hp_gain":0,"max_hp_loss":0,"event_name":"The Woman in Blue","floor":10,"gold_loss":0},{"damage_healed":0,"gold_gain":99,"player_choice":"Steal","damage_taken":0,"max_hp_gain":0,"max_hp_loss":0,"event_name":"betterThird:BetterNest","floor":22,"gold_loss":0},{"damage_healed":0,"gold_gain":0,"player_choice":"Fight","damage_taken":0,"max_hp_gain":0,"max_hp_loss":0,"event_name":"MindBloom","floor":36,"gold_loss":0},{"damage_healed":0,"gold_gain":0,"player_choice":"Got Potions","damage_taken":0,"max_hp_gain":0,"max_hp_loss":0,"event_name":"Lab","floor":42,"gold_loss":0}],"is_beta":false,"boss_relics":[{"not_picked":["Fusion Hammer","Runic Dome"],"picked":"Astrolabe"},{"not_picked":["Black Star","infinitespire:Cupcake"],"picked":"hubris:HollowSoul"}],"items_purged_floors":[2,21,39,48],"is_endless":false,"potions_floor_spawned":[1,4,6,13,25,27,30,33,36,44,46],"ascension_level":0}}