{"host":"5hsgormuu0lj4iiq","time":1613447506,"event":{"mods":["AchievementEnabler","BaseMod","Colored Map","Colored Powertips","Minty Spire (QoL Compilation)","Quick Restart","Relic Stats","SuperFastMode","everything is the same but u backflip on backflip","slay the spire mod where everything is the same but ironclad has a cowboy hat"],"gold_per_floor":[111,186,136,40,40,40,75,91,91,110,145,163,183,40,40,40,40],"floor_reached":16,"language":"ENG","playtime":535,"items_purged":[],"score":223,"play_id":"027b60b0-1826-4706-afbd-2c36321a46db","local_time":"20210215225146","is_ascension_mode":true,"campfire_choices":[{"data":"Dualcast","floor":6,"key":"SMITH"},{"data":"Defragment","floor":15,"key":"SMITH"}],"circlet_count":0,"master_deck":["AscendersBane","Strike_B","Strike_B","Strike_B","Defend_B","Defend_B","Defend_B","Defend_B","Zap+1","Dualcast+1","Glacier","Defragment+1","Cold Snap+1","Genetic Algorithm","Ball Lightning+1"],"relics":["Cracked Core","NeowsBlessing","Molten Egg 2","White Beast Statue","Oddly Smooth Stone","Akabeko"],"acts_visited":["Exordium"],"potions_floor_usage":[4],"damage_taken":[{"damage":0,"enemies":"Jaw Worm","floor":1,"turns":1},{"damage":0,"enemies":"Lagavulin","floor":7,"turns":1},{"damage":0,"enemies":"2 Louse","floor":8,"turns":1},{"damage":0,"enemies":"Cultist","floor":10,"turns":4},{"damage":4,"enemies":"3 Sentries","floor":11,"turns":10},{"damage":19,"enemies":"Lots of Slimes","floor":12,"turns":5},{"damage":6,"enemies":"2 Fungi Beasts","floor":13,"turns":3},{"damage":29,"enemies":"Slime Boss","floor":16,"turns":10}],"seed_played":"-7027315225247309654","potions_obtained":[{"floor":7,"key":"PowerPotion"}],"is_trial":false,"path_per_floor":["M","?","?","$","?","R","E","M","T","M","E","M","M","$","R","B"],"character_chosen":"DEFECT","items_purchased":["EntropicBrew","Akabeko"],"campfire_rested":0,"item_purchase_floors":[4,14],"current_hp_per_floor":[68,57,57,57,57,57,57,57,57,57,53,34,28,28,28,0,0],"gold":40,"neow_bonus":"THREE_ENEMY_KILL","is_daily":false,"chose_seed":false,"campfire_upgraded":2,"win_rate":0.0,"timestamp":1613447506,"path_taken":["M","?","?","$","?","R","E","?","T","M","E","M","M","$","R","BOSS"],"items_purchased_type":["Potion","Relic"],"build_version":"2020-12-22","purchased_purges":0,"victory":false,"max_hp_per_floor":[75,75,75,75,75,75,75,75,75,75,75,75,75,75,75,75,75],"relic_stats":{"counters":[8,35],"obtain_stats":[{"NeowsBlessing":0,"Oddly Smooth Stone":11,"Molten Egg 2":7,"Cracked Core":0,"White Beast Statue":9,"Akabeko":14},{"NeowsBlessing":0,"Oddly Smooth Stone":5,"Molten Egg 2":2,"Cracked Core":0,"White Beast Statue":3,"Akabeko":7},{"NeowsBlessing":0,"Oddly Smooth Stone":17,"Molten Egg 2":2,"Cracked Core":0,"White Beast Statue":3,"Akabeko":25}]},"card_choices":[{"not_picked":["Steam","Beam Cell","Streamline"],"picked":"SKIP","floor":1},{"not_picked":["Compile Driver+1","Beam Cell+1"],"picked":"Glacier","floor":7},{"not_picked":["Steam","Leap"],"picked":"Defragment","floor":8},{"not_picked":["Leap","Steam"],"picked":"Cold Snap+1","floor":10},{"not_picked":["Darkness","Coolheaded"],"picked":"Genetic Algorithm","floor":11},{"not_picked":["Amplify","Reinforced Body","Redo"],"picked":"SKIP","floor":12},{"not_picked":["Redo","Beam Cell+1"],"picked":"Ball Lightning+1","floor":13}],"player_experience":737770,"relics_obtained":[{"floor":7,"key":"Molten Egg 2"},{"floor":9,"key":"White Beast Statue"},{"floor":11,"key":"Oddly Smooth Stone"}],"event_choices":[{"damage_healed":0,"gold_gain":75,"player_choice":"Gather Gold","damage_taken":11,"max_hp_gain":0,"max_hp_loss":0,"event_name":"World of Goop","floor":2,"gold_loss":0},{"cards_removed":["Strike_B"],"damage_healed":0,"gold_gain":0,"player_choice":"Card Removal","damage_taken":0,"max_hp_gain":0,"max_hp_loss":0,"event_name":"The Cleric","floor":3,"gold_loss":50},{"damage_healed":0,"gold_gain":0,"player_choice":"Upgraded","damage_taken":0,"max_hp_gain":0,"max_hp_loss":0,"event_name":"Upgrade Shrine","floor":5,"gold_loss":0,"cards_upgraded":["Zap"]}],"is_beta":false,"boss_relics":[],"items_purged_floors":[],"is_endless":false,"potions_floor_spawned":[7,10,11,12,13],"killed_by":"Slime Boss","ascension_level":13}}