{"host":"ibckqdmmf9y74ymf","time":1613497594,"event":{"mods":["2.2 Compatiblity","BaseMod","Colored Map","Curses Come First","Highlight Path","Minty Spire (QoL Compilation)","Quick Restart","Rare Cards Sparkle","Relic Stats","StSLib"],"gold_per_floor":[110,128,141,155,172,172,199,39,39,39,58,91,91,123,123,202,202,222,137,157,176,176,176,204,204,204,204,218,233,247,282,282,356,356,371,390,405,405,419,449,449,18,70,85,104,139,156,188,188,188,188,188,188,38,73,73],"floor_reached":57,"language":"ENG","playtime":4410,"items_purged":["Parasite"],"score":2966,"play_id":"7b624b69-28ec-44f4-8b4c-aef09a232a09","local_time":"20210216184634","is_ascension_mode":true,"campfire_choices":[{"data":"Uppercut","floor":6.0,"key":"SMITH"},{"data":"Bash","floor":10.0,"key":"SMITH"},{"data":"Clothesline","floor":15.0,"key":"SMITH"},{"data":"Feel No Pain","floor":23.0,"key":"SMITH"},{"data":"Spot Weakness","floor":25.0,"key":"SMITH"},{"data":"Disarm","floor":32.0,"key":"SMITH"},{"data":"Flame Barrier","floor":41.0,"key":"SMITH"},{"floor":49.0,"key":"RECALL"},{"data":"Feel No Pain","floor":53.0,"key":"SMITH"}],"circlet_count":0,"master_deck":["AscendersBane","Bash+1","Flame Barrier","Perfected Strike","Clothesline+1","Uppercut+1","Spot Weakness+1","Immolate+1","Flame Barrier+1","Carnage+1","Power Through","Corruption","Uppercut+1","Fire Breathing","Feel No Pain+1","Blood for Blood+1","Intimidate","Feed+1","Corruption","Shrug It Off","Heavy Blade+1","Shrug It Off+1","Necronomicurse","Barricade","Shrug It Off+1","Disarm+1","Exhume","Blood for Blood+1","Burning Pact","Feel No Pain+1","Shrug It Off+1","Reaper+1","Shrug It Off+1","Battle Trance+1","Demon Form"],"relics":["Snecko Eye","Molten Egg 2","Question Card","HornCleat","Meat on the Bone","Pandora\u0027s Box","Boot","Necronomicon","Blood Vial","Letter Opener","Self Forming Clay","Philosopher\u0027s Stone","Paper Frog","Strange Spoon","Toxic Egg 2","Red Skull","Pantograph","Magic Flower"],"acts_visited":["Exordium","TheCity","TheBeyond","TheEnding"],"potions_floor_usage":[56,56],"damage_taken":[{"damage":1.0,"enemies":"Cultist","floor":1.0,"turns":4.0},{"damage":0.0,"enemies":"Jaw Worm","floor":2.0,"turns":4.0},{"damage":0.0,"enemies":"Small Slimes","floor":3.0,"turns":2.0},{"damage":1.0,"enemies":"3 Louse","floor":4.0,"turns":3.0},{"damage":0.0,"enemies":"Blue Slaver","floor":5.0,"turns":1.0},{"damage":4.0,"enemies":"Gremlin Nob","floor":7.0,"turns":3.0},{"damage":0.0,"enemies":"2 Fungi Beasts","floor":11.0,"turns":2.0},{"damage":18.0,"enemies":"Lagavulin","floor":12.0,"turns":4.0},{"damage":0.0,"enemies":"3 Sentries","floor":14.0,"turns":2.0},{"damage":7.0,"enemies":"Slime Boss","floor":16.0,"turns":5.0},{"damage":16.0,"enemies":"2 Thieves","floor":18.0,"turns":2.0},{"damage":0.0,"enemies":"3 Byrds","floor":20.0,"turns":2.0},{"damage":6.0,"enemies":"Snake Plant","floor":21.0,"turns":5.0},{"damage":4.0,"enemies":"Gremlin Leader","floor":24.0,"turns":3.0},{"damage":0.0,"enemies":"Sentry and Sphere","floor":28.0,"turns":5.0},{"damage":9.0,"enemies":"Shelled Parasite and Fungi","floor":29.0,"turns":2.0},{"damage":0.0,"enemies":"Centurion and Healer","floor":30.0,"turns":7.0},{"damage":2.0,"enemies":"Book of Stabbing","floor":31.0,"turns":3.0},{"damage":15.0,"enemies":"Collector","floor":33.0,"turns":9.0},{"damage":6.0,"enemies":"3 Shapes","floor":35.0,"turns":6.0},{"damage":0.0,"enemies":"3 Darklings","floor":36.0,"turns":3.0},{"damage":16.0,"enemies":"4 Shapes","floor":37.0,"turns":5.0},{"damage":0.0,"enemies":"Writhing Mass","floor":39.0,"turns":5.0},{"damage":0.0,"enemies":"Nemesis","floor":40.0,"turns":7.0},{"damage":0.0,"enemies":"3 Darklings","floor":44.0,"turns":6.0},{"damage":7.0,"enemies":"Jaw Worm Horde","floor":45.0,"turns":5.0},{"damage":0.0,"enemies":"Giant Head","floor":46.0,"turns":5.0},{"damage":7.0,"enemies":"Writhing Mass","floor":47.0,"turns":4.0},{"damage":2.0,"enemies":"Nemesis","floor":48.0,"turns":5.0},{"damage":55.0,"enemies":"Time Eater","floor":50.0,"turns":9.0},{"damage":15.0,"enemies":"Donu and Deca","floor":51.0,"turns":8.0},{"damage":34,"enemies":"Shield and Spear","floor":55,"turns":6},{"damage":73,"enemies":"The Heart","floor":56,"turns":9}],"seed_played":"-8560428768846478357","potions_obtained":[{"floor":3.0,"key":"Ancient Potion"},{"floor":4.0,"key":"Weak Potion"},{"floor":5.0,"key":"PowerPotion"},{"floor":11.0,"key":"Fire Potion"},{"floor":18.0,"key":"LiquidBronze"},{"floor":28.0,"key":"Energy Potion"},{"floor":33.0,"key":"AttackPotion"},{"floor":35.0,"key":"Strength Potion"},{"floor":38.0,"key":"EssenceOfSteel"}],"is_trial":true,"path_per_floor":["M","M","M","M","M","R","E","$","T","R","M","E","?","E","R","B",null,"M","?","M","M","?","R","E","R","T","?","M","M","M","E","R","B",null,"M","M","M","?","M","E","R","$","T","M","M","E","M","E","R","B","B",null,"R","$","E","B",null],"character_chosen":"IRONCLAD","items_purchased":["Immolate+1","Flame Barrier","Strange Spoon","Toxic Egg 2","Battle Trance+1"],"campfire_rested":0,"item_purchase_floors":[8,8,42,42,54],"current_hp_per_floor":[67,67,67,66,66,66,62,62,62,62,62,44,37,37,37,42,67,51,51,55,53,32,32,40,40,40,16,30,39,57,57,57,60,90,94,96,90,90,96,102,102,102,102,108,111,117,122,141,141,89,114,140,140,140,116,135],"gold":73,"neow_bonus":"","is_daily":false,"chose_seed":false,"campfire_upgraded":8,"win_rate":0.0,"timestamp":1613497594,"path_taken":["M","M","M","M","M","R","E","?","T","R","M","E","?","E","R","BOSS","M","?","M","M","?","R","E","R","T","?","?","M","M","E","R","BOSS","M","M","M","?","M","E","R","$","T","M","M","E","?","E","R","BOSS","BOSS","R","$","E","BOSS"],"items_purchased_type":["Card","Card","Relic","Relic","Card"],"build_version":"2020-12-22","purchased_purges":1,"victory":true,"max_hp_per_floor":[75,75,75,75,75,75,75,75,75,75,75,75,75,75,75,75,75,75,75,79,83,83,83,83,83,83,88,88,92,96,96,96,100,100,108,108,116,116,120,124,124,124,124,128,136,140,140,144,144,144,148,148,148,145,145,145],"relic_stats":{"counters":[33,151],"Self Forming Clay":[111],"Magic Flower":[25],"Letter Opener":[164],"Question Card":24,"Boot":[23],"Blood Vial":34,"Strange Spoon":[68],"Pantograph":57,"Snecko Eye":[273,257,257,262],"Pandora\u0027s Box":["Uppercut","Fire Breathing","Feel No Pain","Blood for Blood","Intimidate","Feed","Corruption","Shrug It Off"],"Necronomicon":[53],"obtain_stats":[{"Self Forming Clay":31,"Magic Flower":55,"Letter Opener":26,"Question Card":9,"Boot":19,"Blood Vial":24,"Strange Spoon":42,"HornCleat":12,"Pantograph":48,"Snecko Eye":0,"Molten Egg 2":7,"Pandora\u0027s Box":17,"Philosopher\u0027s Stone":34,"Necronomicon":22,"Toxic Egg 2":42,"Red Skull":46,"Meat on the Bone":14,"Paper Frog":40},{"Self Forming Clay":18,"Magic Flower":32,"Letter Opener":14,"Question Card":6,"Boot":11,"Blood Vial":14,"Strange Spoon":24,"HornCleat":8,"Pantograph":29,"Snecko Eye":0,"Molten Egg 2":6,"Pandora\u0027s Box":10,"Philosopher\u0027s Stone":19,"Necronomicon":13,"Toxic Egg 2":24,"Red Skull":27,"Meat on the Bone":9,"Paper Frog":24},{"Self Forming Clay":59,"Magic Flower":142,"Letter Opener":42,"Question Card":17,"Boot":32,"Blood Vial":42,"Strange Spoon":94,"HornCleat":23,"Pantograph":119,"Snecko Eye":0,"Molten Egg 2":17,"Pandora\u0027s Box":30,"Philosopher\u0027s Stone":68,"Necronomicon":39,"Toxic Egg 2":94,"Red Skull":110,"Meat on the Bone":25,"Paper Frog":94}],"Meat on the Bone":72},"card_choices":[{"not_picked":["Armaments","Combust"],"picked":"Flame Barrier","floor":1.0},{"not_picked":["Burning Pact","Body Slam"],"picked":"Perfected Strike","floor":2.0},{"not_picked":["Clash","Headbutt"],"picked":"Clothesline","floor":3.0},{"not_picked":["Rampage","Armaments"],"picked":"Uppercut","floor":4.0},{"not_picked":["Brutality","Havoc","Armaments"],"picked":"SKIP","floor":5.0},{"not_picked":["Body Slam+1","Shrug It Off"],"picked":"Spot Weakness","floor":7.0},{"not_picked":["Havoc","Cleave+1","Wild Strike+1"],"picked":"Carnage+1","floor":11.0},{"not_picked":["True Grit","Body Slam+1","Armaments"],"picked":"Power Through","floor":12.0},{"not_picked":["Reckless Charge+1","Brutality","Hemokinesis+1","Iron Wave+1"],"picked":"SKIP","floor":14.0},{"not_picked":["Bludgeon+1","Brutality","Demon Form"],"picked":"Corruption","floor":16.0},{"not_picked":["Warcry","Wild Strike+1","Fire Breathing"],"picked":"Heavy Blade+1","floor":18.0},{"not_picked":["Havoc","Twin Strike+1","Heavy Blade+1"],"picked":"Shrug It Off+1","floor":20.0},{"not_picked":["Thunderclap+1","Wild Strike+1","Perfected Strike+1","Clash+1"],"picked":"SKIP","floor":21.0},{"not_picked":["Shrug It Off","Flame Barrier","Rampage+1"],"picked":"Barricade","floor":24.0},{"not_picked":["Thunderclap+1","Metallicize+1","Clash+1","Ghostly Armor"],"picked":"SKIP","floor":28.0},{"not_picked":["Carnage+1","True Grit","Flex","Clash+1"],"picked":"SKIP","floor":29.0},{"not_picked":["Cleave+1","Headbutt+1","Thunderclap+1"],"picked":"Shrug It Off+1","floor":30.0},{"not_picked":["Burning Pact","Pommel Strike+1","Havoc"],"picked":"Disarm","floor":31.0},{"not_picked":["Brutality","Barricade","Juggernaut"],"picked":"Exhume","floor":33.0},{"not_picked":["Power Through+1","Armaments","Havoc+1"],"picked":"Blood for Blood+1","floor":35.0},{"not_picked":["Flex","Pommel Strike+1","Carnage+1"],"picked":"Burning Pact","floor":36.0},{"not_picked":["Thunderclap+1","Pommel Strike+1","Armaments","Iron Wave+1"],"picked":"SKIP","floor":37.0},{"not_picked":["Rage","Metallicize","Thunderclap+1","Sword Boomerang+1"],"picked":"SKIP","floor":39.0},{"not_picked":["Armaments","Havoc","Inflame","Corruption"],"picked":"SKIP","floor":40.0},{"not_picked":["Havoc+1","Sever Soul+1","Headbutt+1"],"picked":"Feel No Pain","floor":44.0},{"not_picked":["Clash+1","Pommel Strike+1","Blood for Blood+1"],"picked":"Shrug It Off+1","floor":45.0},{"not_picked":["Warcry+1","Armaments+1","Body Slam+1"],"picked":"Reaper+1","floor":46.0},{"not_picked":["Bloodletting+1","Spot Weakness+1","Flex+1","Clothesline+1"],"picked":"SKIP","floor":47.0},{"not_picked":["Ghostly Armor+1","Intimidate+1","Seeing Red+1"],"picked":"Shrug It Off+1","floor":48.0},{"not_picked":["Wild Strike+1","Thunderclap+1","Cleave+1"],"picked":"Demon Form","floor":55}],"player_experience":726067,"relics_obtained":[{"floor":7.0,"key":"Molten Egg 2"},{"floor":9.0,"key":"Question Card"},{"floor":12.0,"key":"HornCleat"},{"floor":14.0,"key":"Meat on the Bone"},{"floor":22.0,"key":"Necronomicon"},{"floor":24.0,"key":"Blood Vial"},{"floor":26.0,"key":"Letter Opener"},{"floor":31.0,"key":"Self Forming Clay"},{"floor":40.0,"key":"Paper Frog"},{"floor":46.0,"key":"Red Skull"},{"floor":48.0,"key":"Pantograph"},{"floor":55,"key":"Magic Flower"}],"event_choices":[{"cards_removed":["Strike_R"],"damage_healed":0.0,"max_hp_gain":0.0,"max_hp_loss":0.0,"gold_gain":0.0,"event_name":"Golden Wing","player_choice":"Card Removal","floor":13.0,"gold_loss":0.0,"damage_taken":7.0},{"damage_healed":0.0,"max_hp_gain":0.0,"max_hp_loss":0.0,"gold_gain":0.0,"event_name":"Addict","player_choice":"Obtained Relic","floor":19.0,"gold_loss":85.0,"damage_taken":0.0,"relics_obtained":["Boot"]},{"damage_healed":0.0,"max_hp_gain":0.0,"max_hp_loss":0.0,"gold_gain":0.0,"event_name":"Cursed Tome","player_choice":"Obtained Book","floor":22.0,"gold_loss":0.0,"damage_taken":21.0},{"damage_healed":0.0,"max_hp_gain":5.0,"max_hp_loss":0.0,"gold_gain":0.0,"event_name":"Forgotten Altar","player_choice":"Shed Blood","floor":27.0,"gold_loss":0.0,"damage_taken":29.0},{"damage_healed":0.0,"max_hp_gain":0.0,"max_hp_loss":0.0,"gold_gain":0.0,"event_name":"Lab","player_choice":"Got Potions","floor":38.0,"gold_loss":0.0,"damage_taken":0.0}],"is_beta":false,"boss_relics":[{"not_picked":["Calling Bell","Empty Cage"],"picked":"Pandora\u0027s Box"},{"not_picked":["Black Star","SacredBark"],"picked":"Philosopher\u0027s Stone"}],"items_purged_floors":[54],"is_endless":false,"potions_floor_spawned":[3,4,5,11,12,18,28,29,33,35,37,44,45],"ascension_level":20}}