{"host":"2l3i55whvwk76mom","time":1613500109,"event":{"mods":["BaseMod","Googly Eyes","Hubris","Minty Spire (QoL Compilation)","Replay The Spire","StSLib"],"gold_per_floor":[113,125,125,145,165,165,184,184,184,184,184],"floor_reached":10,"language":"ENG","playtime":412,"items_purged":[],"score":69,"play_id":"88313954-d226-4657-b791-ae7fb9a0f4be","local_time":"20210216102829","is_ascension_mode":true,"campfire_choices":[{"data":"Nirvana","floor":6,"key":"SMITH"},{"floor":8,"key":"REST"}],"circlet_count":0,"master_deck":["Strike_P","Strike_P","Strike_P","Defend_P","Defend_P","Defend_P","Defend_P","Eruption","Vigilance","DeusExMachina","Replay:Anticipation","Consecrate","WaveOfTheHand","Nirvana+1","FlurryOfBlows"],"relics":["PureWater","Replay:Bottled Flurry"],"acts_visited":["Exordium"],"potions_floor_usage":[10],"damage_taken":[{"damage":2,"enemies":"Small Slimes","floor":1,"turns":4},{"damage":4,"enemies":"Cultist","floor":2,"turns":5},{"damage":0,"enemies":"2 Louse","floor":4,"turns":3},{"damage":17,"enemies":"Looter","floor":5,"turns":3},{"damage":11,"enemies":"Exordium Thugs","floor":7,"turns":8},{"damage":39,"enemies":"Replay:BlueRogue","floor":10,"turns":9}],"seed_played":"-4271006854449584645","potions_obtained":[{"floor":5,"key":"PowerPotion"}],"is_trial":false,"path_per_floor":["M","M","?","M","M","R","M","R","T","E"],"character_chosen":"WATCHER","items_purchased":[],"campfire_rested":1,"item_purchase_floors":[],"current_hp_per_floor":[70,66,66,66,49,49,38,59,59,20,20],"gold":184,"neow_bonus":"ONE_RANDOM_RARE_CARD","is_daily":false,"chose_seed":false,"campfire_upgraded":1,"win_rate":0.0,"timestamp":1613500109,"path_taken":["M","M","?","M","M","R","?","R","T","E"],"items_purchased_type":[],"build_version":"2020-12-22","purchased_purges":0,"victory":false,"max_hp_per_floor":[72,72,72,72,72,72,72,72,72,72,72],"card_choices":[{"not_picked":["Halt","EmptyFist"],"picked":"Replay:Anticipation","floor":1},{"not_picked":["Replay:Hum","FollowUp"],"picked":"Consecrate","floor":2},{"not_picked":["Replay:Battleflow","Replay:Vibes"],"picked":"WaveOfTheHand","floor":4},{"not_picked":["Evaluate","SashWhip"],"picked":"Nirvana","floor":5},{"not_picked":["Consecrate","Crescendo"],"picked":"FlurryOfBlows","floor":7}],"player_experience":379176,"relics_obtained":[{"floor":9,"key":"Replay:Bottled Flurry"}],"event_choices":[{"cards_removed":["Strike_P"],"damage_healed":0,"gold_gain":0,"player_choice":"Offered Basic","damage_taken":0,"max_hp_gain":0,"max_hp_loss":0,"event_name":"Bonfire Elementals","floor":3,"gold_loss":0}],"is_beta":false,"boss_relics":[],"items_purged_floors":[],"is_endless":false,"potions_floor_spawned":[5],"killed_by":"Replay:BlueRogue","ascension_level":3}}