{"host":"zlmf7uudqr1sj8t0","time":1613459008,"event":{"mods":["BaseMod","Colored Map","DeckTracker","Highlight Path","Minty Spire (QoL Compilation)"],"gold_per_floor":[113,188,203,203,222,222,257,275,298,298,333,352,372,61,61,166,166,176,176,55,68,82,82,111,111,137,166,178,178,198,210,210,210,210],"floor_reached":33,"language":"ENG","playtime":2248,"items_purged":[],"score":451,"play_id":"28415784-5123-46ac-9593-733f7b37e04b","local_time":"20210215230328","is_ascension_mode":true,"campfire_choices":[{"floor":6,"key":"REST"},{"floor":10,"key":"REST"},{"floor":15,"key":"REST"},{"floor":23,"key":"REST"},{"data":"Apotheosis","floor":25,"key":"SMITH"},{"floor":32,"key":"RECALL"}],"circlet_count":0,"master_deck":["Defend_B","Defend_B","Defend_B","Defend_B","Zap","Dualcast","Apotheosis+1","FTL","Skim","Beam Cell","Gash","Go for the Eyes","Gash","Beam Cell","Flash of Steel","Buffer","Ghostly","Ghostly","Ghostly","Ghostly","Ghostly","Scrape","Go for the Eyes","Streamline","Melter+1","White Noise","Bite","Bite","Bite","Bite","Bite","Rebound","Hologram"],"relics":["Cracked Core","Vajra","Bronze Scales","Orichalcum","Centennial Puzzle","Philosopher\u0027s Stone","Ancient Tea Set","PreservedInsect","Nunchaku"],"acts_visited":["Exordium","TheCity"],"potions_floor_usage":[12,31,33],"damage_taken":[{"damage":7,"enemies":"Jaw Worm","floor":1,"turns":3},{"damage":7,"enemies":"Small Slimes","floor":3,"turns":3},{"damage":8,"enemies":"2 Louse","floor":5,"turns":2},{"damage":16,"enemies":"Lagavulin","floor":7,"turns":4},{"damage":3,"enemies":"Looter","floor":8,"turns":2},{"damage":22,"enemies":"3 Sentries","floor":11,"turns":6},{"damage":8,"enemies":"3 Louse","floor":12,"turns":1},{"damage":8,"enemies":"Blue Slaver","floor":13,"turns":3},{"damage":10,"enemies":"Hexaghost","floor":16,"turns":5},{"damage":4,"enemies":"Spheric Guardian","floor":18,"turns":3},{"damage":16,"enemies":"2 Thieves","floor":21,"turns":3},{"damage":4,"enemies":"Cultist and Chosen","floor":22,"turns":5},{"damage":0,"enemies":"Slavers","floor":24,"turns":5},{"damage":0,"enemies":"Book of Stabbing","floor":27,"turns":3},{"damage":0,"enemies":"Snake Plant","floor":28,"turns":4},{"damage":0,"enemies":"Shelled Parasite and Fungi","floor":30,"turns":3},{"damage":0,"enemies":"Centurion and Healer","floor":31,"turns":3},{"damage":48,"enemies":"Champ","floor":33,"turns":10}],"seed_played":"-7728920673001915897","potions_obtained":[{"floor":7,"key":"LiquidBronze"},{"floor":8,"key":"FearPotion"},{"floor":13,"key":"BlessingOfTheForge"},{"floor":16,"key":"Weak Potion"},{"floor":24,"key":"ColorlessPotion"},{"floor":27,"key":"ColorlessPotion"},{"floor":31,"key":"FearPotion"}],"is_trial":false,"path_per_floor":["M","?","M","?","M","R","E","M","T","R","E","M","M","$","R","B",null,"M","?","$","M","M","R","E","R","T","E","M","?","M","M","R","B"],"character_chosen":"DEFECT","items_purchased":["Gash","Beam Cell","Flash of Steel","Centennial Puzzle","Scrape","Go for the Eyes"],"campfire_rested":4,"item_purchase_floors":[14,14,14,14,20,20],"current_hp_per_floor":[47,36,29,29,21,43,27,24,24,46,24,16,8,8,30,20,75,71,37,37,21,17,28,28,28,28,28,28,25,25,25,25,0,0],"gold":210,"neow_bonus":"RANDOM_COLORLESS_2","is_daily":false,"chose_seed":false,"campfire_upgraded":1,"win_rate":0.0,"timestamp":1613459008,"path_taken":["M","?","M","?","M","R","E","M","T","R","E","M","M","$","R","BOSS","M","?","$","M","M","R","E","R","T","E","M","?","M","M","R","BOSS"],"items_purchased_type":["Card","Card","Card","Relic","Card","Card"],"build_version":"2020-12-22","purchased_purges":0,"victory":false,"max_hp_per_floor":[75,75,75,75,75,75,75,75,75,75,75,75,75,75,75,75,75,75,37,37,37,37,37,37,37,37,37,37,25,25,25,25,25,25],"card_choices":[{"not_picked":["Panache","Chrysalis"],"picked":"Apotheosis","floor":0},{"not_picked":["Go for the Eyes","Hello World"],"picked":"FTL","floor":1},{"not_picked":["Cold Snap","Capacitor"],"picked":"Skim","floor":3},{"not_picked":["Cold Snap","BootSequence"],"picked":"Beam Cell","floor":5},{"not_picked":["Undo","Sunder","Rebound"],"picked":"SKIP","floor":7},{"not_picked":["Chill","Rebound","Capacitor"],"picked":"SKIP","floor":8},{"not_picked":["Rebound","Coolheaded","Stack"],"picked":"SKIP","floor":11},{"not_picked":["Storm","Coolheaded"],"picked":"Gash","floor":12},{"not_picked":["Coolheaded","Compile Driver"],"picked":"Go for the Eyes","floor":13},{"not_picked":["Biased Cognition","Thunder Strike"],"picked":"Buffer","floor":16},{"not_picked":["Barrage","Cold Snap","Defragment+1"],"picked":"SKIP","floor":18},{"not_picked":["Rebound","Hologram"],"picked":"Streamline","floor":21},{"not_picked":["Stack","Steam Power","Go for the Eyes"],"picked":"SKIP","floor":22},{"not_picked":["Go for the Eyes+1","Tempest"],"picked":"Melter+1","floor":24},{"not_picked":["Self Repair","Beam Cell+1"],"picked":"White Noise","floor":27},{"not_picked":["Heatsinks","Beam Cell","Turbo"],"picked":"SKIP","floor":28},{"not_picked":["Coolheaded+1","Go for the Eyes+1"],"picked":"Rebound","floor":30},{"not_picked":["Fission","Beam Cell+1"],"picked":"Hologram","floor":31}],"player_experience":156069,"relics_obtained":[{"floor":7,"key":"Vajra"},{"floor":9,"key":"Bronze Scales"},{"floor":11,"key":"Orichalcum"},{"floor":24,"key":"Ancient Tea Set"},{"floor":26,"key":"PreservedInsect"},{"floor":27,"key":"Nunchaku"}],"event_choices":[{"damage_healed":0,"gold_gain":75,"player_choice":"Gather Gold","damage_taken":11,"max_hp_gain":0,"max_hp_loss":0,"event_name":"World of Goop","floor":2,"gold_loss":0},{"damage_healed":0,"gold_gain":0,"player_choice":"Fled","damage_taken":0,"max_hp_gain":0,"max_hp_loss":0,"event_name":"Scrap Ooze","floor":4,"gold_loss":0},{"damage_healed":0,"gold_gain":0,"player_choice":"Became a Ghost","damage_taken":0,"max_hp_gain":0,"max_hp_loss":38,"event_name":"Ghosts","floor":19,"gold_loss":0,"cards_obtained":["Ghostly","Ghostly","Ghostly","Ghostly","Ghostly"]},{"damage_healed":0,"gold_gain":0,"player_choice":"Became a vampire","damage_taken":0,"max_hp_gain":0,"max_hp_loss":12,"event_name":"Vampires","floor":29,"gold_loss":0,"cards_obtained":["Bite","Bite","Bite","Bite","Bite"]}],"is_beta":false,"boss_relics":[{"not_picked":["Coffee Dripper","Astrolabe"],"picked":"Philosopher\u0027s Stone"}],"items_purged_floors":[],"is_endless":false,"potions_floor_spawned":[7,8,13,16,21,24,27,31],"killed_by":"Champ","ascension_level":3}}