{"host":"5y2vm16xfq9gfmb2","time":1613461914,"event":{"mods":["AchievementEnabler","BaseMod","Better Third Choice","Colored Map","Colored Powertips","DeckTracker","Friendly Minions","Marisa????????","Minty Spire (QoL Compilation)","Rare Cards Sparkle","Relic Stats","StSLib","The Alterego","The Animator","The Marked","The Servant 0.9.4","Yohane!"],"gold_per_floor":[112,134,134,209,227,227,227],"floor_reached":6,"language":"ENG","playtime":197,"items_purged":[],"score":38,"play_id":"d5f79c77-ee28-4cd7-a5bb-0779b025d06c","local_time":"20210216025154","is_ascension_mode":true,"campfire_choices":[],"circlet_count":0,"master_deck":["animator:Strike_Konosuba","animator:Defend_Konosuba","animator:Strike","animator:Strike+1","animator:Strike","animator:Defend","animator:Defend","animator:Defend","animator:Kazuma","animator:Aqua","animator:Caster+1","animator:Evileye","animator:Spearman"],"relics":["animator:LivingPicture","animator:TheMissingPiece","animator:PurgingStone","NeowsBlessing"],"acts_visited":["Exordium"],"potions_floor_usage":[6],"damage_taken":[{"damage":0,"enemies":"Small Slimes","floor":1,"turns":1},{"damage":0,"enemies":"2 Louse","floor":2,"turns":1},{"damage":0,"enemies":"Jaw Worm","floor":5,"turns":1},{"damage":52,"enemies":"Lagavulin","floor":6,"turns":6}],"seed_played":"1493649921750131973","potions_obtained":[{"floor":1,"key":"Swift Potion"}],"is_trial":false,"path_per_floor":["M","M","?","?","M","E"],"character_chosen":"THE_ANIMATOR","items_purchased":[],"campfire_rested":0,"item_purchase_floors":[],"current_hp_per_floor":[66,66,53,42,44,0,0],"gold":227,"neow_bonus":"THREE_ENEMY_KILL","is_daily":false,"chose_seed":false,"campfire_upgraded":0,"win_rate":0.0,"timestamp":1613461914,"path_taken":["M","M","?","?","M","E"],"items_purchased_type":[],"build_version":"2020-12-22","purchased_purges":0,"victory":false,"max_hp_per_floor":[66,66,66,66,66,66,66],"relic_stats":{"counters":[4,9],"obtain_stats":[{"animator:PurgingStone":0,"NeowsBlessing":0,"animator:TheMissingPiece":0,"animator:LivingPicture":0},{"animator:PurgingStone":0,"NeowsBlessing":0,"animator:TheMissingPiece":0,"animator:LivingPicture":0},{"animator:PurgingStone":0,"NeowsBlessing":0,"animator:TheMissingPiece":0,"animator:LivingPicture":0}]},"card_choices":[{"not_picked":["animator:Berserker","animator:Rider"],"picked":"animator:Caster","floor":1},{"not_picked":["animator:Assassin","animator:SakuraMatou"],"picked":"animator:Evileye","floor":2},{"not_picked":["animator:SakuraMatou","animator:MumenRider"],"picked":"animator:Spearman","floor":5}],"player_experience":133466,"relics_obtained":[],"event_choices":[{"damage_healed":66,"gold_gain":0,"player_choice":"Upgrade","damage_taken":13,"max_hp_gain":0,"max_hp_loss":66,"event_name":"betterThird:BetterShining","floor":3,"gold_loss":0,"cards_upgraded":["animator:Strike","animator:Caster"]},{"damage_healed":0,"gold_gain":75,"player_choice":"Gold","damage_taken":11,"max_hp_gain":0,"max_hp_loss":0,"event_name":"betterThird:BetterGoop","floor":4,"gold_loss":0}],"is_beta":false,"boss_relics":[],"items_purged_floors":[],"is_endless":false,"potions_floor_spawned":[1],"killed_by":"Lagavulin","ascension_level":1}}