{"host":"jq8d8epkoknfq6em","time":1613483870,"event":{"mods":["AchievementEnabler","BaseMod","Colored Map","Colored Powertips","Highlight Path","Minty Spire (QoL Compilation)","Quick Restart","Relic Stats","StSLib"],"gold_per_floor":[119,131,148,148,223,257,257,285,285,302,318,318,318,335,335,335,335],"floor_reached":16,"language":"ENG","playtime":874,"items_purged":[],"score":196,"play_id":"9cc0b99c-3d2e-48c4-a6eb-5b047bd4b36f","local_time":"20210216145750","is_ascension_mode":true,"campfire_choices":[{"floor":7.0,"key":"REST"},{"data":"Whirlwind","floor":13,"key":"SMITH"},{"data":"Carnage","floor":15,"key":"SMITH"}],"circlet_count":0,"master_deck":["AscendersBane","Strike_R","Strike_R","Strike_R","Strike_R","Strike_R","Defend_R","Defend_R","Defend_R","Defend_R","Bash+1","Sentinel","Second Wind","Whirlwind+1","Sentinel","Twin Strike","Burning Pact","Wild Strike","Carnage+1"],"relics":["Burning Blood","Potion Belt","Bottled Flame","PreservedInsect"],"acts_visited":["Exordium"],"potions_floor_usage":[],"damage_taken":[{"damage":0.0,"enemies":"Small Slimes","floor":1.0,"turns":3.0},{"damage":11.0,"enemies":"Jaw Worm","floor":2.0,"turns":5.0},{"damage":4.0,"enemies":"2 Louse","floor":3.0,"turns":4.0},{"damage":53.0,"enemies":"Gremlin Nob","floor":6.0,"turns":6.0},{"damage":10.0,"enemies":"3 Sentries","floor":8.0,"turns":4.0},{"damage":17.0,"enemies":"Exordium Thugs","floor":10.0,"turns":3.0},{"damage":8.0,"enemies":"Large Slime","floor":11.0,"turns":5.0},{"damage":7,"enemies":"Looter","floor":14,"turns":3},{"damage":38,"enemies":"Slime Boss","floor":16,"turns":3}],"seed_played":"-3926488553753864589","potions_obtained":[{"floor":2.0,"key":"PowerPotion"},{"floor":3.0,"key":"BlessingOfTheForge"},{"floor":6.0,"key":"LiquidMemories"},{"floor":10.0,"key":"Fire Potion"}],"is_trial":false,"path_per_floor":["M","M","M","?","?","E","R","E","T","M","M","?","R","M","R","B"],"character_chosen":"IRONCLAD","items_purchased":[],"campfire_rested":1,"item_purchase_floors":[],"current_hp_per_floor":[74,69,71,71,60,13,35,31,31,20,18,18,18,17,17,0,0],"gold":335,"neow_bonus":"UPGRADE_CARD","is_daily":false,"chose_seed":false,"campfire_upgraded":2,"win_rate":0.0,"timestamp":1613483870,"path_taken":["M","M","M","?","?","E","R","E","T","M","M","?","R","M","R","BOSS"],"items_purchased_type":[],"build_version":"2020-12-22","purchased_purges":0,"victory":false,"max_hp_per_floor":[75,75,75,75,75,75,75,75,75,75,75,75,75,75,75,75,75],"relic_stats":{"counters":[9,36],"PreservedInsect":0,"obtain_stats":[{"Potion Belt":6,"Bottled Flame":8,"PreservedInsect":9,"Burning Blood":0},{"Potion Belt":4,"Bottled Flame":5,"PreservedInsect":5,"Burning Blood":0},{"Potion Belt":18,"Bottled Flame":22,"PreservedInsect":22,"Burning Blood":0}],"Burning Blood":48},"card_choices":[{"not_picked":["Thunderclap","Clash"],"picked":"Sentinel","floor":1.0},{"not_picked":["Wild Strike","Clash"],"picked":"Second Wind","floor":2.0},{"not_picked":["Metallicize","Disarm"],"picked":"Whirlwind","floor":3.0},{"not_picked":["Heavy Blade","Pommel Strike"],"picked":"Sentinel","floor":6.0},{"not_picked":["Bludgeon","Rupture"],"picked":"Twin Strike","floor":8.0},{"not_picked":["Headbutt","Warcry"],"picked":"Burning Pact","floor":10.0},{"not_picked":["Sword Boomerang","Anger"],"picked":"Wild Strike","floor":11.0},{"not_picked":["Combust","Sword Boomerang"],"picked":"Carnage","floor":14}],"player_experience":1034585,"relics_obtained":[{"floor":6.0,"key":"Potion Belt"},{"floor":8.0,"key":"Bottled Flame"},{"floor":9.0,"key":"PreservedInsect"}],"event_choices":[{"damage_healed":0.0,"max_hp_gain":0.0,"max_hp_loss":0.0,"gold_gain":0.0,"event_name":"Liars Game","player_choice":"Ignored","floor":4.0,"gold_loss":0.0,"damage_taken":0.0},{"damage_healed":0.0,"max_hp_gain":0.0,"max_hp_loss":0.0,"gold_gain":75.0,"event_name":"World of Goop","player_choice":"Gather Gold","floor":5.0,"gold_loss":0.0,"damage_taken":11.0},{"damage_healed":0,"gold_gain":0,"player_choice":"Searched \u00270\u0027 times","damage_taken":0,"max_hp_gain":0,"max_hp_loss":0,"event_name":"Dead Adventurer","floor":12,"gold_loss":0}],"is_beta":false,"boss_relics":[],"items_purged_floors":[],"is_endless":false,"potions_floor_spawned":[2,3,6,10],"killed_by":"Slime Boss","ascension_level":15}}