{"host":"yrtk68ixj64vhhh3","time":1613446670,"event":{"mods":["100% Spire Juice","2.2 Compatiblity","AchievementEnabler","Aspiration","BaseMod","Better Altar","Better Match","Better Note","Better Silent Start","Better Skull","Better Third Choice","Colored Map","Colored Powertips","Conspire","Dio Mod","Downfall","Energized Spire","Hubris","Infinite Spire","Marisa????????","Minty Spire (QoL Compilation)","Prisma Mod","RNG Fix","Random Character Button","Random Character Mod","Reliquary","Remilia??????","StSLib","Steal the Spire","Td1madao Mod","The Alterego","The Animator","The Bug Knight","The Hierophant","The Mystic","The Poker Player","The Runesmith","The Servant 0.9.4","The Wild Card","TheHero"],"gold_per_floor":[118,218,127,149,4,4,21,66,66,18,48,48,63,28,28,126,126,158,178,128,108,138,138,153,153,153,181,181,181,181],"floor_reached":29,"language":"ENG","playtime":3815,"items_purged":[],"score":343,"play_id":"d70a2307-e151-429a-82d6-bd14fc69eea6","local_time":"20210216163750","is_ascension_mode":false,"campfire_choices":[{"data":"animator:Aqua","floor":6,"key":"SMITH"},{"floor":12,"key":"REST"},{"data":"animator:YachiyoNanami","floor":15,"key":"SMITH"},{"floor":23,"key":"REST"},{"floor":25,"key":"RECALL"},{"data":"animator:Saitama","floor":28,"key":"SMITH"}],"circlet_count":0,"master_deck":["animator:Strike_Konosuba","animator:Defend_Konosuba","animator:Kazuma","animator:Aqua+1","animator:Strike_HitsugiNoChaika","animator:Strike_Katanagatari","animator:Strike_AccelWorld","animator:Defend_GoblinSlayer","animator:Defend_GATE","animator:Defend_Konosuba","animator:Alexander","animator:Illya","animator:YunYun","animator:OrikoMikuni","animator:YachiyoNanami+1","animator:KyokoSakura","animator:Saitama+1","animator:SayakaMiki","animator:Aqua","animator:Caster"],"relics":["animator:LivingPicture","animator:TheMissingPiece","animator:PurgingStone","reliquary:Stiletto","hubris:BottledRain","reliquary:ThirdArm","Champion Belt","Strawberry"],"acts_visited":["Exordium","TheCity"],"potions_floor_usage":[19],"damage_taken":[{"damage":2,"enemies":"2 Louse","floor":1,"turns":4},{"damage":2,"enemies":"Jaw Worm","floor":4,"turns":4},{"damage":3,"enemies":"Small Slimes","floor":7,"turns":4},{"damage":37,"enemies":"3 Sentries","floor":8,"turns":12},{"damage":0,"enemies":"Blue Slaver","floor":11,"turns":4},{"damage":7,"enemies":"Large Slime","floor":13,"turns":9},{"damage":0,"enemies":"The Guardian","floor":16,"turns":10},{"damage":25,"enemies":"3 Byrds","floor":18,"turns":5},{"damage":1,"enemies":"conspire:FuzzyDice","floor":19,"turns":9},{"damage":24,"enemies":"Snake Plant","floor":22,"turns":6},{"damage":14,"enemies":"Snecko","floor":24,"turns":8},{"damage":0,"enemies":"HollowMod:Nosk","floor":27,"turns":12},{"damage":74,"enemies":"Cultist and Chosen","floor":29,"turns":7}],"seed_played":"4911394414765038766","potions_obtained":[{"floor":1,"key":"Energy Potion"},{"floor":4,"key":"SmokeBomb"},{"floor":16,"key":"champ:CounterPotion"},{"floor":18,"key":"SteroidPotion"},{"floor":21,"key":"hexamod:SoulburnPotion"},{"floor":22,"key":"AttackPotion"},{"floor":27,"key":"Ancient Potion"}],"is_trial":false,"path_per_floor":["M","?","?","M","$","R","M","E","T","$","M","R","M","?","R","B",null,"M","M","?","?","M","R","M","R","T","E","R","M"],"character_chosen":"THE_ANIMATOR","items_purchased":["reliquary:Stiletto","animator:OrikoMikuni"],"campfire_rested":2,"item_purchase_floors":[5,10],"current_hp_per_floor":[72,72,72,70,70,70,70,36,36,36,39,60,57,74,74,74,74,49,51,51,51,32,54,45,45,45,57,57,0,0],"gold":181,"neow_bonus":"TEN_PERCENT_HP_BONUS","is_daily":false,"chose_seed":true,"campfire_upgraded":3,"win_rate":0.0,"timestamp":1613446670,"path_taken":["M","?","?","M","?","R","M","E","T","$","M","R","?","?","R","BOSS","M","M","?","?","M","R","M","R","T","E","R","?"],"items_purchased_type":["Relic","Card"],"build_version":"2020-12-22","purchased_purges":0,"victory":false,"max_hp_per_floor":[72,72,72,72,72,72,73,73,73,73,73,73,74,74,74,74,74,74,74,74,74,74,74,74,74,74,81,81,81,81],"card_choices":[{"not_picked":["animator:GuildGirl","animator:LizardPriest","animator:DwarfShaman"],"picked":"SKIP","floor":1},{"not_picked":["animator:ZankiKiguchi","animator:Yusa"],"picked":"animator:Alexander","floor":4},{"not_picked":["animator:Konayuki","animator:Godan"],"picked":"animator:Illya","floor":7},{"not_picked":["animator:Vanir","animator:Darkness"],"picked":"animator:YunYun","floor":8},{"not_picked":["animator:TsurugaMeisai","animator:ShinjiMatou"],"picked":"animator:YachiyoNanami","floor":11},{"not_picked":["animator:SanaeKochiya","animator:Emonzaemon"],"picked":"animator:KyokoSakura","floor":13},{"not_picked":["animator:AyatoNaoi","animator:Biyorigo"],"picked":"animator:Saitama","floor":16},{"not_picked":["animator:DwarfShaman+1","animator:YaoHaDucy"],"picked":"animator:SayakaMiki","floor":18},{"not_picked":["animator:Kazuma","animator:YunYun"],"picked":"animator:Aqua","floor":19},{"not_picked":["animator:KaguyaHouraisan+1","animator:Kuribayashi"],"picked":"animator:Caster","floor":22},{"not_picked":["animator:HighElfArcher","animator:Sonic","animator:HidekiHinata+1"],"picked":"SKIP","floor":24},{"not_picked":["animator:Clownpiece","animator:Hitei","animator:Bozes+1"],"picked":"SKIP","floor":27}],"player_experience":869412,"relics_obtained":[{"floor":8,"key":"hubris:BottledRain"},{"floor":26,"key":"Champion Belt"},{"floor":27,"key":"Strawberry"}],"event_choices":[{"damage_healed":0,"gold_gain":100,"player_choice":"Pray","damage_taken":0,"max_hp_gain":0,"max_hp_loss":0,"event_name":"Golden Shrine","floor":2,"gold_loss":0},{"damage_healed":18,"gold_gain":0,"player_choice":"Healed","damage_taken":0,"max_hp_gain":0,"max_hp_loss":0,"event_name":"The Cleric","floor":14,"gold_loss":35},{"damage_healed":0,"gold_gain":0,"player_choice":"Bet on Murderer","damage_taken":0,"max_hp_gain":0,"max_hp_loss":0,"event_name":"The Joust","floor":20,"gold_loss":50},{"damage_healed":0,"gold_gain":0,"player_choice":"Bought 1 Potion","damage_taken":0,"max_hp_gain":0,"max_hp_loss":0,"event_name":"The Woman in Blue","floor":21,"gold_loss":0}],"is_beta":false,"boss_relics":[{"not_picked":["Busted Crown","hubris:ScarierMask"],"picked":"reliquary:ThirdArm"}],"items_purged_floors":[],"is_endless":false,"potions_floor_spawned":[1,4,16,18,22,27],"killed_by":"Cultist and Chosen","ascension_level":0}}