{"host":"43wsnxh97mgjl5zw","time":1613507744,"event":{"mods":["Aspiration","BaseMod","Colored Map","Colored Powertips","Conspire","Downfall","Halation","Hubris","Minty Spire (QoL Compilation)","Quick Restart","Rare Cards Sparkle","Relic Sorter","Replay The Spire","StSLib"],"gold_per_floor":[110,110,127,202,202,202,236,15,38,57,57,70,89,115,115,115,115],"floor_reached":16,"language":"ENG","playtime":447,"items_purged":[],"score":220,"play_id":"6adfb768-8fe7-426b-9feb-c9d5517c0e95","local_time":"20210216223544","is_ascension_mode":true,"campfire_choices":[{"data":"Bash","floor":6,"key":"SMITH"},{"data":"Flame Barrier","floor":11,"key":"SMITH"},{"data":"Disarm","floor":15,"key":"SMITH"}],"circlet_count":0,"master_deck":["AscendersBane","Strike_R","Strike_R","Strike_R","Strike_R","Strike_R","Defend_R","Defend_R","Defend_R","Defend_R","Bash+1","Thunderclap","Injury","Perfected Strike+1","ReplayTheSpireMod:LeadingStrike+1","Flame Barrier+1","Spot Weakness","ReplayTheSpireMod:Stacked","Pommel Strike+1","Disarm+1"],"relics":["Burning Blood","Toy Ornithopter","Molten Egg 2","halation:KoshaPiece","Replay:Wax Seal","TheAbacus","Akabeko","hubris:ChampionShield"],"acts_visited":["Exordium"],"potions_floor_usage":[7,14],"damage_taken":[{"damage":7,"enemies":"2 Louse","floor":1,"turns":4},{"damage":7,"enemies":"Small Slimes","floor":3,"turns":4},{"damage":25,"enemies":"Lagavulin","floor":7,"turns":5},{"damage":0,"enemies":"Cultist","floor":10,"turns":3},{"damage":11,"enemies":"Looter","floor":12,"turns":2},{"damage":1,"enemies":"Large Slime","floor":13,"turns":2},{"damage":20,"enemies":"Gremlin Nob","floor":14,"turns":4},{"damage":28,"enemies":"Hexaghost","floor":16,"turns":11}],"seed_played":"5758122238690145063","potions_obtained":[{"floor":1,"key":"Toxic Potion"},{"floor":7,"key":"SpeedPotion"},{"floor":13,"key":"champ:CounterPotion"}],"is_trial":false,"path_per_floor":["M","?","M","?","?","R","E","$","T","M","R","M","M","E","R","B"],"character_chosen":"IRONCLAD","items_purchased":["Replay:Wax Seal","TheAbacus"],"campfire_rested":0,"item_purchase_floors":[8,8],"current_hp_per_floor":[67,67,66,55,55,55,41,41,41,47,47,42,47,38,38,10,10],"gold":115,"neow_bonus":"RANDOM_COMMON_RELIC","is_daily":false,"chose_seed":false,"campfire_upgraded":3,"win_rate":0.0,"timestamp":1613507744,"path_taken":["M","?","M","?","?","R","E","?","T","M","R","?","M","E","R","BOSS"],"items_purchased_type":["Relic","Relic"],"build_version":"2020-12-22","purchased_purges":0,"victory":false,"max_hp_per_floor":[75,75,75,75,75,75,75,75,75,75,75,75,75,75,75,75,75],"card_choices":[{"not_picked":["Intimidate","Wild Strike"],"picked":"Thunderclap","floor":1},{"not_picked":["Seeing Red","ReplayTheSpireMod:LeadingStrike+1"],"picked":"Perfected Strike+1","floor":3},{"not_picked":["Cleave+1","Whirlwind+1"],"picked":"Flame Barrier","floor":7},{"not_picked":["Thunderclap+1","Armaments"],"picked":"Spot Weakness","floor":10},{"not_picked":["Shrug It Off","Life Link"],"picked":"ReplayTheSpireMod:Stacked","floor":12},{"not_picked":["Heavy Blade+1","Reckless Charge+1"],"picked":"Pommel Strike+1","floor":13},{"not_picked":["Anger+1","Replay:Undeath\u0027s Touch+1"],"picked":"Disarm","floor":14}],"player_experience":1257990,"relics_obtained":[{"floor":7,"key":"halation:KoshaPiece"},{"floor":9,"key":"Akabeko"},{"floor":14,"key":"hubris:ChampionShield"}],"event_choices":[{"damage_healed":0,"gold_gain":75,"player_choice":"Gather Gold","damage_taken":11,"max_hp_gain":0,"max_hp_loss":0,"event_name":"World of Goop","floor":4,"gold_loss":0}],"is_beta":false,"boss_relics":[],"items_purged_floors":[],"is_endless":false,"potions_floor_spawned":[1,7,13],"killed_by":"Hexaghost","ascension_level":20}}