{"host":"mydft8i2zzydgggw","time":1613467768,"event":{"mods":["AchievementEnabler","BaseMod","Colored Map","Colored Powertips","DeckTracker","Keyboard Shortcuts","Minty Spire (QoL Compilation)","Rare Cards Sparkle","StSLib","SuperFastMode","Together in Spire","everything is the same but u backflip on backflip"],"gold_per_floor":[360,151,163,163,163,163,177,177,177,177,20,56,79,103,103,103,103],"floor_reached":16,"language":"KOR","playtime":219,"items_purged":["Strike_B"],"score":185,"play_id":"bc9aa6b3-1c4d-47ae-b2a0-3c870bc88c3d","local_time":"20210216182928","is_ascension_mode":true,"campfire_choices":[{"data":"Go for the Eyes","floor":6,"key":"SMITH"},{"data":"Coolheaded","floor":8,"key":"SMITH"},{"data":"Sunder","floor":10,"key":"SMITH"},{"data":"Zap","floor":15,"key":"SMITH"}],"circlet_count":0,"master_deck":["AscendersBane","Strike_B","Strike_B","Strike_B","Defend_B","Defend_B","Defend_B","Defend_B","Zap+1","Dualcast","Compile Driver","Go for the Eyes+1","Sunder+1","Skim","Coolheaded+1","Barrage","Leap","Heatsinks"],"relics":["Cracked Core","Golden Idol","Darkstone Periapt","Question Card","Runic Capacitor","Omamori"],"acts_visited":["Exordium"],"potions_floor_usage":[12,16],"damage_taken":[{"damage":0,"enemies":"2 Louse","floor":1,"turns":2},{"damage":7,"enemies":"Jaw Worm","floor":3,"turns":3},{"damage":1,"enemies":"Cultist","floor":7,"turns":3},{"damage":16,"enemies":"3 Sentries","floor":12,"turns":5},{"damage":4,"enemies":"Looter","floor":13,"turns":3},{"damage":12,"enemies":"Large Slime","floor":14,"turns":5},{"damage":27,"enemies":"Slime Boss","floor":16,"turns":3}],"seed_played":"4513066479002012169","potions_obtained":[{"floor":1,"key":"SteroidPotion"},{"floor":3,"key":"Fire Potion"},{"floor":14,"key":"Swift Potion"}],"is_trial":false,"path_per_floor":["M","$","M","?","T","R","M","R","T","R","$","E","M","M","R","B"],"character_chosen":"DEFECT","items_purchased":["Go for the Eyes","Sunder","Runic Capacitor"],"campfire_rested":0,"item_purchase_floors":[2,2,11],"current_hp_per_floor":[64,64,57,57,57,57,56,56,56,56,56,40,36,24,24,0,0],"gold":103,"neow_bonus":"TWO_FIFTY_GOLD","is_daily":false,"chose_seed":false,"campfire_upgraded":4,"win_rate":0.0,"timestamp":1613467768,"path_taken":["M","$","M","?","?","R","M","R","T","R","$","E","M","M","R","BOSS"],"items_purchased_type":["Card","Card","Relic"],"build_version":"2020-12-22","purchased_purges":1,"victory":false,"max_hp_per_floor":[64,64,64,58,58,58,58,58,58,58,58,58,58,58,58,58,58],"card_choices":[{"not_picked":["Leap","Turbo"],"picked":"Compile Driver","floor":1},{"not_picked":["Coolheaded","Stack"],"picked":"Skim","floor":3},{"not_picked":["Multi-Cast","Capacitor"],"picked":"Coolheaded","floor":7},{"not_picked":["Tempest","Beam Cell","Conserve Battery"],"picked":"Barrage","floor":12},{"not_picked":["Redo","Cold Snap","Beam Cell"],"picked":"Leap","floor":13},{"not_picked":["Beam Cell","Steam","Scrape"],"picked":"Heatsinks","floor":14}],"player_experience":273423,"relics_obtained":[{"floor":5,"key":"Darkstone Periapt"},{"floor":9,"key":"Question Card"},{"floor":12,"key":"Omamori"}],"event_choices":[{"damage_healed":0,"gold_gain":0,"player_choice":"Lose Max HP","damage_taken":0,"relics_obtained":["Golden Idol"],"max_hp_gain":0,"max_hp_loss":6,"event_name":"Golden Idol","floor":4,"gold_loss":0}],"is_beta":false,"boss_relics":[],"items_purged_floors":[2],"is_endless":false,"potions_floor_spawned":[1,3,14],"killed_by":"Slime Boss","ascension_level":17}}