{"host":"5z7rhcocprldured","time":1613437121,"event":{"mods":["2.2 Compatiblity","AchievementEnabler","AlwaysNeverKeys","BaseMod","Best Route Mod","Better Altar","Better Match","Better Note","Better Sensory Stone","Better Skull","Better Third Choice","BetterRewards","Block Reminder","Colored Map","Colored Powertips","Displayed Cursed Tome","Downfall","Emptier Cage","Energized Spire","Minty Spire (QoL Compilation)","Permanent Neow","Rare Cards Sparkle","SacredBarkPlus","Spicy Shops","StSLib","Synergy Search","Unceasing Turn Reminder"],"gold_per_floor":[14,34,47,47,47,47,72,72,72,72,100,2,27,46,46,149,149,164,164,179,229,243,243,258,258,307,319,244,277,54,86,86,184,234,249,265,365,22,41,74,74,88,88,88,88,13,33,48,48,48,48],"floor_reached":50,"language":"ENG","playtime":2363,"items_purged":["Strike_P","Strike_P","Strike_P","Parasite"],"score":580,"play_id":"7804cf91-e228-49d0-83ec-d02549e1ae50","local_time":"20210216005841","is_ascension_mode":false,"campfire_choices":[{"data":"Eruption","floor":6,"key":"SMITH"},{"data":"MasterReality","floor":8,"key":"SMITH"},{"floor":10,"key":"REST"},{"data":"SandsOfTime","floor":15,"key":"SMITH"},{"data":"Crescendo","floor":23,"key":"SMITH"},{"data":"Wallop","floor":25,"key":"SMITH"},{"floor":32,"key":"REST"},{"data":"Alpha","floor":41,"key":"SMITH"},{"data":"Wallop","floor":44,"key":"SMITH"},{"floor":49,"key":"REST"}],"circlet_count":0,"master_deck":["Defend_P","Defend_P","Defend_P","Defend_P","Eruption+1","Vigilance","MasterReality+1","FlyingSleeves","SandsOfTime+1","FlyingSleeves","FlurryOfBlows","CarveReality","FollowUp","DeusExMachina+1","FlurryOfBlows","Omniscience+1","ForeignInfluence","Crescendo+1","LikeWater","Wallop+1","Tantrum","Fasting2+1","FlyingSleeves","Alpha+1","Perseverance","CarveReality+1","Wallop+1","WindmillStrike","ClearTheMind","JustLucky+1","ReachHeaven+1","SignatureMove+1","Tantrum+1"],"relics":["PureWater","Pear","Gremlin Horn","Gambling Chip","MealTicket","energizedSpire:DeadBattery","Happy Flower","Art of War","Membership Card","Eternal Feather","Akabeko","Tiny House","Shuriken","Bronze Scales","Molten Egg 2","Meat on the Bone"],"acts_visited":["Exordium","TheCity","TheBeyond"],"potions_floor_usage":[11,16,16,29,31,36,40,40,50],"damage_taken":[{"damage":0,"enemies":"2 Louse","floor":1,"turns":2},{"damage":1,"enemies":"Jaw Worm","floor":2,"turns":6},{"damage":0,"enemies":"Small Slimes","floor":3,"turns":2},{"damage":26,"enemies":"3 Sentries","floor":7,"turns":7},{"damage":0,"enemies":"Lagavulin","floor":11,"turns":4},{"damage":14,"enemies":"3 Sentries","floor":13,"turns":4},{"damage":0,"enemies":"2 Fungi Beasts","floor":14,"turns":3},{"damage":14,"enemies":"The Guardian","floor":16,"turns":5},{"damage":0,"enemies":"Spheric Guardian","floor":18,"turns":3},{"damage":0,"enemies":"3 Byrds","floor":20,"turns":3},{"damage":20,"enemies":"Shelled Parasite and Fungi","floor":22,"turns":4},{"damage":5,"enemies":"Chosen and Byrds","floor":24,"turns":4},{"damage":0,"enemies":"Centurion and Healer","floor":27,"turns":3},{"damage":34,"enemies":"Slavers","floor":29,"turns":3},{"damage":13,"enemies":"Book of Stabbing","floor":31,"turns":3},{"damage":77,"enemies":"Automaton","floor":33,"turns":7},{"damage":0,"enemies":"Orb Walker","floor":35,"turns":2},{"damage":28,"enemies":"3 Darklings","floor":36,"turns":6},{"damage":0,"enemies":"Writhing Mass","floor":39,"turns":4},{"damage":47,"enemies":"Giant Head","floor":40,"turns":6},{"damage":0,"enemies":"Transient","floor":42,"turns":5},{"damage":23,"enemies":"Sphere and 2 Shapes","floor":47,"turns":3},{"damage":36,"enemies":"Writhing Mass","floor":48,"turns":7},{"damage":77,"enemies":"Awakened One","floor":50,"turns":5}],"seed_played":"-9009295699366733575","potions_obtained":[{"floor":3,"key":"FearPotion"},{"floor":7,"key":"StancePotion"},{"floor":13,"key":"PowerPotion"},{"floor":14,"key":"Weak Potion"},{"floor":20,"key":"FairyPotion"},{"floor":24,"key":"DuplicationPotion"},{"floor":31,"key":"SteroidPotion"},{"floor":33,"key":"SkillPotion"},{"floor":34,"key":"BlessingOfTheForge"},{"floor":36,"key":"bronze:BurnAndBuffPotion"},{"floor":39,"key":"BlessingOfTheForge"},{"floor":42,"key":"FearPotion"}],"is_trial":false,"path_per_floor":["M","M","M","$","?","R","E","R","T","R","E","$","E","M","R","B",null,"M","?","M","?","M","R","M","R","T","M","?","E","$","E","R","B",null,"M","M","?","$","M","E","R","M","T","R","?","$","M","M","R","B"],"character_chosen":"WATCHER","items_purchased":["FollowUp","Membership Card","Eternal Feather","Shuriken","Bronze Scales","Wallop","WindmillStrike"],"campfire_rested":3,"item_purchase_floors":[12,30,30,38,38,38,38],"current_hp_per_floor":[72,71,71,71,64,64,48,48,48,72,72,72,58,58,58,44,82,82,82,82,82,62,62,57,57,57,57,57,23,38,25,61,24,87,87,59,59,74,74,27,45,45,45,63,63,78,55,31,74,0,0],"gold":48,"neow_bonus":"THREE_RARE_CARDS","is_daily":false,"chose_seed":false,"campfire_upgraded":7,"win_rate":0.0,"timestamp":1613437121,"path_taken":["M","M","M","$","?","R","E","R","T","R","E","$","E","M","R","BOSS","M","?","M","?","M","R","M","R","T","M","?","E","?","E","R","BOSS","M","M","?","$","?","E","R","M","T","R","?","$","M","?","R","BOSS"],"items_purchased_type":["Card","Relic","Relic","Relic","Relic","Card","Card"],"build_version":"2020-12-22","purchased_purges":4,"victory":false,"max_hp_per_floor":[72,72,72,72,72,72,82,82,82,82,82,82,82,82,82,82,82,82,82,82,82,82,82,82,82,82,82,82,82,82,82,82,82,87,87,87,87,87,87,87,87,87,87,87,87,84,84,84,84,84,84],"card_choices":[{"not_picked":["Devotion","Wish"],"picked":"MasterReality","floor":0},{"not_picked":["EmptyBody","JustLucky"],"picked":"FlyingSleeves","floor":1},{"not_picked":["PathToVictory","FlyingSleeves"],"picked":"SandsOfTime","floor":2},{"not_picked":["Halt","Fasting2"],"picked":"FlyingSleeves","floor":3},{"not_picked":["Wireheading","TalkToTheHand"],"picked":"FlurryOfBlows","floor":7},{"not_picked":["ThirdEye","DeceiveReality"],"picked":"CarveReality","floor":11},{"not_picked":["EmptyBody","Conclude"],"picked":"DeusExMachina","floor":13},{"not_picked":["Conclude","SashWhip"],"picked":"FlurryOfBlows","floor":14},{"not_picked":["LessonLearned","MasterReality"],"picked":"Omniscience","floor":16},{"not_picked":["Sanctity","MentalFortress"],"picked":"ForeignInfluence","floor":18},{"not_picked":["FlurryOfBlows+1","ThirdEye"],"picked":"Crescendo","floor":20},{"not_picked":["Prostrate","Halt+1"],"picked":"LikeWater","floor":22},{"not_picked":["WreathOfFlame","Consecrate"],"picked":"Wallop","floor":24},{"not_picked":["Halt+1","FlyingSleeves"],"picked":"Tantrum","floor":27},{"not_picked":["Evaluate+1","PathToVictory+1"],"picked":"Fasting2","floor":29},{"not_picked":["JustLucky+1","Meditate"],"picked":"FlyingSleeves","floor":31},{"not_picked":["Devotion","DeusExMachina"],"picked":"Alpha","floor":33},{"not_picked":["Sanctity","Consecrate+1"],"picked":"Perseverance","floor":34},{"not_picked":["CutThroughFate","EmptyBody+1"],"picked":"CarveReality+1","floor":35},{"not_picked":["WreathOfFlame+1","EmptyBody+1","Pray+1"],"picked":"SKIP","floor":36},{"not_picked":["BowlingBash","ForeignInfluence"],"picked":"ClearTheMind","floor":39},{"not_picked":["Prostrate+1","FollowUp+1"],"picked":"JustLucky+1","floor":40},{"not_picked":["Vengeance","PathToVictory+1"],"picked":"ReachHeaven+1","floor":42},{"not_picked":["Fasting2","BowlingBash+1"],"picked":"SignatureMove+1","floor":47},{"not_picked":["EmptyMind+1","DeusExMachina"],"picked":"Tantrum+1","floor":48}],"player_experience":186472,"relics_obtained":[{"floor":7,"key":"Pear"},{"floor":9,"key":"Gremlin Horn"},{"floor":11,"key":"Gambling Chip"},{"floor":13,"key":"MealTicket"},{"floor":26,"key":"Happy Flower"},{"floor":29,"key":"Art of War"},{"floor":31,"key":"Akabeko"},{"floor":40,"key":"Molten Egg 2"},{"floor":43,"key":"Meat on the Bone"}],"event_choices":[{"cards_removed":["Strike_P"],"damage_healed":0,"gold_gain":0,"player_choice":"Card Removal","damage_taken":7,"max_hp_gain":0,"max_hp_loss":0,"event_name":"Golden Wing","floor":5,"gold_loss":0},{"damage_healed":0,"gold_gain":0,"player_choice":"Forge","damage_taken":0,"max_hp_gain":0,"max_hp_loss":0,"event_name":"Accursed Blacksmith","floor":19,"gold_loss":0,"cards_upgraded":["Omniscience"]},{"damage_healed":0,"gold_gain":100,"player_choice":"Bet on Murderer","damage_taken":0,"max_hp_gain":0,"max_hp_loss":0,"event_name":"The Joust","floor":21,"gold_loss":50},{"damage_healed":0,"gold_gain":0,"player_choice":"3","damage_taken":0,"max_hp_gain":0,"max_hp_loss":0,"event_name":"betterMatch:BetterMatch","floor":28,"gold_loss":0,"cards_obtained":[]},{"damage_healed":0,"gold_gain":100,"player_choice":"Pray","damage_taken":0,"max_hp_gain":0,"max_hp_loss":0,"event_name":"Golden Shrine","floor":37,"gold_loss":0},{"damage_healed":0,"gold_gain":0,"player_choice":"Upgraded","damage_taken":0,"max_hp_gain":0,"max_hp_loss":0,"event_name":"Upgrade Shrine","floor":45,"gold_loss":0,"cards_upgraded":["Fasting2"]}],"is_beta":false,"boss_relics":[{"not_picked":["Runic Dome","Cursed Key"],"picked":"energizedSpire:DeadBattery"},{"not_picked":["Snecko Eye","energizedSpire:RedRose"],"picked":"Tiny House"}],"items_purged_floors":[12,30,38,46],"is_endless":false,"potions_floor_spawned":[3,7,13,14,20,24,31,33,36,39,42],"killed_by":"Awakened One","ascension_level":0}}