{"host":"04hh9gplt9wkfmr1","time":1613465438,"event":{"mods":["AchievementEnabler","BaseMod","Colored Map","KOR Keyword Fix","Minty Spire (QoL Compilation)","Rare Cards Sparkle","SuperFastMode"],"gold_per_floor":[119,136,136,136,149,149,174,174,174,204,246,433,445,407,419,533,545,599,710,738,750,762,805,817,388,413,424,424,351,366,394,394,491,491,501,152,152,176,196,196,221,240,294,294,320,334,334,334],"floor_reached":47,"language":"KOR","playtime":1422,"items_purged":["Writhe"],"score":716,"play_id":"e3c71a22-b316-4976-aed1-f2aff7cdc3fe","local_time":"20210216175038","is_ascension_mode":true,"campfire_choices":[{"data":"Apotheosis","floor":6.0,"key":"SMITH"},{"floor":8.0,"key":"REST"},{"data":"Ragnarok","floor":13.0,"key":"SMITH"},{"data":"Omniscience","floor":15.0,"key":"SMITH"},{"floor":24.0,"key":"REST"},{"data":"Wish","floor":28.0,"key":"SMITH"},{"floor":32.0,"key":"REST"},{"floor":40.0,"key":"REST"},{"data":"Fasting2","floor":44.0,"key":"SMITH"}],"circlet_count":0,"master_deck":["Strike_P","Strike_P","Strike_P","Strike_P","Defend_P","Defend_P","Defend_P","Eruption","Vigilance","Apotheosis+1","SandsOfTime","Protect","Prostrate","Omniscience+1","Ragnarok+1","Wish+1","Fasting2+1","Prostrate","Scrawl","SandsOfTime","CarveReality","Brilliance","Fasting2","Madness","Madness","Pray+1","SandsOfTime"],"relics":["HolyWater","Sundial","MawBank","Peace Pipe","Strawberry","Damaru","Pear","Regal Pillow","Omamori","SlaversCollar","Ice Cream","Dream Catcher","Nunchaku","Art of War","Bag of Marbles"],"acts_visited":["Exordium","TheCity","TheBeyond"],"potions_floor_usage":[46],"damage_taken":[{"damage":0.0,"enemies":"Jaw Worm","floor":1.0,"turns":2.0},{"damage":0.0,"enemies":"Cultist","floor":2.0,"turns":4.0},{"damage":0.0,"enemies":"Small Slimes","floor":5.0,"turns":4.0},{"damage":24.0,"enemies":"Gremlin Nob","floor":7.0,"turns":3.0},{"damage":0.0,"enemies":"Blue Slaver","floor":10.0,"turns":4.0},{"damage":2.0,"enemies":"3 Sentries","floor":11.0,"turns":7.0},{"damage":7.0,"enemies":"Slime Boss","floor":16.0,"turns":6.0},{"damage":5.0,"enemies":"Chosen","floor":18.0,"turns":6.0},{"damage":8.0,"enemies":"3 Byrds","floor":20.0,"turns":6.0},{"damage":26.0,"enemies":"Slavers","floor":23.0,"turns":3.0},{"damage":0.0,"enemies":"3 Cultists","floor":27.0,"turns":2.0},{"damage":6.0,"enemies":"Cultist and Chosen","floor":30.0,"turns":4.0},{"damage":33.0,"enemies":"Gremlin Leader","floor":31.0,"turns":4.0},{"damage":36.0,"enemies":"Champ","floor":33.0,"turns":4.0},{"damage":17.0,"enemies":"3 Shapes","floor":35.0,"turns":6.0},{"damage":29.0,"enemies":"3 Darklings","floor":39.0,"turns":7.0},{"damage":0.0,"enemies":"Giant Head","floor":41.0,"turns":4.0},{"damage":16.0,"enemies":"4 Shapes","floor":42.0,"turns":4.0},{"damage":19.0,"enemies":"Reptomancer","floor":45.0,"turns":4.0},{"damage":34,"enemies":"Transient","floor":46,"turns":5},{"damage":11,"enemies":"3 Darklings","floor":47,"turns":1}],"seed_played":"3778617101034621034","potions_obtained":[{"floor":2.0,"key":"FearPotion"},{"floor":5.0,"key":"ColorlessPotion"},{"floor":7.0,"key":"Swift Potion"},{"floor":11.0,"key":"Fire Potion"},{"floor":20.0,"key":"ColorlessPotion"},{"floor":27.0,"key":"SpeedPotion"},{"floor":33.0,"key":"EssenceOfSteel"},{"floor":35.0,"key":"SpeedPotion"},{"floor":42.0,"key":"Strength Potion"}],"is_trial":false,"path_per_floor":["M","M","?","$","M","R","E","R","T","M","E","?","R","?","R","B",null,"M","?","M","?","?","E","R","$","T","M","R","$","M","E","R","B",null,"M","$","?","T","M","R","E","M","T","R","E","M","M"],"character_chosen":"WATCHER","items_purchased":["Prostrate","Pear","Scrawl","SandsOfTime","Ice Cream","Fasting2"],"campfire_rested":4,"item_purchase_floors":[25,25,25,29,36,36],"current_hp_per_floor":[51,51,51,51,51,51,27,48,48,48,46,46,46,46,46,39,72,67,67,59,46,53,27,52,62,62,62,62,62,56,23,66,30,94,77,77,65,65,36,79,79,63,63,63,44,10,0,0],"gold":334,"neow_bonus":"RANDOM_COLORLESS_2","is_daily":false,"chose_seed":false,"campfire_upgraded":5,"win_rate":0.0,"timestamp":1613465438,"path_taken":["M","M","?","?","M","R","E","R","T","M","E","?","R","?","R","BOSS","M","?","M","?","?","E","R","$","T","M","R","$","M","E","R","BOSS","M","$","?","?","M","R","E","M","T","R","E","M","?"],"items_purchased_type":["Card","Relic","Card","Card","Relic","Card"],"build_version":"2020-12-22","purchased_purges":1,"victory":false,"max_hp_per_floor":[72,72,72,72,72,72,72,72,72,72,72,72,72,72,72,72,72,72,72,72,77,84,84,84,94,94,94,94,94,94,94,94,94,94,94,94,94,94,94,94,94,94,94,94,94,94,94,94],"card_choices":[{"not_picked":["Panache","Master of Strategy"],"picked":"Apotheosis","floor":0.0},{"not_picked":["JustLucky","ClearTheMind","SignatureMove"],"picked":"SKIP","floor":1.0},{"not_picked":["DeceiveReality","Indignation"],"picked":"SandsOfTime","floor":2.0},{"not_picked":["PathToVictory","FlurryOfBlows"],"picked":"Protect","floor":5.0},{"not_picked":["CrushJoints","Consecrate"],"picked":"Prostrate","floor":7.0},{"not_picked":["EmptyBody","Halt"],"picked":"Omniscience","floor":10.0},{"not_picked":["Crescendo","FlurryOfBlows"],"picked":"Ragnarok","floor":11.0},{"not_picked":["Vault","ConjureBlade"],"picked":"Wish","floor":16.0},{"not_picked":["Evaluate","SashWhip+1","JustLucky"],"picked":"SKIP","floor":18.0},{"not_picked":["CrushJoints","BowlingBash","EmptyFist+1"],"picked":"SKIP","floor":20.0},{"not_picked":["WheelKick","ClearTheMind"],"picked":"Fasting2","floor":23.0},{"not_picked":["LessonLearned","Halt+1","EmptyBody"],"picked":"SKIP","floor":27.0},{"not_picked":["JustLucky+1","LikeWater","BowlingBash"],"picked":"SKIP","floor":30.0},{"not_picked":["WindmillStrike","Indignation"],"picked":"CarveReality","floor":31.0},{"not_picked":["Blasphemy","Wish"],"picked":"Brilliance","floor":33.0},{"not_picked":["Evaluate","SignatureMove+1","Weave+1"],"picked":"SKIP","floor":35.0},{"not_picked":["CrushJoints","Consecrate","CutThroughFate+1"],"picked":"SKIP","floor":39.0},{"not_picked":["LikeWater+1","Judgement"],"picked":"Pray+1","floor":41.0},{"not_picked":["CarveReality","BowlingBash"],"picked":"SandsOfTime","floor":42.0},{"not_picked":["FollowUp+1","ThirdEye","SignatureMove"],"picked":"SKIP","floor":45.0},{"not_picked":["Halt","EmptyFist","CrushJoints+1"],"picked":"SKIP","floor":46}],"player_experience":155326,"relics_obtained":[{"floor":7.0,"key":"Sundial"},{"floor":9.0,"key":"MawBank"},{"floor":11.0,"key":"Peace Pipe"},{"floor":23.0,"key":"Damaru"},{"floor":26.0,"key":"Regal Pillow"},{"floor":31.0,"key":"Omamori"},{"floor":38.0,"key":"Dream Catcher"},{"floor":41.0,"key":"Nunchaku"},{"floor":43.0,"key":"Art of War"},{"floor":45.0,"key":"Bag of Marbles"}],"event_choices":[{"cards_removed":["Defend_P"],"damage_healed":0.0,"max_hp_gain":0.0,"max_hp_loss":0.0,"gold_gain":0.0,"event_name":"Bonfire Elementals","player_choice":"Offered Basic","floor":3.0,"gold_loss":0.0,"damage_taken":0.0},{"damage_healed":0.0,"max_hp_gain":0.0,"max_hp_loss":0.0,"gold_gain":175.0,"event_name":"Liars Game","player_choice":"AGREE","floor":12.0,"gold_loss":0.0,"damage_taken":0.0,"cards_obtained":["Doubt"]},{"cards_removed":["Doubt"],"damage_healed":0.0,"max_hp_gain":0.0,"max_hp_loss":0.0,"gold_gain":0.0,"event_name":"The Cleric","player_choice":"Card Removal","floor":14.0,"gold_loss":50.0,"damage_taken":0.0},{"damage_healed":0.0,"max_hp_gain":0.0,"max_hp_loss":0.0,"gold_gain":99.0,"event_name":"Nest","player_choice":"Stole From Cult","floor":19.0,"gold_loss":0.0,"damage_taken":0.0},{"damage_healed":0.0,"max_hp_gain":5.0,"max_hp_loss":0.0,"gold_gain":0.0,"event_name":"Forgotten Altar","player_choice":"Shed Blood","floor":21.0,"gold_loss":0.0,"damage_taken":18.0},{"damage_healed":0.0,"max_hp_gain":0.0,"max_hp_loss":0.0,"gold_gain":0.0,"event_name":"The Mausoleum","player_choice":"Opened","floor":22.0,"gold_loss":0.0,"damage_taken":0.0,"relics_obtained":["Strawberry"],"cards_obtained":["Writhe"]},{"damage_healed":0.0,"max_hp_gain":0.0,"max_hp_loss":0.0,"gold_gain":0.0,"event_name":"Winding Halls","player_choice":"Embrace Madness","floor":37.0,"gold_loss":0.0,"damage_taken":12.0,"cards_obtained":["Madness","Madness"]}],"is_beta":false,"boss_relics":[{"not_picked":["Astrolabe","Tiny House"],"picked":"HolyWater"},{"not_picked":["Philosopher\u0027s Stone","Pandora\u0027s Box"],"picked":"SlaversCollar"}],"items_purged_floors":[25],"is_endless":false,"potions_floor_spawned":[2,5,7,11,20,27,33,35,42],"killed_by":"3 Darklings","ascension_level":3}}