{"host":"2fgwwnzqc97k7iys","time":1613496351,"event":{"mods":["BaseMod","Colored Map","Minty Spire (QoL Compilation)","Quick Restart","Relic Stats"],"gold_per_floor":[112,126,142,153,153,153,184,204,227,241,241,268,278,278,278,373,373,384,384,36,55,154,185,202,202,202,228,244,66,266,277,277,378,378,393,393,411,213,224,224,240,240,309,359,387,398,409,456,456,456],"floor_reached":51,"language":"ENG","playtime":4114,"items_purged":["Strike_G","Strike_G","Strike_G"],"score":1259,"play_id":"e9b2ab7b-3017-4766-bd43-7f7c02f057db","local_time":"20210216112551","is_ascension_mode":true,"campfire_choices":[{"data":"Storm of Steel","floor":6,"key":"SMITH"},{"data":"Footwork","floor":15,"key":"SMITH"},{"data":"Infinite Blades","floor":25,"key":"SMITH"},{"data":"Infinite Blades","floor":32,"key":"SMITH"},{"data":"After Image","floor":40,"key":"SMITH"},{"data":"Adrenaline","floor":49,"key":"SMITH"}],"circlet_count":0,"master_deck":["AscendersBane","Strike_G","Defend_G","Defend_G","Defend_G+1","Defend_G","Defend_G+1","Survivor","Neutralize","Storm of Steel+1","Poisoned Stab","Dagger Throw","Accuracy+1","Backflip","Underhanded Strike","Acrobatics","Backflip","Reflex","Footwork+1","Adrenaline+1","Backflip+1","Infinite Blades+1","Acrobatics","Cloak And Dagger","Blade Dance","Cloak And Dagger+1","Infinite Blades+1","After Image+1","Concentrate","Footwork","Panache","Finesse","Madness","Finisher+1","Terror+1"],"relics":["Ring of the Serpent","Ninja Scroll","Art of War","Blood Vial","Juzu Bracelet","Medical Kit","Torii","Bottled Tornado","Mummified Hand","Philosopher\u0027s Stone","FossilizedHelix","Ancient Tea Set","Unceasing Top"],"acts_visited":["Exordium","TheCity","TheBeyond"],"potions_floor_usage":[12,21,23,33,48],"damage_taken":[{"damage":1.0,"enemies":"Cultist","floor":1.0,"turns":3.0},{"damage":0.0,"enemies":"Jaw Worm","floor":2.0,"turns":3.0},{"damage":0.0,"enemies":"Small Slimes","floor":3.0,"turns":3.0},{"damage":4,"enemies":"Looter","floor":4,"turns":3},{"damage":20,"enemies":"3 Sentries","floor":7,"turns":7},{"damage":0,"enemies":"Exordium Wildlife","floor":8,"turns":1},{"damage":2,"enemies":"Gremlin Gang","floor":10,"turns":5},{"damage":0,"enemies":"Gremlin Nob","floor":12,"turns":2},{"damage":0,"enemies":"Blue Slaver","floor":13,"turns":2},{"damage":8,"enemies":"The Guardian","floor":16,"turns":14},{"damage":0,"enemies":"Spheric Guardian","floor":18,"turns":3},{"damage":0,"enemies":"Shell Parasite","floor":21,"turns":2},{"damage":0,"enemies":"Slavers","floor":23,"turns":4},{"damage":0,"enemies":"Snecko","floor":24,"turns":3},{"damage":0,"enemies":"Gremlin Leader","floor":27,"turns":4},{"damage":0,"enemies":"3 Cultists","floor":28,"turns":2},{"damage":1,"enemies":"Snake Plant","floor":31,"turns":3},{"damage":60,"enemies":"Collector","floor":33,"turns":9},{"damage":0,"enemies":"3 Shapes","floor":35,"turns":3},{"damage":1,"enemies":"Orb Walker","floor":37,"turns":2},{"damage":0,"enemies":"4 Shapes","floor":39,"turns":4},{"damage":0,"enemies":"Spire Growth","floor":41,"turns":3},{"damage":2,"enemies":"Mind Bloom Boss Battle","floor":44,"turns":3},{"damage":0,"enemies":"Giant Head","floor":45,"turns":4},{"damage":0,"enemies":"Writhing Mass","floor":46,"turns":4},{"damage":0,"enemies":"Maw","floor":47,"turns":4},{"damage":0,"enemies":"2 Orb Walkers","floor":48,"turns":2},{"damage":32,"enemies":"Donu and Deca","floor":50,"turns":7}],"seed_played":"6593896880549586243","potions_obtained":[{"floor":1.0,"key":"Explosive Potion"},{"floor":7,"key":"BlessingOfTheForge"},{"floor":10,"key":"AttackPotion"},{"floor":12,"key":"Regen Potion"},{"floor":13,"key":"SteroidPotion"},{"floor":21,"key":"Block Potion"},{"floor":28,"key":"GamblersBrew"},{"floor":31,"key":"SneckoOil"},{"floor":39,"key":"ColorlessPotion"}],"is_trial":false,"path_per_floor":["M","M","M","M","?","R","E","M","T","M","?","E","M","?","R","B",null,"M","?","$","M","?","E","M","R","T","E","M","$","?","M","R","B",null,"M","?","M","$","M","R","M","?","T","?","E","M","M","?","R","B",null],"character_chosen":"THE_SILENT","items_purchased":["Infinite Blades","Medical Kit","Acrobatics","Infinite Blades","Footwork"],"campfire_rested":0,"item_purchase_floors":[20,20,20,29,38],"current_hp_per_floor":[44,44,44,40,40,40,20,20,20,20,6,8,10,10,10,4,54,56,56,56,58,58,60,62,62,62,64,66,66,66,67,67,9,55,57,57,58,58,60,60,62,52,52,52,54,56,58,60,60,30],"gold":456,"neow_bonus":"THREE_RARE_CARDS","is_daily":false,"chose_seed":false,"campfire_upgraded":6,"win_rate":0.0,"timestamp":1613496351,"path_taken":["M","M","?","M","?","R","E","M","T","?","?","E","M","?","R","BOSS","M","?","$","M","?","E","M","R","T","E","M","$","?","M","R","BOSS","M","?","M","$","M","R","M","?","T","?","E","M","M","?","R","BOSS"],"items_purchased_type":["Card","Relic","Card","Card","Card"],"build_version":"2020-12-22","purchased_purges":3,"victory":true,"max_hp_per_floor":[70,70,70,70,70,70,70,70,70,70,70,70,70,70,70,70,70,70,70,70,70,70,70,70,70,70,70,70,70,70,70,70,70,70,70,70,70,70,70,70,70,70,70,70,70,70,70,70,70,70],"relic_stats":{"Blood Vial":44,"Torii":7,"counters":[28,109],"Mummified Hand":[65],"Art of War":[4],"Juzu Bracelet":1,"Medical Kit":[4],"obtain_stats":[{"Torii":23,"Juzu Bracelet":12,"Bottled Tornado":26,"Medical Kit":20,"Ancient Tea Set":45,"Blood Vial":9,"Ninja Scroll":5,"Mummified Hand":27,"Philosopher\u0027s Stone":34,"Art of War":7,"Ring of the Serpent":17,"FossilizedHelix":44,"Unceasing Top":48,"Ring of the Snake":0},{"Torii":13,"Juzu Bracelet":8,"Bottled Tornado":14,"Medical Kit":11,"Ancient Tea Set":24,"Blood Vial":6,"Ninja Scroll":4,"Mummified Hand":15,"Philosopher\u0027s Stone":18,"Art of War":5,"Ring of the Serpent":10,"FossilizedHelix":23,"Unceasing Top":27,"Ring of the Snake":0},{"Torii":52,"Juzu Bracelet":27,"Bottled Tornado":55,"Medical Kit":46,"Ancient Tea Set":92,"Blood Vial":20,"Ninja Scroll":12,"Mummified Hand":59,"Philosopher\u0027s Stone":73,"Art of War":19,"Ring of the Serpent":43,"FossilizedHelix":88,"Unceasing Top":102,"Ring of the Snake":0}],"Unceasing Top":[8]},"card_choices":[{"not_picked":["Tools of the Trade","Night Terror"],"picked":"Storm of Steel","floor":0.0},{"not_picked":["Leg Sweep","Quick Slash"],"picked":"Poisoned Stab","floor":1.0},{"not_picked":["Calculated Gamble","Heel Hook"],"picked":"Dagger Throw","floor":2.0},{"not_picked":["Deflect","Backstab"],"picked":"Accuracy","floor":3.0},{"not_picked":["Finisher","Tactician"],"picked":"Backflip","floor":4},{"not_picked":["Prepared","Dagger Throw"],"picked":"Underhanded Strike","floor":7},{"not_picked":["Cloak And Dagger","Slice"],"picked":"Acrobatics","floor":8},{"not_picked":["Crippling Poison","Flying Knee"],"picked":"Backflip","floor":10},{"not_picked":["Bouncing Flask","Footwork"],"picked":"Reflex","floor":12},{"not_picked":["Backflip","Die Die Die"],"picked":"Footwork","floor":13},{"not_picked":["Unload","Night Terror"],"picked":"Adrenaline","floor":16},{"not_picked":["Bane","Bouncing Flask"],"picked":"Backflip+1","floor":18},{"not_picked":["Eviscerate","Blur+1"],"picked":"Cloak And Dagger","floor":21},{"not_picked":["Night Terror","Terror","Dodge and Roll"],"picked":"SKIP","floor":23},{"not_picked":["Underhanded Strike","Outmaneuver+1"],"picked":"Blade Dance","floor":24},{"not_picked":["Bane","Deadly Poison"],"picked":"Cloak And Dagger+1","floor":27},{"not_picked":["Cloak And Dagger","Quick Slash","Deadly Poison"],"picked":"SKIP","floor":28},{"not_picked":["PiercingWail+1","Deflect","Caltrops+1"],"picked":"SKIP","floor":31},{"not_picked":["Tools of the Trade","Night Terror"],"picked":"After Image","floor":33},{"not_picked":["Acrobatics","Backflip+1","Cloak And Dagger"],"picked":"SKIP","floor":35},{"not_picked":["Bane+1","Slice"],"picked":"Concentrate","floor":37},{"not_picked":["Terror","Blade Dance","PiercingWail+1"],"picked":"SKIP","floor":39},{"not_picked":["Acrobatics","Caltrops","Noxious Fumes+1"],"picked":"SKIP","floor":41},{"not_picked":["Finesse","Transmutation"],"picked":"Panache","floor":42},{"not_picked":["Thinking Ahead","Magnetism"],"picked":"Finesse","floor":42},{"not_picked":["Mind Blast","Dark Shackles"],"picked":"Madness","floor":42},{"not_picked":["Terror","Dagger Throw"],"picked":"Finisher+1","floor":45},{"not_picked":["Flechettes+1","Acrobatics+1","Slice"],"picked":"SKIP","floor":46},{"not_picked":["Crippling Poison+1","Quick Slash+1","Dodge and Roll"],"picked":"SKIP","floor":47},{"not_picked":["Blade Dance","Riddle With Holes+1"],"picked":"Terror+1","floor":48}],"player_experience":578491,"relics_obtained":[{"floor":7,"key":"Art of War"},{"floor":9,"key":"Blood Vial"},{"floor":12,"key":"Juzu Bracelet"},{"floor":23,"key":"Torii"},{"floor":26,"key":"Bottled Tornado"},{"floor":27,"key":"Mummified Hand"},{"floor":44,"key":"FossilizedHelix"},{"floor":45,"key":"Ancient Tea Set"},{"floor":48,"key":"Unceasing Top"}],"event_choices":[{"damage_healed":0,"gold_gain":0,"player_choice":"Gave Potion","damage_taken":0,"relics_obtained":["Ninja Scroll"],"max_hp_gain":0,"max_hp_loss":0,"event_name":"WeMeetAgain","floor":5,"gold_loss":0},{"damage_healed":0,"gold_gain":0,"player_choice":"Entered Light","damage_taken":14,"max_hp_gain":0,"max_hp_loss":0,"event_name":"Shining Light","floor":11,"gold_loss":0,"cards_upgraded":["Defend_G","Defend_G"]},{"cards_removed":["Strike_G"],"damage_healed":0,"gold_gain":0,"player_choice":"Forget","damage_taken":0,"max_hp_gain":0,"max_hp_loss":0,"event_name":"Living Wall","floor":14,"gold_loss":0},{"damage_healed":0,"gold_gain":0,"player_choice":"Upgraded","damage_taken":0,"max_hp_gain":0,"max_hp_loss":0,"event_name":"Upgrade Shrine","floor":19,"gold_loss":0,"cards_upgraded":["Accuracy"]},{"damage_healed":0,"gold_gain":99,"player_choice":"Stole From Cult","damage_taken":0,"max_hp_gain":0,"max_hp_loss":0,"event_name":"Nest","floor":22,"gold_loss":0},{"damage_healed":0,"gold_gain":200,"player_choice":"Gold","damage_taken":0,"max_hp_gain":0,"max_hp_loss":0,"event_name":"Wheel of Change","floor":30,"gold_loss":0},{"damage_healed":0,"gold_gain":0,"player_choice":"Ignored","damage_taken":0,"max_hp_gain":0,"max_hp_loss":0,"event_name":"Tomb of Lord Red Mask","floor":36,"gold_loss":0},{"damage_healed":0,"gold_gain":0,"player_choice":"Memory 3","damage_taken":10,"max_hp_gain":0,"max_hp_loss":0,"event_name":"SensoryStone","floor":42,"gold_loss":0},{"damage_healed":0,"gold_gain":0,"player_choice":"Fight","damage_taken":0,"max_hp_gain":0,"max_hp_loss":0,"event_name":"MindBloom","floor":44,"gold_loss":0},{"damage_healed":0,"gold_gain":0,"player_choice":"Fight","damage_taken":0,"max_hp_gain":0,"max_hp_loss":0,"event_name":"Mysterious Sphere","floor":48,"gold_loss":0}],"is_beta":false,"boss_relics":[{"not_picked":["Pandora\u0027s Box","Velvet Choker"],"picked":"Ring of the Serpent"},{"not_picked":["Runic Pyramid","SlaversCollar"],"picked":"Philosopher\u0027s Stone"}],"items_purged_floors":[20,29,38],"is_endless":false,"potions_floor_spawned":[1,7,10,12,13,21,28,31,39,44,46,47],"ascension_level":10}}