{"host":"xo0glkmxta74xh34","time":1613507279,"event":{"mods":["BaseMod","Downfall","Minty Spire (QoL Compilation)","Reliquary","Replay The Spire","StSLib"],"gold_per_floor":[99,117,117,132,132,132,132,157,157,67,94,94,79,64,77,181,181,181,181,181,181],"floor_reached":19,"language":"ENG","playtime":613,"items_purged":["bronze:Strike"],"score":205,"play_id":"2b2217b5-4418-4a3f-8db4-20fbf7d9ebbc","local_time":"20210216142759","is_ascension_mode":true,"campfire_choices":[{"data":"bronze:Replicate","floor":1.0,"key":"SMITH"},{"floor":6.0,"key":"REST"},{"data":"bronze:Spike","floor":9.0,"key":"SMITH"},{"floor":12.0,"key":"REST"},{"data":"bronze:Format","floor":18.0,"key":"SMITH"}],"circlet_count":0,"master_deck":["bronze:Replicate+1","bronze:Goto","bronze:Spike+1","bronze:WhirlingStrike","bronze:Shell","bronze:ChosenStrike","bronze:CleanCode","bronze:InfiniteBeams","bronze:InfiniteBeams","bronze:Break","bronze:BronzeArmor","bronze:Format+1","bronze:DelayedSlice"],"relics":["bronze:BronzeCore","Iron Hammer","Singing Bowl","Replay:Mystery Machine","Pandora\u0027s Box"],"acts_visited":["Exordium","TheCity"],"potions_floor_usage":[],"damage_taken":[{"damage":2.0,"enemies":"Small Slimes","floor":2.0,"turns":3.0},{"damage":22.0,"enemies":"Small Slimes","floor":3.0,"turns":4.0},{"damage":3.0,"enemies":"Jaw Worm","floor":4.0,"turns":4.0},{"damage":8.0,"enemies":"Gremlin Nob","floor":8.0,"turns":3.0},{"damage":0.0,"enemies":"downfall:FleeingMerchant","floor":10.0,"turns":4.0},{"damage":20.0,"enemies":"Lagavulin","floor":11.0,"turns":5.0},{"damage":0.0,"enemies":"downfall:FleeingMerchant","floor":13.0,"turns":4.0},{"damage":12.0,"enemies":"downfall:FleeingMerchant","floor":14.0,"turns":4.0},{"damage":0.0,"enemies":"Cultist","floor":15.0,"turns":2.0},{"damage":38.0,"enemies":"DF_ARCHETYPE_STREAMLINE","floor":16.0,"turns":7.0},{"damage":0,"enemies":"downfall:FleeingMerchant","floor":19,"turns":1}],"seed_played":"8519498820858156397","potions_obtained":[{"floor":8.0,"key":"SkillPotion"},{"floor":15.0,"key":"Slimebound:ThreeZeroPotion"}],"is_trial":false,"path_per_floor":["R","M","?","M","?","R","T","E","R","$","E","R","$","$","M","B",null,"R","$"],"character_chosen":"THE_AUTOMATON","items_purchased":[],"campfire_rested":2,"item_purchase_floors":[],"current_hp_per_floor":[77,75,53,50,50,73,73,65,65,67,47,70,72,62,64,26,85,85,85,85,85],"gold":181,"neow_bonus":"TEN_PERCENT_HP_BONUS","is_daily":false,"chose_seed":false,"campfire_upgraded":3,"win_rate":0.0,"timestamp":1613507279,"path_taken":["R","M","?","M","?","R","T","E","R","$","E","R","?","$","M","BOSS","R","$"],"items_purchased_type":[],"build_version":"2020-12-22","purchased_purges":1,"victory":false,"max_hp_per_floor":[77,77,77,77,77,77,77,77,77,79,79,79,81,83,85,85,85,85,85,85,85],"card_choices":[{"not_picked":["bronze:WhirlingStrike","bronze:BugBarrage","bronze:DigitalCarnage"],"picked":"SKIP","floor":2.0},{"not_picked":[],"picked":"bronze:Spike","floor":3.0},{"not_picked":["bronze:Allocate","bronze:Iterate"],"picked":"bronze:WhirlingStrike","floor":4.0},{"not_picked":["bronze:Boost","bronze:InfiniteBeams"],"picked":"bronze:Shell","floor":8.0},{"not_picked":["bronze:CutThrough","bronze:Break","bronze:CloningBeam"],"picked":"Singing Bowl","floor":10.0},{"not_picked":["bronze:Frontload","bronze:CutThrough"],"picked":"bronze:ChosenStrike","floor":11.0},{"not_picked":["bronze:ForLoop","bronze:FineTuning","bronze:Turbo"],"picked":"Singing Bowl","floor":13.0},{"not_picked":["bronze:ChildClass","bronze:Deprecate","bronze:MaxOutput"],"picked":"Singing Bowl","floor":14.0},{"not_picked":["bronze:DarkDash","bronze:Frontload","bronze:BugBarrage"],"picked":"Singing Bowl","floor":15.0},{"not_picked":["bronze:HyperBeam","bronze:Format"],"picked":"bronze:CleanCode","floor":16.0}],"player_experience":494246,"relics_obtained":[{"floor":7.0,"key":"Iron Hammer"},{"floor":8.0,"key":"Singing Bowl"},{"floor":11.0,"key":"Replay:Mystery Machine"}],"event_choices":[{"cards_removed":["bronze:Strike"],"damage_healed":0.0,"max_hp_gain":0.0,"max_hp_loss":0.0,"gold_gain":0.0,"event_name":"The Cleric","player_choice":"Card Removal","floor":5.0,"gold_loss":0.0,"damage_taken":0.0}],"is_beta":false,"boss_relics":[{"not_picked":["Honey Jar","Coffee Dripper"],"picked":"Pandora\u0027s Box"}],"items_purged_floors":[10],"is_endless":false,"potions_floor_spawned":[8,15],"killed_by":"downfall:FleeingMerchant","ascension_level":1}}