{"host":"g7uq9uzahx9e0kti","time":1613472271,"event":{"mods":["AchievementEnabler","BaseMod","CapriCore","Hermit","Koishi","Minty Spire (QoL Compilation)","Permanent Neow","Quick Restart","StSLib","SuperFastMode","The Cursed","The Hierophant","The Immortal","The Runesmith","Together in Spire","WarShipGirlsR/??á´Ò³R mod"],"gold_per_floor":[119,119,119,129,142,172,172,172,172,184,241,254,280,299,299,400,400,413,413,433,433,451,479,499,499,523,523,523],"floor_reached":27,"language":"KOR","playtime":1949,"items_purged":[],"score":245,"play_id":"42cd8db6-461b-4553-86a1-1103b8e94bc7","local_time":"20210216194431","is_ascension_mode":false,"campfire_choices":[{"data":"hermit:TakeAim","floor":8,"key":"SMITH"},{"data":"hermit:Glare","floor":15,"key":"SMITH"},{"floor":25,"key":"REST"}],"circlet_count":0,"master_deck":["hermit:Strike_Hermit","hermit:Strike_Hermit","hermit:Strike_Hermit","hermit:Defend_Hermit","hermit:Defend_Hermit","hermit:Defend_Hermit+1","hermit:Defend_Hermit","hermit:Snapshot+1","hermit:Covet","hermit:FinalCanter","hermit:GhostlyPresence","hermit:Combo","hermit:TakeAim+1","hermit:FinalCanter","hermit:FromBeyond+1","hermit:Quickdraw","hermit:CursedWeapon+1","hermit:Manifest","hermit:Magnum","hermit:Glare+1","hermit:RoundhouseKick+1","hermit:Shortfuse+1","hermit:BigShot","hermit:DeadOrAlive"],"relics":["hermit:Momento","Peace Pipe","InkBottle","Meat on the Bone","Nunchaku","Blood Vial","Black Star","MutagenicStrength","hermit:Horseshoe","War Paint","Whetstone"],"acts_visited":["Exordium","TheCity"],"potions_floor_usage":[11,13,23,23,27],"damage_taken":[{"damage":7,"enemies":"Small Slimes","floor":1,"turns":3},{"damage":0,"enemies":"Jaw Worm","floor":4,"turns":2},{"damage":3,"enemies":"Cultist","floor":5,"turns":5},{"damage":17,"enemies":"3 Sentries","floor":6,"turns":9},{"damage":0,"enemies":"3 Louse","floor":10,"turns":4},{"damage":29,"enemies":"Lagavulin Event","floor":11,"turns":6},{"damage":4,"enemies":"Looter","floor":12,"turns":3},{"damage":21,"enemies":"Lagavulin","floor":13,"turns":8},{"damage":2,"enemies":"Large Slime","floor":14,"turns":5},{"damage":40,"enemies":"The Guardian","floor":16,"turns":11},{"damage":31,"enemies":"Shell Parasite","floor":18,"turns":7},{"damage":16,"enemies":"2 Thieves","floor":20,"turns":5},{"damage":26,"enemies":"Sentry and Sphere","floor":22,"turns":4},{"damage":56,"enemies":"Slavers","floor":23,"turns":9},{"damage":12,"enemies":"Snake Plant","floor":24,"turns":4},{"damage":44,"enemies":"Book of Stabbing","floor":27,"turns":5}],"seed_played":"-2389163088637581195","potions_obtained":[{"floor":4,"key":"AttackPotion"},{"floor":10,"key":"SpeedPotion"},{"floor":12,"key":"ColorlessPotion"},{"floor":14,"key":"hermit:Tonic"},{"floor":20,"key":"FairyPotion"},{"floor":23,"key":"Energy Potion"}],"is_trial":false,"path_per_floor":["M","?","?","M","M","E","?","R","T","M","?","M","E","M","R","B",null,"M","?","M","?","M","E","M","R","T","E"],"character_chosen":"HERMIT","items_purchased":[],"campfire_rested":1,"item_purchase_floors":[],"current_hp_per_floor":[68,65,65,65,62,45,45,45,45,45,28,36,27,39,39,13,75,44,44,42,42,30,17,19,41,41,0,0],"gold":523,"neow_bonus":"TRANSFORM_CARD","is_daily":false,"chose_seed":false,"campfire_upgraded":2,"win_rate":0.0,"timestamp":1613472271,"path_taken":["M","?","?","M","?","E","?","R","T","M","?","M","E","M","R","BOSS","M","?","M","?","?","E","M","R","T","E"],"items_purchased_type":[],"build_version":"2020-12-22","purchased_purges":0,"victory":false,"max_hp_per_floor":[75,75,75,75,75,75,75,75,75,75,75,75,75,75,75,75,75,75,75,75,75,75,75,75,75,75,75,75],"card_choices":[{"not_picked":["hermit:CalledShot","hermit:Desperado"],"picked":"hermit:GhostlyPresence","floor":1},{"not_picked":["hermit:Coalescence","hermit:Vantage"],"picked":"hermit:Combo","floor":4},{"not_picked":["hermit:Glare","hermit:Misfire"],"picked":"hermit:TakeAim","floor":5},{"not_picked":["hermit:ShadowCloak","hermit:Midnight"],"picked":"hermit:FinalCanter","floor":6},{"not_picked":[],"picked":"hermit:FromBeyond","floor":7},{"not_picked":["hermit:Desperado","hermit:NoHoldsBarred"],"picked":"hermit:Quickdraw","floor":10},{"not_picked":["hermit:FullyLoaded","hermit:TrackingShot"],"picked":"hermit:CursedWeapon","floor":11},{"not_picked":["hermit:Desperado","hermit:HighCaliber"],"picked":"hermit:Manifest","floor":12},{"not_picked":["hermit:Ricochet","hermit:HoleUp"],"picked":"hermit:Magnum","floor":13},{"not_picked":["hermit:Misfire","hermit:Vantage"],"picked":"hermit:Glare","floor":14},{"not_picked":["hermit:FatalDesire","hermit:Roughhouse"],"picked":"hermit:RoundhouseKick","floor":16},{"not_picked":["hermit:HighCaliber","hermit:TrackingShot+1","hermit:CalledShot+1"],"picked":"SKIP","floor":18},{"not_picked":["hermit:Coalescence","hermit:DeadMansHand"],"picked":"hermit:Shortfuse+1","floor":20},{"not_picked":["hermit:HighCaliber+1","hermit:TakeAim","hermit:NoHoldsBarred"],"picked":"SKIP","floor":22},{"not_picked":["hermit:BigShot","hermit:BodyArmor","hermit:Virtue"],"picked":"SKIP","floor":23},{"not_picked":["hermit:BodyArmor","hermit:Virtue"],"picked":"hermit:BigShot","floor":23},{"not_picked":["hermit:Dive","hermit:Vantage"],"picked":"hermit:DeadOrAlive","floor":24}],"player_experience":103512,"relics_obtained":[{"floor":6,"key":"InkBottle"},{"floor":9,"key":"Meat on the Bone"},{"floor":11,"key":"Nunchaku"},{"floor":13,"key":"Blood Vial"},{"floor":23,"key":"hermit:Horseshoe"},{"floor":23,"key":"War Paint"},{"floor":26,"key":"Whetstone"}],"event_choices":[{"damage_healed":0,"gold_gain":0,"player_choice":"Success","damage_taken":3,"relics_obtained":["Peace Pipe"],"max_hp_gain":0,"max_hp_loss":0,"event_name":"Scrap Ooze","floor":2,"gold_loss":0},{"damage_healed":0,"gold_gain":0,"player_choice":"Upgraded","damage_taken":0,"max_hp_gain":0,"max_hp_loss":0,"event_name":"Upgrade Shrine","floor":3,"gold_loss":0,"cards_upgraded":["hermit:Snapshot"]},{"damage_healed":0,"gold_gain":30,"player_choice":"Searched \u00272\u0027 times","damage_taken":0,"max_hp_gain":0,"max_hp_loss":0,"event_name":"Dead Adventurer","floor":11,"gold_loss":0},{"damage_healed":0,"gold_gain":0,"player_choice":"Inject Mutagens","damage_taken":0,"relics_obtained":["MutagenicStrength"],"max_hp_gain":0,"max_hp_loss":0,"event_name":"Drug Dealer","floor":19,"gold_loss":0},{"damage_healed":0,"gold_gain":0,"player_choice":"Ignored","damage_taken":0,"max_hp_gain":0,"max_hp_loss":0,"event_name":"NoteForYourself","floor":21,"gold_loss":0}],"is_beta":false,"boss_relics":[{"not_picked":["Busted Crown","hermit:DentedPlate"],"picked":"Black Star"}],"items_purged_floors":[],"is_endless":false,"potions_floor_spawned":[4,10,12,14,20,23],"killed_by":"Book of Stabbing","ascension_level":0}}