{"host":"l7ku00cw7dmofayg","time":1613511304,"event":{"mods":["ATMod(°¢èªMod)","BaseMod","Dota2Spire","Marisa£¨ìFÓê¡¡Ä§ÀíÉ³£©","Minty Spire (QoL Compilation)","StSLib","The Invoker Mod"],"gold_per_floor":[109,188,188,338,354,397,410,451,475,491,516,555,574,160,160,265,265,284,303,350,23,23,77,96,303,303,315,358,370,442,524,536,699,711,766,351,430,81,81,116,116,155,155,196,230,230,105,145,145,225],"floor_reached":51,"language":"ZHS","playtime":1735,"items_purged":["Doubt","Shame","Strike_MRS"],"score":1874,"play_id":"fa39f03d-b02a-4f0b-b916-e9eb9d7c4d3e","local_time":"20210217053504","is_ascension_mode":true,"campfire_choices":[{"data":"MillisecondPulsars","floor":15.0,"key":"SMITH"},{"floor":27.0,"key":"REST"},{"floor":29.0,"key":"REST"},{"floor":32.0,"key":"REST"},{"data":"AT_OneInchPunch","floor":41,"key":"SMITH"},{"data":"AT_EmpoweredMortalDraw","floor":46,"key":"SMITH"},{"data":"SatelliteIllusion","floor":49,"key":"SMITH"}],"circlet_count":0,"master_deck":["AscendersBane","Strike_MRS","Strike_MRS","Strike_MRS","Defend_MRS","Defend_MRS","Defend_MRS","Defend_MRS","MasterSpark","UpSweep","Trip","AT_OneInchPunch+1","LuminesStrike","6A","EarthLightRay","6A","AsteroidBelt","MysteriousBeam","Robbery","MagicAbsorber","AsteroidBelt","MillisecondPulsars+1","NonDirectionalLaser","MilkyWay","BlazeAway","SatelliteIllusion+1","AT_EmpoweredMortalDraw+1","GalacticHalo","WitchOfGreed","BlazeAway","IllusionStar+1","UnstableBomb","NonDirectionalLaser","6A+1","CasketOfStar","MachineGunSpark","DeepEcoloBomb","Discovery","Forethought","DeepEcoloBomb+1","MagicChant+1","Orbital"],"relics":["MiniHakkero","AT_ATBox","Golden Idol","AT_ArcaneBoots","AT_BladeRuinedKing","Dream Catcher","Orrery","AT_MortalBlade","Ornamental Fan","Gambling Chip","Dota2Spire:Butterfly","MealTicket","MawBank","Red Mask","Dota2Spire:Bloodstone","AT_LudenTempest","CatCart","Dota2Spire:BattleFury","Molten Egg 2","BreadOfAWashokuLover","AT_SunfireAegis"],"acts_visited":["Exordium","TheCity","TheBeyond"],"potions_floor_usage":[50,50],"damage_taken":[{"damage":0.0,"enemies":"Cultist","floor":1.0,"turns":2.0},{"damage":0.0,"enemies":"2 Louse","floor":5.0,"turns":2.0},{"damage":5.0,"enemies":"Gremlin Nob","floor":6.0,"turns":3.0},{"damage":7.0,"enemies":"Jaw Worm","floor":7.0,"turns":3.0},{"damage":20.0,"enemies":"Lagavulin","floor":8.0,"turns":4.0},{"damage":0.0,"enemies":"Looter","floor":10.0,"turns":2.0},{"damage":2.0,"enemies":"3 Louse","floor":11.0,"turns":2.0},{"damage":7.0,"enemies":"Exordium Wildlife","floor":12.0,"turns":3.0},{"damage":0.0,"enemies":"Blue Slaver","floor":13.0,"turns":2.0},{"damage":4.0,"enemies":"Hexaghost","floor":16.0,"turns":5.0},{"damage":0.0,"enemies":"Chosen","floor":18.0,"turns":2.0},{"damage":5.0,"enemies":"Spheric Guardian","floor":19.0,"turns":4.0},{"damage":2.0,"enemies":"Cultist and Chosen","floor":20.0,"turns":4.0},{"damage":21.0,"enemies":"Slavers","floor":23.0,"turns":4.0},{"damage":20.0,"enemies":"Shelled Parasite and Fungi","floor":24.0,"turns":2.0},{"damage":14.0,"enemies":"Book of Stabbing","floor":25.0,"turns":4.0},{"damage":0.0,"enemies":"Masked Bandits","floor":28.0,"turns":2.0},{"damage":8.0,"enemies":"Snecko","floor":30.0,"turns":4.0},{"damage":8.0,"enemies":"Chosen and Byrds","floor":31.0,"turns":3.0},{"damage":29.0,"enemies":"Champ","floor":33.0,"turns":6.0},{"damage":1.0,"enemies":"Orb Walker","floor":35.0,"turns":3.0},{"damage":0,"enemies":"Orin","floor":37,"turns":5},{"damage":5,"enemies":"Giant Head","floor":40,"turns":3},{"damage":0,"enemies":"3 Darklings","floor":42,"turns":2},{"damage":0,"enemies":"Nemesis","floor":44,"turns":2},{"damage":0,"enemies":"Transient","floor":45,"turns":3},{"damage":21,"enemies":"4 Shapes","floor":48,"turns":2},{"damage":5,"enemies":"Awakened One","floor":50,"turns":4}],"seed_played":"-5378998047325450433","potions_obtained":[{"floor":1.0,"key":"Explosive Potion"},{"floor":6.0,"key":"Dexterity Potion"},{"floor":8.0,"key":"AttackPotion"},{"floor":10.0,"key":"PowerPotion"},{"floor":16.0,"key":"EssenceOfSteel"},{"floor":19.0,"key":"PowerPotion"},{"floor":20.0,"key":"LiquidBronze"},{"floor":23.0,"key":"EssenceOfSteel"},{"floor":25.0,"key":"Energy Potion"},{"floor":30.0,"key":"Regen Potion"},{"floor":31.0,"key":"LiquidBronze"},{"floor":33.0,"key":"LiquidBronze"},{"floor":35.0,"key":"Dexterity Potion"},{"floor":35.0,"key":"PowerPotion"},{"floor":37,"key":"SkillPotion"}],"is_trial":false,"path_per_floor":["M","?","?","?","M","E","M","E","T","M","M","M","M","$","R","B",null,"M","M","M","$","?","E","M","E","T","R","?","R","M","M","R","B",null,"M","$","?","$","?","E","R","M","T","E","M","R","$","M","R","B",null],"character_chosen":"MARISA","items_purchased":["MillisecondPulsars","Orrery","Ornamental Fan","WitchOfGreed","AT_LudenTempest","Dota2Spire:BattleFury","DeepEcoloBomb"],"campfire_rested":3,"item_purchase_floors":[14,14,21,21,36,38,38],"current_hp_per_floor":[63,63,63,63,63,58,55,39,39,43,41,34,34,34,34,30,55,55,54,56,56,56,35,15,1,1,19,19,37,33,38,56,27,54,53,63,63,63,58,57,57,57,57,57,57,57,63,42,42,41],"gold":225,"neow_bonus":"RANDOM_COLORLESS","is_daily":false,"chose_seed":false,"campfire_upgraded":4,"win_rate":0.0,"timestamp":1613511304,"path_taken":["M","?","?","?","M","E","M","E","T","M","M","M","M","$","R","BOSS","M","M","M","$","?","E","M","E","T","R","?","R","M","M","R","BOSS","M","$","?","$","?","E","R","M","T","E","M","R","?","M","R","BOSS"],"items_purchased_type":["Card","Relic","Relic","Card","Relic","Relic","Card"],"build_version":"2020-12-22","purchased_purges":3,"victory":true,"max_hp_per_floor":[70,70,63,63,63,63,63,63,63,63,63,63,63,63,63,63,63,63,63,63,63,63,63,63,63,63,63,63,63,63,63,63,63,63,63,63,63,63,63,63,63,63,63,63,63,63,63,63,63,63],"card_choices":[{"not_picked":["Blind","Swift Strike"],"picked":"Trip","floor":0.0},{"not_picked":["WitchLeyline","DragonMeteor"],"picked":"LuminesStrike","floor":1.0},{"not_picked":["FairyDestructionRay","AsteroidBelt"],"picked":"6A","floor":5.0},{"not_picked":["UnstableBomb","SprinkleStarSeal"],"picked":"EarthLightRay","floor":6.0},{"not_picked":["GasGiant","ShootingEcho"],"picked":"6A","floor":7.0},{"not_picked":["DoubleSpark","StarBarrage"],"picked":"AsteroidBelt","floor":8.0},{"not_picked":["UnstableBomb","DarkMatter"],"picked":"MysteriousBeam","floor":10.0},{"not_picked":["StarlightTyphoon","AbsoluteMagnitude"],"picked":"Robbery","floor":11.0},{"not_picked":["DoubleSpark","ManaConvection"],"picked":"MagicAbsorber","floor":12.0},{"not_picked":["SporeBomb","MysteriousBeam"],"picked":"AsteroidBelt","floor":13.0},{"not_picked":["WitchOfGreed","DC"],"picked":"NonDirectionalLaser","floor":14.0},{"not_picked":["GravityBeat","MagicAbsorber"],"picked":"MilkyWay","floor":14.0},{"not_picked":["MysteriousBeam","SprinkleStarSeal"],"picked":"BlazeAway","floor":14.0},{"not_picked":["BlazingStar","MillisecondPulsars"],"picked":"SatelliteIllusion","floor":16.0},{"not_picked":["NonDirectionalLaser+1","SporeBomb"],"picked":"GalacticHalo","floor":18.0},{"not_picked":["LuminesStrike","GasGiant","AlicesGift"],"picked":"SKIP","floor":19.0},{"not_picked":["BigCrunch","MagicAbsorber","AlicesGift"],"picked":"SKIP","floor":20.0},{"not_picked":["MillisecondPulsars","LuminesStrike"],"picked":"BlazeAway","floor":23.0},{"not_picked":["PowerUp","AsteroidBelt"],"picked":"IllusionStar+1","floor":24.0},{"not_picked":["RefractionSpark","DoubleSpark"],"picked":"UnstableBomb","floor":25.0},{"not_picked":["PowerUp","MilkyWay"],"picked":"NonDirectionalLaser","floor":30.0},{"not_picked":["EventHorizon","EnergyFlow"],"picked":"6A+1","floor":31.0},{"not_picked":["JA","SuperNova"],"picked":"CasketOfStar","floor":33.0},{"not_picked":["WitchLeyline","UnstableBomb"],"picked":"MachineGunSpark","floor":35.0},{"not_picked":["Jack Of All Trades","Secret Weapon"],"picked":"Discovery","floor":39},{"not_picked":["PanicButton","Panacea"],"picked":"Forethought","floor":39},{"not_picked":["IllusionStar","EnergyRecoil"],"picked":"DeepEcoloBomb+1","floor":40},{"not_picked":["LuminesStrike+1","GalacticHalo"],"picked":"MagicChant+1","floor":42},{"not_picked":["WitchOfGreed","DoubleSpark+1","MilkyWay+1"],"picked":"SKIP","floor":44},{"not_picked":["NonDirectionalLaser+1","GalacticHalo","DC+1"],"picked":"SKIP","floor":45},{"not_picked":["PropBag","Robbery+1"],"picked":"Orbital","floor":48}],"player_experience":68044,"relics_obtained":[{"floor":6.0,"key":"AT_SpeedBoots"},{"floor":8.0,"key":"AT_BladeRuinedKing"},{"floor":9.0,"key":"Dream Catcher"},{"floor":23.0,"key":"Dota2Spire:Butterfly"},{"floor":25.0,"key":"MealTicket"},{"floor":26.0,"key":"MawBank"},{"floor":28.0,"key":"Red Mask"},{"floor":37,"key":"CatCart"},{"floor":40,"key":"Molten Egg 2"},{"floor":43,"key":"BreadOfAWashokuLover"},{"floor":44,"key":"AT_SunfireAegis"}],"event_choices":[{"damage_healed":0.0,"max_hp_gain":0.0,"max_hp_loss":0.0,"gold_gain":79.0,"event_name":"Golden Wing","player_choice":"Gained Gold","floor":2.0,"gold_loss":0.0,"damage_taken":0.0},{"damage_healed":0.0,"max_hp_gain":0.0,"max_hp_loss":7.0,"gold_gain":0.0,"event_name":"Golden Idol","player_choice":"Lose Max HP","floor":3.0,"gold_loss":0.0,"damage_taken":0.0,"relics_obtained":["Golden Idol"]},{"damage_healed":0.0,"max_hp_gain":0.0,"max_hp_loss":0.0,"gold_gain":150.0,"event_name":"Liars Game","player_choice":"AGREE","floor":4.0,"gold_loss":0.0,"damage_taken":0.0,"cards_obtained":["Doubt"]},{"damage_healed":0.0,"max_hp_gain":0.0,"max_hp_loss":0.0,"gold_gain":0.0,"event_name":"Addict","player_choice":"Stole Relic","floor":22.0,"gold_loss":0.0,"damage_taken":0.0,"relics_obtained":["Gambling Chip"],"cards_obtained":["Shame"]},{"damage_healed":0.0,"max_hp_gain":0.0,"max_hp_loss":0.0,"gold_gain":0.0,"event_name":"Masked Bandits","player_choice":"Fought Bandits","floor":28.0,"gold_loss":0.0,"damage_taken":0.0},{"damage_healed":0,"gold_gain":0,"player_choice":"Fight","damage_taken":0,"max_hp_gain":0,"max_hp_loss":0,"event_name":"OrinTheCat","floor":37,"gold_loss":0},{"damage_healed":0,"gold_gain":0,"player_choice":"Memory 2","damage_taken":5,"max_hp_gain":0,"max_hp_loss":0,"event_name":"SensoryStone","floor":39,"gold_loss":0}],"is_beta":false,"boss_relics":[{"not_picked":["Calling Bell","Velvet Choker"],"picked":"AT_MortalBlade"},{"not_picked":["Empty Cage","Sozu"],"picked":"Dota2Spire:Bloodstone"}],"items_purged_floors":[14,36,47],"is_endless":false,"potions_floor_spawned":[1,6,8,10,11,16,19,20,23,30,35,40,44],"ascension_level":17}}