{"host":"r3islh0l1a1ykxfu","time":1613504620,"event":{"mods":["BaseMod","Bestiary","Colored Map","Colored Powertips","Highlight Path","Minty Spire (QoL Compilation)","Relic Stats","Slay-I"],"gold_per_floor":[17,36,46,65,65,96,96,115,115,115,40,57,92,108,108,212,212,212,212,212,75,75,75,75,75,75],"floor_reached":25,"language":"ENG","playtime":3071,"items_purged":["Defend_R","Defend_R"],"score":271,"play_id":"ef98f46d-0d59-485f-b078-ab8cad8b270e","local_time":"20210216134340","is_ascension_mode":true,"campfire_choices":[{"floor":7.0,"key":"REST"},{"data":"Body Slam","floor":10.0,"key":"SMITH"},{"floor":15.0,"key":"REST"},{"floor":23,"key":"REST"}],"circlet_count":0,"master_deck":["Strike_R","Strike_R","Strike_R","Defend_R","Defend_R","Bash","Bloodletting","Fiend Fire","Iron Wave","Iron Wave","Iron Wave","Cleave","Flex","Body Slam+1","Rupture","Combust","Double Tap+1","Armaments+1","J.A.X.+1","Metallicize","Body Slam+1","Havoc+1"],"relics":["Burning Blood","Nunchaku","StrikeDummy","Toxic Egg 2","Ectoplasm"],"acts_visited":["Exordium","TheCity"],"potions_floor_usage":[25],"damage_taken":[{"damage":2.0,"enemies":"Jaw Worm","floor":1.0,"turns":3.0},{"damage":0.0,"enemies":"2 Louse","floor":2.0,"turns":3.0},{"damage":1.0,"enemies":"Cultist","floor":3.0,"turns":3.0},{"damage":7.0,"enemies":"Large Slime","floor":4.0,"turns":6.0},{"damage":35.0,"enemies":"Gremlin Nob","floor":6.0,"turns":5.0},{"damage":11.0,"enemies":"3 Louse","floor":8.0,"turns":2.0},{"damage":8.0,"enemies":"Blue Slaver","floor":12.0,"turns":3.0},{"damage":35.0,"enemies":"Lagavulin","floor":13.0,"turns":5.0},{"damage":15.0,"enemies":"Exordium Wildlife","floor":14.0,"turns":3.0},{"damage":28.0,"enemies":"Slime Boss","floor":16.0,"turns":7.0},{"damage":22.0,"enemies":"3 Byrds","floor":18.0,"turns":4.0},{"damage":3.0,"enemies":"Chosen","floor":19.0,"turns":4.0},{"damage":44,"enemies":"Snake Plant","floor":22,"turns":5},{"damage":27,"enemies":"Snecko","floor":24,"turns":4},{"damage":33,"enemies":"Centurion and Healer","floor":25,"turns":2}],"seed_played":"8818049609543538550","potions_obtained":[{"floor":1.0,"key":"Ancient Potion"},{"floor":4.0,"key":"LiquidBronze"},{"floor":6.0,"key":"PowerPotion"},{"floor":14.0,"key":"BlessingOfTheForge"}],"is_trial":false,"path_per_floor":["M","M","M","M","?","E","R","M","T","R","$","M","E","M","R","B",null,"M","M","?","$","M","R","M","M"],"character_chosen":"IRONCLAD","items_purchased":["Metallicize"],"campfire_rested":3,"item_purchase_floors":[21],"current_hp_per_floor":[80,80,80,79,84,55,80,75,75,75,75,73,44,35,60,38,73,57,60,60,60,22,47,26,0,0],"gold":75,"neow_bonus":"TRANSFORM_TWO_CARDS","is_daily":false,"chose_seed":false,"campfire_upgraded":1,"win_rate":0.0,"timestamp":1613504620,"path_taken":["M","M","M","M","?","E","R","M","T","R","$","M","E","M","R","BOSS","M","M","?","$","M","R","M","M"],"items_purchased_type":["Card"],"build_version":"2020-12-22","purchased_purges":2,"victory":false,"max_hp_per_floor":[80,80,80,80,85,85,85,85,85,85,85,85,85,85,85,85,85,85,85,85,85,85,85,85,85,85],"relic_stats":{"Nunchaku":[8],"counters":[15,59],"Ectoplasm":72,"obtain_stats":[{"Nunchaku":6,"Ectoplasm":17,"Toxic Egg 2":13,"StrikeDummy":9,"Burning Blood":0},{"Nunchaku":5,"Ectoplasm":10,"Toxic Egg 2":8,"StrikeDummy":6,"Burning Blood":0},{"Nunchaku":20,"Ectoplasm":40,"Toxic Egg 2":30,"StrikeDummy":22,"Burning Blood":0}],"Burning Blood":69},"card_choices":[{"not_picked":["Carnage","Warcry"],"picked":"Iron Wave","floor":1.0},{"not_picked":["True Grit","Headbutt"],"picked":"Iron Wave","floor":2.0},{"not_picked":["Wild Strike","Power Through"],"picked":"Iron Wave","floor":3.0},{"not_picked":["Intimidate","Second Wind"],"picked":"Cleave","floor":4.0},{"not_picked":["Perfected Strike","Flame Barrier"],"picked":"Flex","floor":6.0},{"not_picked":["Rampage","Feed"],"picked":"Body Slam","floor":8.0},{"not_picked":["Thunderclap","Feel No Pain"],"picked":"Rupture","floor":12.0},{"not_picked":["Infernal Blade+1","Searing Blow"],"picked":"Combust","floor":13.0},{"not_picked":["Burning Pact+1","Clothesline","Reckless Charge"],"picked":"SKIP","floor":14.0},{"not_picked":["Berserk","Barricade"],"picked":"Double Tap+1","floor":16.0},{"not_picked":["Shrug It Off+1","Dropkick+1"],"picked":"Armaments+1","floor":18.0},{"not_picked":["Flame Barrier+1","Dual Wield+1","Reckless Charge+1"],"picked":"SKIP","floor":19.0},{"not_picked":["Sever Soul","Thunderclap+1"],"picked":"Body Slam+1","floor":22},{"not_picked":["Anger","Pommel Strike+1"],"picked":"Havoc+1","floor":24}],"player_experience":1286521,"relics_obtained":[{"floor":6.0,"key":"Nunchaku"},{"floor":9.0,"key":"StrikeDummy"},{"floor":13.0,"key":"Toxic Egg 2"}],"event_choices":[{"damage_healed":0.0,"max_hp_gain":5.0,"max_hp_loss":0.0,"gold_gain":0.0,"event_name":"Big Fish","player_choice":"Donut","floor":5.0,"gold_loss":0.0,"damage_taken":0.0},{"damage_healed":0,"gold_gain":0,"player_choice":"Obtain J.A.X.","damage_taken":0,"max_hp_gain":0,"max_hp_loss":0,"event_name":"Drug Dealer","floor":20,"gold_loss":0,"cards_obtained":["J.A.X."]}],"is_beta":false,"boss_relics":[{"not_picked":["Coffee Dripper","Runic Dome"],"picked":"Ectoplasm"}],"items_purged_floors":[11,21],"is_endless":false,"potions_floor_spawned":[1,4,6,14,24],"killed_by":"Centurion and Healer","ascension_level":5}}