{"host":"or8fr2mp0k3eluj8","time":1613460359,"event":{"mods":["AchievementEnabler","BaseMod","Colored Map","DeckTracker","Minty Spire (QoL Compilation)","StSLib","SuperFastMode"],"gold_per_floor":[110,110,110,129,129,166,166,188,256,300,300,328,357,357,357,471,471,490,221,302,318,337,354,374,374,374,374,374],"floor_reached":27,"language":"KOR","playtime":801,"items_purged":["Strike_R"],"score":297,"play_id":"0b03aa10-733a-4006-b8c8-ae1b9ff305db","local_time":"20210216162559","is_ascension_mode":true,"campfire_choices":[{"data":"Bludgeon","floor":7,"key":"SMITH"},{"data":"Intimidate","floor":11,"key":"SMITH"},{"data":"Infernal Blade","floor":15,"key":"SMITH"},{"data":"Body Slam","floor":25,"key":"SMITH"}],"circlet_count":0,"master_deck":["Strike_R","Defend_R","Defend_R+1","Defend_R","Defend_R+1","Bash","Headbutt","Infernal Blade+1","Bludgeon+1","Ghostly Armor","Flex","Intimidate+1","Pommel Strike","Impervious","Body Slam+1","Shrug It Off","Metallicize+1","True Grit"],"relics":["Burning Blood","NeowsBlessing","CeramicFish","Question Card","War Paint","Toy Ornithopter","Philosopher\u0027s Stone","Strange Spoon","Bottled Flame","Mango"],"acts_visited":["Exordium","TheCity"],"potions_floor_usage":[16],"damage_taken":[{"damage":0,"enemies":"2 Louse","floor":1,"turns":2},{"damage":0,"enemies":"Cultist","floor":4,"turns":1},{"damage":0,"enemies":"Lagavulin","floor":6,"turns":1},{"damage":6,"enemies":"Small Slimes","floor":8,"turns":2},{"damage":20,"enemies":"3 Sentries","floor":10,"turns":6},{"damage":0,"enemies":"3 Louse","floor":12,"turns":5},{"damage":6,"enemies":"Gremlin Nob","floor":13,"turns":3},{"damage":58,"enemies":"Hexaghost","floor":16,"turns":8},{"damage":7,"enemies":"3 Byrds","floor":18,"turns":6},{"damage":21,"enemies":"Spheric Guardian","floor":21,"turns":4},{"damage":14,"enemies":"3 Cultists","floor":22,"turns":6},{"damage":17,"enemies":"Shelled Parasite and Fungi","floor":23,"turns":7},{"damage":15,"enemies":"Centurion and Healer","floor":24,"turns":4},{"damage":51,"enemies":"Gremlin Leader","floor":27,"turns":6}],"seed_played":"-5285731899420734750","potions_obtained":[{"floor":1,"key":"SmokeBomb"},{"floor":8,"key":"EssenceOfSteel"},{"floor":10,"key":"Energy Potion"},{"floor":16,"key":"Dexterity Potion"}],"is_trial":false,"path_per_floor":["M","?","$","M","?","E","R","M","T","E","R","M","E","?","R","B",null,"M","$","T","M","M","M","M","R","T","E"],"character_chosen":"IRONCLAD","items_purchased":["Strange Spoon","Shrug It Off"],"campfire_rested":0,"item_purchase_floors":[19,19],"current_hp_per_floor":[80,80,80,80,80,80,80,80,80,66,66,72,72,72,72,25,80,79,79,79,64,56,45,36,36,50,0,0],"gold":374,"neow_bonus":"THREE_ENEMY_KILL","is_daily":false,"chose_seed":false,"campfire_upgraded":4,"win_rate":0.0,"timestamp":1613460359,"path_taken":["M","?","$","?","?","E","R","M","T","E","R","M","E","?","R","BOSS","M","$","?","M","M","M","?","R","T","E"],"items_purchased_type":["Relic","Card"],"build_version":"2020-12-22","purchased_purges":1,"victory":false,"max_hp_per_floor":[80,80,80,80,80,80,80,80,80,80,80,80,80,80,80,80,80,80,80,80,80,80,80,80,80,94,94,94],"card_choices":[{"not_picked":["Fire Breathing","Feel No Pain"],"picked":"Headbutt","floor":1},{"not_picked":["Headbutt","Reckless Charge"],"picked":"Infernal Blade","floor":4},{"not_picked":["Second Wind","Power Through"],"picked":"Ghostly Armor","floor":6},{"not_picked":["Armaments","Metallicize"],"picked":"Flex","floor":8},{"not_picked":["Shrug It Off","Entrench","Warcry"],"picked":"Intimidate","floor":10},{"not_picked":["Anger","Armaments","Heavy Blade"],"picked":"Pommel Strike","floor":12},{"not_picked":["Reckless Charge","Iron Wave","Pommel Strike","Headbutt"],"picked":"SKIP","floor":13},{"not_picked":["Brutality","Immolate","Fiend Fire"],"picked":"Impervious","floor":16},{"not_picked":["Cleave","Wild Strike+1","Second Wind"],"picked":"Body Slam","floor":18},{"not_picked":["Searing Blow","Power Through+1","Clothesline","Perfected Strike"],"picked":"SKIP","floor":21},{"not_picked":["Disarm","Pommel Strike","Iron Wave"],"picked":"Metallicize+1","floor":22},{"not_picked":["Uppercut+1","Clash","Anger","Sword Boomerang"],"picked":"SKIP","floor":23},{"not_picked":["Armaments","Clash","Rupture"],"picked":"True Grit","floor":24}],"player_experience":361854,"relics_obtained":[{"floor":6,"key":"CeramicFish"},{"floor":9,"key":"Question Card"},{"floor":10,"key":"War Paint"},{"floor":13,"key":"Toy Ornithopter"},{"floor":20,"key":"Bottled Flame"},{"floor":26,"key":"Mango"}],"event_choices":[{"cards_removed":["Strike_R"],"damage_healed":0,"gold_gain":0,"player_choice":"Offered Basic","damage_taken":0,"max_hp_gain":0,"max_hp_loss":0,"event_name":"Bonfire Elementals","floor":2,"gold_loss":0},{"damage_healed":0,"gold_gain":0,"cards_transformed":["Strike_R"],"player_choice":"Change","damage_taken":0,"max_hp_gain":0,"max_hp_loss":0,"event_name":"Living Wall","floor":5,"gold_loss":0,"cards_obtained":["Bludgeon"]},{"cards_removed":["Strike_R"],"damage_healed":0,"gold_gain":0,"player_choice":"Purged","damage_taken":0,"max_hp_gain":0,"max_hp_loss":0,"event_name":"Purifier","floor":14,"gold_loss":0}],"is_beta":false,"boss_relics":[{"not_picked":["Empty Cage","Velvet Choker"],"picked":"Philosopher\u0027s Stone"}],"items_purged_floors":[19],"is_endless":false,"potions_floor_spawned":[1,8,10,16,18,24],"killed_by":"Gremlin Leader","ascension_level":3}}