{"host":"1lwxixhv2lzh5ag1","time":1613448399,"event":{"mods":["AchievementEnabler","BaseMod","Bestiary","Better Altar","Better Match","Better Note","Better Sensory Stone","Better Silent Start","Better Skull","Better Third Choice","BetterRewards","Colored Map","Colored Powertips","DeckTracker","Displayed Cursed Tome","Downfall","Fox Events","Hubris","Minty Spire (QoL Compilation)","Permanent Neow","Relic Stats","Reliquary","Replay The Spire","Spire Arcade","StSLib","Td1madao Mod","The Blue Laboratory","Uncapped","Waifu the Spire"],"gold_per_floor":[112,287,287,306,320,320,353,353,423,439,458,536,536,556,556,556,556],"floor_reached":16,"language":"ENG","playtime":521,"items_purged":[],"score":107,"play_id":"ba99851b-c2e9-4fa8-b622-60cd02908b44","local_time":"20210215230639","is_ascension_mode":true,"campfire_choices":[{"data":"Caltrops","floor":6,"key":"SMITH"},{"floor":13,"key":"REST"},{"data":"Bane","floor":15,"key":"SMITH"}],"circlet_count":0,"master_deck":["Strike_G","Strike_G","Strike_G","Strike_G","Defend_G","Defend_G","Defend_G","Defend_G","Survivor","Neutralize","Deadly Poison","Doubt","Caltrops+1","Slice","Cloak And Dagger","Blade Dance","Deadly Poison","Bane+1"],"relics":["Ring of the Snake","Replay:Wax Seal","hubris:Towel","Replay:Accelerometer","Replay:WaspNest"],"acts_visited":["Exordium"],"potions_floor_usage":[],"damage_taken":[{"damage":7,"enemies":"Jaw Worm","floor":1,"turns":5},{"damage":1,"enemies":"2 Louse","floor":4,"turns":3},{"damage":4,"enemies":"Cultist","floor":5,"turns":5},{"damage":14,"enemies":"Replay:BlueRogue","floor":7,"turns":6},{"damage":12,"enemies":"Looter","floor":10,"turns":4},{"damage":8,"enemies":"Blue Slaver","floor":11,"turns":4},{"damage":8,"enemies":"Lots of Slimes","floor":14,"turns":4},{"damage":50,"enemies":"Slime Boss","floor":16,"turns":6}],"seed_played":"-2528614078111676001","potions_obtained":[{"floor":7,"key":"blueLaboratory:ArtificerPotion"},{"floor":11,"key":"Doom Potion"}],"is_trial":false,"path_per_floor":["M","?","?","M","M","R","E","?","T","M","M","T","R","M","R_BF","B"],"character_chosen":"THE_SILENT","items_purchased":[],"campfire_rested":1,"item_purchase_floors":[],"current_hp_per_floor":[70,70,74,73,69,69,55,55,55,43,35,35,58,50,50,0,0],"gold":556,"neow_bonus":"TEN_PERCENT_HP_BONUS","is_daily":false,"chose_seed":false,"campfire_upgraded":2,"win_rate":0.0,"timestamp":1613448399,"path_taken":["M","?","?","M","?","R","E","?","T","M","M","?","R","M","R_BF","BOSS"],"items_purchased_type":[],"build_version":"2020-12-22","purchased_purges":0,"victory":false,"max_hp_per_floor":[77,77,77,77,77,77,77,77,77,77,77,77,77,77,77,77,77],"relic_stats":{"counters":[8,37],"obtain_stats":[{"Replay:Accelerometer":9,"Replay:WaspNest":12,"Replay:Wax Seal":7,"hubris:Towel":8,"Ring of the Snake":0},{"Replay:Accelerometer":4,"Replay:WaspNest":6,"Replay:Wax Seal":4,"hubris:Towel":4,"Ring of the Snake":0},{"Replay:Accelerometer":19,"Replay:WaspNest":27,"Replay:Wax Seal":19,"hubris:Towel":19,"Ring of the Snake":0}],"Ring of the Snake":[40]},"card_choices":[{"not_picked":["Cloak And Dagger","Hidden Blade"],"picked":"Deadly Poison","floor":1},{"not_picked":["Underhanded Strike","Hidden Blade"],"picked":"Caltrops","floor":4},{"not_picked":["Hidden Blade","hubris:TrickCloak"],"picked":"Slice","floor":5},{"not_picked":["hubris:Counter","Glass Knife"],"picked":"Cloak And Dagger","floor":7},{"not_picked":["Outmaneuver","Poisoned Stab"],"picked":"Blade Dance","floor":10},{"not_picked":["Prepared","hubris:SlightOfHand"],"picked":"Deadly Poison","floor":11},{"not_picked":["Hidden Blade","Flying Knee"],"picked":"Bane","floor":14}],"player_experience":31954,"relics_obtained":[{"floor":7,"key":"Replay:Wax Seal"},{"floor":9,"key":"Replay:Accelerometer"},{"floor":12,"key":"Replay:WaspNest"}],"event_choices":[{"damage_healed":0,"gold_gain":175,"player_choice":"AGREE","damage_taken":112,"max_hp_gain":0,"max_hp_loss":0,"event_name":"betterThird:BetterSerpent","floor":2,"gold_loss":0},{"damage_healed":4,"gold_gain":0,"player_choice":"LEAVE ","damage_taken":0,"relics_obtained":[],"max_hp_gain":0,"max_hp_loss":0,"event_name":"betterSkull:BetterSkull","floor":3,"gold_loss":0,"cards_upgraded":[]}],"is_beta":false,"boss_relics":[],"items_purged_floors":[],"is_endless":false,"potions_floor_spawned":[7,11],"killed_by":"Slime Boss","ascension_level":1}}