{"host":"nv0c20v7c30k7ue5","time":1613436858,"event":{"mods":["2.2 Compatiblity","BaseMod","Bestiary","Colored Map","Colored Powertips","Downfall","Highlight Path","Jorbs\u0027s Wanderer Trilogy","Minty Spire (QoL Compilation)","Morshu Shopkeeper - ENHANCED","Relic Sorter","Relic Stats","StSLib","Unceasing Turn Reminder"],"gold_per_floor":[210,226,246,258,304,304,333,333,433,433,448,448,448,479,503,8,8,8,8,8,8,8],"floor_reached":48,"language":"ENG","playtime":995,"items_purged":[],"score":330,"play_id":"f59f7724-a193-4346-aec9-3768a95062a5","local_time":"20210215195418","is_ascension_mode":false,"campfire_choices":[{"data":"stsjorbsmod:CULLCard","floor":10,"key":"SMITH"},{"data":"stsjorbsmod:Trouble","floor":17,"key":"SMITH"},{"data":"stsjorbsmod:TickingCurse","floor":47,"key":"SMITH"}],"circlet_count":0,"master_deck":["stsjorbsmod:CULLCard+1","stsjorbsmod:Apparition_Cull","stsjorbsmod:Strike_Cull+1","stsjorbsmod:Strike_Cull+1","stsjorbsmod:Strike_Cull+1","stsjorbsmod:Strike_Cull+1","stsjorbsmod:Paralysis","stsjorbsmod:SpiritShield_Cull+1","stsjorbsmod:Exhale","stsjorbsmod:Withering","stsjorbsmod:Investment","stsjorbsmod:MirroredTechnique","stsjorbsmod:Rebuke","stsjorbsmod:Panic","stsjorbsmod:Strife+1","stsjorbsmod:Goosebumps","stsjorbsmod:Trouble+1","stsjorbsmod:PartingBlow","stsjorbsmod:Assertion","stsjorbsmod:TickingCurse+1","stsjorbsmod:Feint","stsjorbsmod:FindWeakness","stsjorbsmod:Miracle_Cull","stsjorbsmod:Melt"],"relics":["stsjorbsmod:BookOfTrialsRelic","NeowsBlessing","War Paint","Vajra","SlaversCollar","White Beast Statue","Happy Flower","CeramicFish","Juzu Bracelet","Ornamental Fan"],"acts_visited":["Exordium","TheCity"],"potions_floor_usage":[18,18,48],"damage_taken":[{"damage":0,"enemies":"Cultist","floor":1,"turns":1},{"damage":0,"enemies":"2 Louse","floor":2,"turns":1},{"damage":0,"enemies":"Jaw Worm","floor":3,"turns":1},{"damage":3,"enemies":"Exordium Thugs","floor":4,"turns":5},{"damage":5,"enemies":"Lagavulin","floor":11,"turns":6},{"damage":64,"enemies":"Hexaghost","floor":18,"turns":10},{"damage":10,"enemies":"3 Byrds","floor":29,"turns":3},{"damage":5,"enemies":"Slavers","floor":35,"turns":5},{"damage":10,"enemies":"Collector","floor":48,"turns":3}],"seed_played":"-2713132811542077777","potions_obtained":[{"floor":4,"key":"Regen Potion"},{"floor":11,"key":"Block Potion"},{"floor":35,"key":"sneckomod:MuddlingPotion"}],"is_trial":false,"path_per_floor":["M","M","M","M","T","R","E","R","B",null,"M","T","R","E","T","$","R","?","?","R","B"],"character_chosen":"CULL","items_purchased":["stsjorbsmod:Miracle_Cull","stsjorbsmod:Melt","Juzu Bracelet","Ornamental Fan","ColorlessPotion"],"campfire_rested":0,"item_purchase_floors":[41,41,41,41,41],"current_hp_per_floor":[70,70,70,64,64,64,55,55,2,21,6,6,14,2,2,2,5,9,9,9,0,0],"gold":8,"neow_bonus":"THREE_ENEMY_KILL","is_daily":false,"chose_seed":false,"campfire_upgraded":3,"win_rate":0.0,"timestamp":1613436858,"path_taken":["M","M","M","M","T","R","E","R","BOSS","M","?","R","E","T","$","R","?","?","R","BOSS"],"items_purchased_type":["Card","Card","Relic","Relic","Potion"],"build_version":"2020-12-22","purchased_purges":0,"victory":false,"max_hp_per_floor":[70,70,70,64,64,64,56,56,21,21,6,6,14,2,2,2,5,10,10,10,4,4],"relic_stats":{"Happy Flower":[1],"counters":[9,35],"Ornamental Fan":[0],"CeramicFish":18,"Juzu Bracelet":0,"War Paint":["stsjorbsmod:Strife","stsjorbsmod:SpiritShield_Cull"],"obtain_stats":[{"SlaversCollar":28,"NeowsBlessing":0,"Happy Flower":35,"stsjorbsmod:BookOfTrialsRelic":0,"Ornamental Fan":41,"CeramicFish":40,"Vajra":11,"Juzu Bracelet":41,"War Paint":9,"White Beast Statue":32},{"SlaversCollar":6,"NeowsBlessing":0,"Happy Flower":8,"stsjorbsmod:BookOfTrialsRelic":0,"Ornamental Fan":8,"CeramicFish":8,"Vajra":5,"Juzu Bracelet":8,"War Paint":4,"White Beast Statue":7},{"SlaversCollar":24,"NeowsBlessing":0,"Happy Flower":32,"stsjorbsmod:BookOfTrialsRelic":0,"Ornamental Fan":32,"CeramicFish":32,"Vajra":14,"Juzu Bracelet":32,"War Paint":8,"White Beast Statue":27}]},"card_choices":[{"not_picked":["stsjorbsmod:Accumulation","stsjorbsmod:WastingStrike"],"picked":"stsjorbsmod:Rebuke","floor":1},{"not_picked":["stsjorbsmod:Catharsis","stsjorbsmod:Damnation"],"picked":"stsjorbsmod:Panic","floor":2},{"not_picked":["stsjorbsmod:Miracle_Cull","stsjorbsmod:SilverStrike"],"picked":"stsjorbsmod:Strife","floor":3},{"not_picked":["stsjorbsmod:BlackTentacles_Cull","stsjorbsmod:PollutedStrike"],"picked":"stsjorbsmod:Goosebumps","floor":4},{"not_picked":["stsjorbsmod:Double","stsjorbsmod:Commune"],"picked":"stsjorbsmod:Trouble","floor":11},{"not_picked":["stsjorbsmod:Pathos","stsjorbsmod:Toil"],"picked":"stsjorbsmod:PartingBlow","floor":18},{"not_picked":["stsjorbsmod:Goosebumps+1","stsjorbsmod:Rebuke"],"picked":"stsjorbsmod:Feint","floor":29},{"not_picked":["stsjorbsmod:ReapAndSow","stsjorbsmod:FocusedRage"],"picked":"stsjorbsmod:FindWeakness","floor":35}],"player_experience":136651,"relics_obtained":[{"floor":9,"key":"War Paint"},{"floor":11,"key":"Vajra"},{"floor":32,"key":"White Beast Statue"},{"floor":35,"key":"Happy Flower"},{"floor":40,"key":"CeramicFish"}],"event_choices":[{"damage_healed":0,"gold_gain":0,"player_choice":"Shed Blood","damage_taken":1,"max_hp_gain":5,"max_hp_loss":0,"event_name":"Forgotten Altar","floor":43,"gold_loss":0},{"damage_healed":0,"gold_gain":0,"player_choice":"Simplicity","damage_taken":0,"max_hp_gain":0,"max_hp_loss":0,"event_name":"Back to Basics","floor":45,"gold_loss":0,"cards_upgraded":["stsjorbsmod:Strike_Cull","stsjorbsmod:Strike_Cull","stsjorbsmod:Strike_Cull","stsjorbsmod:Strike_Cull"]}],"is_beta":false,"boss_relics":[{"not_picked":["Astrolabe","Snecko Eye"],"picked":"SlaversCollar"}],"items_purged_floors":[],"is_endless":false,"potions_floor_spawned":[4,11,35],"killed_by":"Collector","ascension_level":0}}