{"host":"Cenci","time":1613478942,"event":{"mods":["BaseMod","Bestiary","Downfall","Highlight Path","Minty Spire (QoL Compilation)","StSLib"],"gold_per_floor":[349,152,69,69,89,117,143,158,174,191,210,236,36,36,47,148,148,148,163,182,182,182],"floor_reached":20,"language":"ENG","playtime":1137,"items_purged":[],"score":223,"play_id":"45421679-bc4d-4a89-bc36-52e202328f86","local_time":"20210216133542","is_ascension_mode":true,"campfire_choices":[{"floor":1,"key":"RECALL"},{"data":"Armaments","floor":13,"key":"SMITH"},{"data":"sneckomod:SoulExchange","floor":18,"key":"SMITH"}],"circlet_count":0,"master_deck":["sneckomod:Strike","sneckomod:Strike","sneckomod:Defend","sneckomod:Defend","sneckomod:Defend","sneckomod:TailWhip","sneckomod:SnekBite","sneckomod:Unknown","sneckomod:Unknown","sneckomod:MasterEye","sneckomod:SlitherStrike","Force Field","sneckomod:SlitherStrike","Deadly Poison","All Out Attack","sneckomod:SoulExchange+1","Rebound","Armaments+1","sneckomod:UnknownClassGUARDIAN","Self Repair","Slimebound:MassFeed","Slimebound:TagTeam"],"relics":["sneckomod:SneckoSoul","PrismaticShard","WarpedTongs","sneckomod:CleanMud","Pear","downfall:HeartBlessingBlue","downfall:HeartBlessingGreen","Empty Cage"],"acts_visited":["Exordium","TheCity"],"potions_floor_usage":[12,20],"damage_taken":[{"damage":0,"enemies":"downfall:FleeingMerchant","floor":2,"turns":4},{"damage":10,"enemies":"downfall:FleeingMerchant","floor":3,"turns":4},{"damage":4,"enemies":"Cultist","floor":5,"turns":3},{"damage":16,"enemies":"Lagavulin","floor":6,"turns":4},{"damage":3,"enemies":"Jaw Worm","floor":8,"turns":2},{"damage":14,"enemies":"2 Louse","floor":9,"turns":2},{"damage":10,"enemies":"Blue Slaver","floor":10,"turns":3},{"damage":21,"enemies":"Exordium Wildlife","floor":11,"turns":3},{"damage":15,"enemies":"Gremlin Nob","floor":12,"turns":3},{"damage":13,"enemies":"downfall:LooterAlt","floor":15,"turns":3},{"damage":27,"enemies":"DF_ARCHETYPE_STREAMLINE","floor":16,"turns":11},{"damage":22,"enemies":"downfall:LooterAlt2","floor":19,"turns":4},{"damage":48,"enemies":"Shell Parasite","floor":20,"turns":6}],"seed_played":"3806624504817712546","potions_obtained":[{"floor":5,"key":"Energy Potion"},{"floor":6,"key":"Fire Potion"},{"floor":9,"key":"Strength Potion"},{"floor":10,"key":"FairyPotion"},{"floor":15,"key":"SmokeBomb"},{"floor":19,"key":"Swift Potion"}],"is_trial":false,"path_per_floor":["R","$","$","?","M","E","T","M","M","M","M","E","R","?","M","B",null,"R","M","M"],"character_chosen":"THE_SNECKO","items_purchased":["PrismaticShard","sneckomod:SlitherStrike","sneckomod:SlitherStrike"],"campfire_rested":0,"item_purchase_floors":[2,2,3],"current_hp_per_floor":[81,81,71,71,67,51,51,48,34,24,3,34,44,44,38,21,101,101,82,44,44,44],"gold":182,"neow_bonus":"TWO_FIFTY_GOLD","is_daily":false,"chose_seed":false,"campfire_upgraded":2,"win_rate":0.0,"timestamp":1613478942,"path_taken":["R","?","$","?","?","E","T","M","M","M","?","E","R","?","M","BOSS","R","M","M"],"items_purchased_type":["Relic","Card","Card"],"build_version":"2020-11-17","purchased_purges":0,"victory":false,"max_hp_per_floor":[81,81,81,81,81,81,81,81,81,81,81,91,101,101,101,101,101,101,104,104,104,104],"card_choices":[{"not_picked":["sneckomod:DiceCrush","sneckomod:UnknownDraw"],"picked":"sneckomod:MasterEye","floor":2},{"not_picked":["Skewer","bronze:BronzeOrb"],"picked":"Force Field","floor":3},{"not_picked":["champ:Backstep","hexamod:InspiringFlames"],"picked":"Deadly Poison","floor":5},{"not_picked":["Infinite Blades","sneckomod:UnknownCommonAttack"],"picked":"All Out Attack","floor":6},{"not_picked":["Steam","Slimebound:RollThrough"],"picked":"sneckomod:SoulExchange","floor":8},{"not_picked":["True Grit","Slimebound:Repurpose"],"picked":"Rebound","floor":9},{"not_picked":["champ:SkillfulDodge","Guardian:Suspension"],"picked":"Armaments","floor":10},{"not_picked":["Guardian:PrismaticBeam","bronze:BronzeOrb"],"picked":"sneckomod:UnknownClassGUARDIAN","floor":11},{"not_picked":["Guardian:Harden","sneckomod:SoulRoll"],"picked":"Self Repair","floor":12},{"not_picked":["BowlingBash","Cleave"],"picked":"Slimebound:MassFeed","floor":15},{"not_picked":["Metamorphosis","Glass Knife"],"picked":"Slimebound:TagTeam","floor":16},{"not_picked":["champ:ShieldSigil","bronze:FollowUp","champ:BerserkersShout"],"picked":"SKIP","floor":19}],"player_experience":342936,"relics_obtained":[{"floor":6,"key":"sneckomod:CleanMud"},{"floor":12,"key":"Pear"}],"event_choices":[{"damage_healed":0,"gold_gain":0,"player_choice":"Rummage","damage_taken":0,"relics_obtained":["WarpedTongs"],"max_hp_gain":0,"max_hp_loss":0,"event_name":"Accursed Blacksmith","floor":4,"gold_loss":0,"cards_obtained":["Pain"]}],"is_beta":true,"boss_relics":[{"not_picked":["Astrolabe","Philosopher\u0027s Stone"],"picked":"Empty Cage"}],"items_purged_floors":[],"is_endless":false,"potions_floor_spawned":[5,6,9,10,15,19],"killed_by":"Shell Parasite","ascension_level":4}}