{"host":"f76wcztdlwlduum6","time":1613444765,"event":{"mods":["BaseMod","BetterRewards","Colored Powertips","Minty Spire (QoL Compilation)","Quick Restart","Rare Cards Sparkle","Relic Stats","StSLib","SuperFastMode","everything is the same but u backflip on backflip"],"gold_per_floor":[368,368,42,7,7,7,7,7,7,22,34,34,67,85,85,159,159,178,189,31,31,31],"floor_reached":21,"language":"ENG","playtime":469,"items_purged":["All For One+1"],"score":354,"play_id":"bdf9a902-2a51-4f46-9f39-c9cbddda9a38","local_time":"20210215210605","is_ascension_mode":true,"campfire_choices":[{"data":"Loop","floor":6,"key":"SMITH"},{"data":"Capacitor","floor":8,"key":"SMITH"},{"data":"Tempest","floor":12,"key":"SMITH"},{"floor":15,"key":"REST"}],"circlet_count":0,"master_deck":["AscendersBane","Strike_B","Defend_B","Defend_B","Defend_B","Zap","Dualcast","FTL","Capacitor+1","Loop+1","Tempest+1","Coolheaded","Cold Snap","Electrodynamics","Chaos+1","Tempest+1","Coolheaded","Capacitor","Capacitor"],"relics":["Cracked Core","Mummified Hand","Happy Flower","Pear","Astrolabe"],"acts_visited":["Exordium","TheCity"],"potions_floor_usage":[13,13,19],"damage_taken":[{"damage":2,"enemies":"Jaw Worm","floor":1,"turns":3},{"damage":10,"enemies":"2 Louse","floor":10,"turns":3},{"damage":6,"enemies":"Cultist","floor":11,"turns":3},{"damage":18,"enemies":"Lagavulin","floor":13,"turns":5},{"damage":7,"enemies":"Large Slime","floor":14,"turns":4},{"damage":58,"enemies":"The Guardian","floor":16,"turns":11},{"damage":5,"enemies":"Chosen","floor":18,"turns":3},{"damage":27,"enemies":"Shell Parasite","floor":19,"turns":3},{"damage":28,"enemies":"3 Cultists","floor":21,"turns":3}],"seed_played":"-6828788082813819754","potions_obtained":[{"floor":10,"key":"Ancient Potion"},{"floor":11,"key":"EssenceOfSteel"},{"floor":16,"key":"SneckoOil"}],"is_trial":false,"path_per_floor":["M","?","$","?","?","R","$","R","T","M","M","R","E","M","R","B",null,"M","M","$","M"],"character_chosen":"DEFECT","items_purchased":["Mummified Hand","Capacitor","Capacitor"],"campfire_rested":1,"item_purchase_floors":[3,3,20],"current_hp_per_floor":[62,67,67,69,69,69,69,69,69,59,53,53,45,38,61,3,60,55,28,28,0,0],"gold":31,"neow_bonus":"TWO_FIFTY_GOLD","is_daily":false,"chose_seed":false,"campfire_upgraded":3,"win_rate":0.0,"timestamp":1613444765,"path_taken":["M","?","$","?","?","R","$","R","T","M","M","R","E","?","R","BOSS","M","M","$","M"],"items_purchased_type":["Relic","Card","Card"],"build_version":"2020-12-22","purchased_purges":1,"victory":false,"max_hp_per_floor":[64,69,69,69,69,69,69,69,69,69,69,69,79,79,79,79,79,79,79,79,79,79],"relic_stats":{"Happy Flower":[11],"counters":[9,37],"Mummified Hand":[20],"Astrolabe":["Chaos","Tempest","All For One"],"obtain_stats":[{"Pear":13,"Happy Flower":9,"Mummified Hand":3,"Astrolabe":17,"Cracked Core":0},{"Pear":4,"Happy Flower":1,"Mummified Hand":1,"Astrolabe":6,"Cracked Core":0},{"Pear":13,"Happy Flower":3,"Mummified Hand":3,"Astrolabe":28,"Cracked Core":0}]},"card_choices":[{"not_picked":["Barrage","Compile Driver"],"picked":"FTL","floor":1},{"not_picked":["Rebound","Leap"],"picked":"Tempest","floor":10},{"not_picked":["Redo","Streamline","Static Discharge"],"picked":"SKIP","floor":11},{"not_picked":["Conserve Battery","Streamline"],"picked":"Coolheaded","floor":13},{"not_picked":["Stack","Ball Lightning"],"picked":"Cold Snap","floor":14},{"not_picked":["Buffer","Machine Learning"],"picked":"Electrodynamics","floor":16},{"not_picked":["Redo","Rip and Tear"],"picked":"Coolheaded","floor":18},{"not_picked":["Streamline","Stack"],"picked":"Capacitor","floor":19}],"player_experience":337018,"relics_obtained":[{"floor":9,"key":"Happy Flower"},{"floor":13,"key":"Pear"}],"event_choices":[{"damage_healed":0,"gold_gain":0,"player_choice":"Donut","damage_taken":0,"max_hp_gain":5,"max_hp_loss":0,"event_name":"Big Fish","floor":2,"gold_loss":0},{"damage_healed":17,"gold_gain":0,"player_choice":"Healed","damage_taken":0,"max_hp_gain":0,"max_hp_loss":0,"event_name":"The Cleric","floor":4,"gold_loss":35},{"damage_healed":0,"gold_gain":0,"cards_transformed":["Strike_B"],"player_choice":"Transformed","damage_taken":0,"max_hp_gain":0,"max_hp_loss":0,"event_name":"Transmorgrifier","floor":5,"gold_loss":0,"cards_obtained":["Loop"]}],"is_beta":false,"boss_relics":[{"not_picked":["Fusion Hammer","Snecko Eye"],"picked":"Astrolabe"}],"items_purged_floors":[20],"is_endless":false,"potions_floor_spawned":[10,11,16],"killed_by":"3 Cultists","ascension_level":20}}