{"host":"mi0eibewekhugwl1","time":1613483737,"event":{"mods":["AchievementEnabler","BaseMod","Colored Map","Colored Powertips","DeckTracker","Keyboard Shortcuts","Minty Spire (QoL Compilation)","Quick Restart","Rare Cards Sparkle","Relic Stats","StSLib","SuperFastMode","everything is the same but u backflip on backflip"],"gold_per_floor":[118,193,213,230,244,244,244,262,316,316,241,241,241,266,266,266,266],"floor_reached":16,"language":"KOR","playtime":237,"items_purged":[],"score":200,"play_id":"627aeeec-fa93-41ca-a2d0-8ca7fded3d08","local_time":"20210216225537","is_ascension_mode":true,"campfire_choices":[{"data":"Inflame","floor":6,"key":"SMITH"},{"floor":10,"key":"REST"},{"data":"Carnage","floor":12,"key":"SMITH"},{"data":"Bash","floor":15,"key":"SMITH"}],"circlet_count":0,"master_deck":["AscendersBane","Strike_R","Strike_R","Strike_R","Defend_R","Defend_R","Defend_R","Bash+1","Ghostly Armor","Carnage+1","Inflame+1","Rage","Burning Pact","Reaper"],"relics":["Burning Blood","Regal Pillow","The Courier"],"acts_visited":["Exordium"],"potions_floor_usage":[5,14],"damage_taken":[{"damage":11,"enemies":"Jaw Worm","floor":1,"turns":6},{"damage":14,"enemies":"Small Slimes","floor":3,"turns":5},{"damage":0,"enemies":"2 Louse","floor":4,"turns":2},{"damage":18,"enemies":"Exordium Thugs","floor":5,"turns":6},{"damage":12,"enemies":"Exordium Wildlife","floor":8,"turns":6},{"damage":56,"enemies":"Gremlin Nob","floor":14,"turns":5},{"damage":31,"enemies":"Hexaghost","floor":16,"turns":9}],"seed_played":"-8735924794324440782","potions_obtained":[{"floor":1,"key":"Fire Potion"},{"floor":3,"key":"SpeedPotion"},{"floor":8,"key":"SkillPotion"}],"is_trial":false,"path_per_floor":["M","?","M","M","M","R","?","M","T","R","?","R","?","E","R","B"],"character_chosen":"IRONCLAD","items_purchased":[],"campfire_rested":1,"item_purchase_floors":[],"current_hp_per_floor":[63,52,44,50,38,38,38,32,32,69,69,69,69,19,19,0,0],"gold":266,"neow_bonus":"REMOVE_CARD","is_daily":false,"chose_seed":false,"campfire_upgraded":3,"win_rate":0.0,"timestamp":1613483737,"path_taken":["M","?","M","M","M","R","?","M","T","R","?","R","?","E","R","BOSS"],"items_purchased_type":[],"build_version":"2020-12-22","purchased_purges":0,"victory":false,"max_hp_per_floor":[75,75,75,75,75,75,75,75,75,75,75,75,75,75,75,75,75],"relic_stats":{"Regal Pillow":15,"counters":[7,39],"obtain_stats":[{"Regal Pillow":9,"The Courier":14,"Burning Blood":0},{"Regal Pillow":5,"The Courier":6,"Burning Blood":0},{"Regal Pillow":25,"The Courier":30,"Burning Blood":0}],"Burning Blood":36},"card_choices":[{"not_picked":["Body Slam","Havoc"],"picked":"Ghostly Armor","floor":1},{"not_picked":["Twin Strike","Pommel Strike"],"picked":"Carnage","floor":3},{"not_picked":["Flex","Perfected Strike","Thunderclap"],"picked":"SKIP","floor":4},{"not_picked":["Clothesline","Sentinel"],"picked":"Inflame","floor":5},{"not_picked":["Dark Embrace","Wild Strike"],"picked":"Rage","floor":8},{"not_picked":["Heavy Blade","True Grit"],"picked":"Reaper","floor":14}],"player_experience":1808903,"relics_obtained":[{"floor":9,"key":"Regal Pillow"},{"floor":14,"key":"The Courier"}],"event_choices":[{"damage_healed":0,"gold_gain":75,"player_choice":"Gather Gold","damage_taken":11,"max_hp_gain":0,"max_hp_loss":0,"event_name":"World of Goop","floor":2,"gold_loss":0},{"damage_healed":0,"gold_gain":0,"player_choice":"Ignored","damage_taken":0,"max_hp_gain":0,"max_hp_loss":0,"event_name":"Liars Game","floor":7,"gold_loss":0},{"cards_removed":["Defend_R"],"damage_healed":0,"gold_gain":0,"player_choice":"Card Removal","damage_taken":0,"max_hp_gain":0,"max_hp_loss":0,"event_name":"The Cleric","floor":11,"gold_loss":75},{"damage_healed":0,"gold_gain":0,"cards_transformed":["Strike_R"],"player_choice":"Transformed","damage_taken":0,"max_hp_gain":0,"max_hp_loss":0,"event_name":"Transmorgrifier","floor":13,"gold_loss":0,"cards_obtained":["Burning Pact"]}],"is_beta":false,"boss_relics":[],"items_purged_floors":[],"is_endless":false,"potions_floor_spawned":[1,3,8],"killed_by":"Hexaghost","ascension_level":20}}