{"host":"wxz7488rqrwl2v46","time":1613461208,"event":{"mods":["BaseMod","Minty Spire (QoL Compilation)","Quick Restart","Replay The Spire","StSLib"],"gold_per_floor":[118,130,148,168,168,168,178,178,201,201,221,221,234,252,252,349,349,363,303,45,56,74,74,92,92,117,0,19,32,32,32,32],"floor_reached":31,"language":"ZHS","playtime":1377,"items_purged":[],"score":233,"play_id":"706d5204-b11c-4b18-b5bb-ebea787ee758","local_time":"20210216154008","is_ascension_mode":false,"campfire_choices":[{"data":"Toxin Wave","floor":6,"key":"SMITH"},{"data":"Crippling Poison","floor":12,"key":"SMITH"},{"floor":15,"key":"REST"},{"floor":23,"key":"REST"},{"data":"Bane","floor":25,"key":"SMITH"},{"floor":30,"key":"REST"}],"circlet_count":0,"master_deck":["Strike_G","Strike_G","Defend_G","Defend_G","Defend_G","Defend_G","Defend_G","Survivor","Neutralize","Dagger Spray","Slice","Toxin Wave+1","Well Laid Plans","Backflip","Crippling Poison+1","Poisoned Stab","Outmaneuver","Deadly Poison","A Thousand Cuts","Bane+1","Backstab","Blade Dance"],"relics":["Ring of the Snake","Replay:Rubber Ducky","ReplayTheSpireMod:TigerMarble","Busted Crown","Bottled Lightning","Omamori"],"acts_visited":["Exordium","TheCity"],"potions_floor_usage":[],"damage_taken":[{"damage":0,"enemies":"2 Louse","floor":1,"turns":3},{"damage":7,"enemies":"Jaw Worm","floor":2,"turns":4},{"damage":0,"enemies":"Cultist","floor":3,"turns":4},{"damage":3,"enemies":"2 Fungi Beasts","floor":4,"turns":3},{"damage":25,"enemies":"Large Slime","floor":7,"turns":7},{"damage":0,"enemies":"Lots of Slimes","floor":11,"turns":1},{"damage":2,"enemies":"Looter","floor":13,"turns":2},{"damage":0,"enemies":"Large Slime","floor":14,"turns":3},{"damage":30,"enemies":"Fading Forest","floor":16,"turns":11},{"damage":14,"enemies":"2 Thieves","floor":18,"turns":3},{"damage":2,"enemies":"Shell Parasite","floor":21,"turns":5},{"damage":28,"enemies":"Sentry and Sphere","floor":22,"turns":7},{"damage":19,"enemies":"Centurion and Healer","floor":24,"turns":7},{"damage":12,"enemies":"Snake Plant","floor":28,"turns":3},{"damage":0,"enemies":"Snecko","floor":29,"turns":4},{"damage":39,"enemies":"Sentry and Sphere","floor":31,"turns":5}],"seed_played":"-197469257422342808","potions_obtained":[{"floor":1,"key":"AttackPotion"},{"floor":7,"key":"PowerPotion"},{"floor":11,"key":"Strength Potion"}],"is_trial":false,"path_per_floor":["M","M","M","M","?","R","M","?","T","?","M","R","M","M","R","B",null,"M","?","$","M","M","R","M","R","T","?","M","M","R","M"],"character_chosen":"THE_SILENT","items_purchased":["Bottled Lightning"],"campfire_rested":3,"item_purchase_floors":[20],"current_hp_per_floor":[70,63,63,60,53,53,28,28,28,28,28,28,26,26,47,37,70,56,56,56,54,26,47,28,28,28,28,16,16,37,0,0],"gold":32,"neow_bonus":"RANDOM_COMMON_RELIC","is_daily":false,"chose_seed":false,"campfire_upgraded":3,"win_rate":0.0,"timestamp":1613461208,"path_taken":["M","M","M","M","?","R","M","?","T","?","?","R","M","M","R","BOSS","M","?","$","M","M","R","M","R","T","?","M","M","R","M"],"items_purchased_type":["Relic"],"build_version":"2020-12-22","purchased_purges":0,"victory":false,"max_hp_per_floor":[70,70,70,70,70,70,70,70,70,70,70,70,70,70,70,70,70,70,70,70,70,70,70,70,70,70,70,70,70,70,70,70],"card_choices":[{"not_picked":["Sneak Up","Underhanded Strike"],"picked":"Dagger Spray","floor":1},{"not_picked":["Deflect","Dodge and Roll"],"picked":"Slice","floor":2},{"not_picked":["Terror","Bouncing Flask"],"picked":"Toxin Wave","floor":3},{"not_picked":["Dagger Throw","PiercingWail"],"picked":"Well Laid Plans","floor":4},{"not_picked":["Heel Hook","Dodge and Roll"],"picked":"Backflip","floor":7},{"not_picked":["Calculated Gamble","Blade Dance"],"picked":"Poisoned Stab","floor":11},{"not_picked":["Prepared","Underhanded Strike"],"picked":"Outmaneuver","floor":13},{"not_picked":["Atom Bomb","Quick Slash"],"picked":"Deadly Poison","floor":14},{"not_picked":["Corpse Explosion","Burst"],"picked":"A Thousand Cuts","floor":16},{"not_picked":[],"picked":"Bane","floor":18},{"not_picked":["PiercingWail"],"picked":"SKIP","floor":21},{"not_picked":["Dodge and Roll"],"picked":"SKIP","floor":22},{"not_picked":[],"picked":"Backstab","floor":24},{"not_picked":[],"picked":"Blade Dance","floor":28},{"not_picked":["Leg Sweep"],"picked":"SKIP","floor":29}],"player_experience":36476,"relics_obtained":[{"floor":9,"key":"ReplayTheSpireMod:TigerMarble"},{"floor":26,"key":"Omamori"}],"event_choices":[{"cards_removed":["Strike_G"],"damage_healed":0,"gold_gain":0,"player_choice":"Card Removal","damage_taken":7,"max_hp_gain":0,"max_hp_loss":0,"event_name":"Golden Wing","floor":5,"gold_loss":0},{"cards_removed":["Strike_G"],"damage_healed":0,"gold_gain":0,"player_choice":"Forget","damage_taken":0,"max_hp_gain":0,"max_hp_loss":0,"event_name":"Living Wall","floor":8,"gold_loss":0},{"damage_healed":0,"gold_gain":0,"cards_transformed":["Strike_G"],"player_choice":"Transformed","damage_taken":0,"max_hp_gain":0,"max_hp_loss":0,"event_name":"Transmorgrifier","floor":10,"gold_loss":0,"cards_obtained":["Crippling Poison"]},{"damage_healed":0,"gold_gain":0,"player_choice":"Paid Fearfully","damage_taken":0,"max_hp_gain":0,"max_hp_loss":0,"event_name":"Masked Bandits","floor":27,"gold_loss":117}],"is_beta":false,"boss_relics":[{"not_picked":["Honey Jar","Painkiller Herb"],"picked":"Busted Crown"}],"items_purged_floors":[],"is_endless":false,"potions_floor_spawned":[1,7,11,13,16,21,22],"killed_by":"Sentry and Sphere","ascension_level":0}}