{"host":"nsc6ozq3atyrdr3m","time":1613510141,"event":{"mods":["BaseMod","Colored Map","Minty Spire (QoL Compilation)"],"gold_per_floor":[110,110,185,201,201,242,192,116,140,152,164,199,211,244,256,394,406,431,368,368,283,298,298,298],"floor_reached":23,"language":"FRA","playtime":453,"items_purged":["Defend_B"],"score":265,"play_id":"3cfd3281-b422-4685-85d2-6401c07170c0","local_time":"20210216221541","is_ascension_mode":true,"campfire_choices":[{"data":"All For One","floor":13,"key":"SMITH"},{"data":"Gash","floor":15,"key":"SMITH"}],"circlet_count":0,"master_deck":["Strike_B+1","Strike_B","Strike_B","Defend_B+1","Defend_B","Defend_B","Zap","Dualcast","Beam Cell","Gash+1","Go for the Eyes","All For One+1","Leap","Echo Form","Beam Cell+1","Writhe"],"relics":["Cracked Core","NeowsBlessing","Golden Idol","Gambling Chip","MawBank","Cursed Key","MealTicket","Potion Belt"],"acts_visited":["Exordium","TheCity"],"potions_floor_usage":[16,18,23],"damage_taken":[{"damage":0,"enemies":"2 Louse","floor":1,"turns":1},{"damage":0,"enemies":"Small Slimes","floor":4,"turns":1},{"damage":0,"enemies":"3 Sentries","floor":6,"turns":1},{"damage":0,"enemies":"Jaw Worm","floor":12,"turns":2},{"damage":7,"enemies":"3 Louse","floor":14,"turns":3},{"damage":42,"enemies":"The Guardian","floor":16,"turns":10},{"damage":15,"enemies":"3 Byrds","floor":18,"turns":4},{"damage":19,"enemies":"2 Thieves","floor":22,"turns":4},{"damage":39,"enemies":"Gremlin Leader","floor":23,"turns":4}],"seed_played":"-422309928629660552","potions_obtained":[{"floor":4,"key":"Fire Potion"},{"floor":6,"key":"Regen Potion"},{"floor":14,"key":"PotionOfCapacity"}],"is_trial":false,"path_per_floor":["M","?","?","M","?","E","?","$","T","$","?","M","R","M","R","B",null,"M","$","?","?","M","E"],"character_chosen":"DEFECT","items_purchased":["All For One"],"campfire_rested":0,"item_purchase_floors":[8],"current_hp_per_floor":[75,57,46,46,31,31,31,31,31,31,56,56,56,49,49,22,62,47,47,47,47,28,0,0],"gold":298,"neow_bonus":"THREE_ENEMY_KILL","is_daily":false,"chose_seed":false,"campfire_upgraded":2,"win_rate":0.0,"timestamp":1613510141,"path_taken":["M","?","?","M","?","E","?","$","T","$","?","M","R","M","R","BOSS","M","$","?","?","M","E"],"items_purchased_type":["Card"],"build_version":"2020-12-22","purchased_purges":1,"victory":false,"max_hp_per_floor":[75,75,75,75,75,75,75,75,75,75,75,75,75,75,75,75,75,75,75,75,75,75,75,75],"card_choices":[{"not_picked":["Fusion","Reinforced Body"],"picked":"Beam Cell","floor":1},{"not_picked":["Scrape","Steam Power"],"picked":"Gash","floor":4},{"not_picked":["Darkness","Redo"],"picked":"Go for the Eyes","floor":6},{"not_picked":["Chill","Go for the Eyes"],"picked":"Leap","floor":12},{"not_picked":["Ball Lightning","Conserve Battery","Heatsinks"],"picked":"SKIP","floor":14},{"not_picked":["Seek","Biased Cognition"],"picked":"Echo Form","floor":16},{"not_picked":["Conserve Battery+1","Cold Snap"],"picked":"Beam Cell+1","floor":18},{"not_picked":["Ball Lightning","Stack","Steam"],"picked":"SKIP","floor":22}],"player_experience":423256,"relics_obtained":[{"floor":6,"key":"Gambling Chip"},{"floor":9,"key":"MawBank"}],"event_choices":[{"damage_healed":0,"gold_gain":0,"player_choice":"Take Damage","damage_taken":18,"relics_obtained":["Golden Idol"],"max_hp_gain":0,"max_hp_loss":0,"event_name":"Golden Idol","floor":2,"gold_loss":0},{"damage_healed":0,"gold_gain":75,"player_choice":"Gather Gold","damage_taken":11,"max_hp_gain":0,"max_hp_loss":0,"event_name":"World of Goop","floor":3,"gold_loss":0},{"damage_healed":0,"gold_gain":0,"player_choice":"Entered Light","damage_taken":15,"max_hp_gain":0,"max_hp_loss":0,"event_name":"Shining Light","floor":5,"gold_loss":0,"cards_upgraded":["Defend_B","Strike_B"]},{"cards_removed":["Strike_B"],"damage_healed":0,"gold_gain":0,"player_choice":"Card Removal","damage_taken":0,"max_hp_gain":0,"max_hp_loss":0,"event_name":"The Cleric","floor":7,"gold_loss":50},{"damage_healed":25,"gold_gain":0,"player_choice":"Banana","damage_taken":0,"max_hp_gain":0,"max_hp_loss":0,"event_name":"Big Fish","floor":11,"gold_loss":0},{"damage_healed":0,"gold_gain":0,"player_choice":"Opened","damage_taken":0,"relics_obtained":["MealTicket"],"max_hp_gain":0,"max_hp_loss":0,"event_name":"The Mausoleum","floor":20,"gold_loss":0,"cards_obtained":["Writhe"]},{"damage_healed":0,"gold_gain":0,"player_choice":"Obtained Relic","damage_taken":0,"relics_obtained":["Potion Belt"],"max_hp_gain":0,"max_hp_loss":0,"event_name":"Addict","floor":21,"gold_loss":85}],"is_beta":false,"boss_relics":[{"not_picked":["Ectoplasm","Runic Dome"],"picked":"Cursed Key"}],"items_purged_floors":[19],"is_endless":false,"potions_floor_spawned":[4,6,14],"killed_by":"Gremlin Leader","ascension_level":5}}