{"host":"81iaqqr1ryudmr11","time":1613486696,"event":{"mods":["BaseMod","Highlight Path","Minty Spire (QoL Compilation)","Relic Stats"],"gold_per_floor":[115,125,125,50,68,68,95,0,70,70,98,98,110,110,110,211,211,230,242,192,203,219,247,247,276,276,276,289,289,318,348,360,468,480,503,515,327,343,343,343,371,382,408,441,441,127,156,201,201,201,201,201,64,95,95],"floor_reached":56,"language":"ENG","playtime":5712,"items_purged":["Strike_G","Defend_G","Strike_G","Strike_G","Strike_G"],"score":1626,"play_id":"6944792b-a1ff-4eb0-bac1-cb238aca71b9","local_time":"20210216154456","is_ascension_mode":true,"campfire_choices":[{"data":"Terror","floor":6.0,"key":"SMITH"},{"data":"Venomology","floor":10.0,"key":"SMITH"},{"floor":15.0,"key":"REST"},{"data":"Burst","floor":27.0,"key":"SMITH"},{"data":"Blade Dance","floor":29.0,"key":"SMITH"},{"data":"Neutralize","floor":32.0,"key":"SMITH"},{"data":"A Thousand Cuts","floor":40,"key":"SMITH"},{"floor":45,"key":"REST"},{"floor":49,"key":"RECALL"},{"floor":52,"key":"REST"}],"circlet_count":0,"master_deck":["Strike_G","Defend_G","Defend_G+1","Defend_G","Survivor+1","Neutralize+1","Venomology+1","Flying Knee","Terror+1","PiercingWail","Burst+1","Dagger Spray+1","Backstab","Grand Finale","Blade Dance+1","Caltrops+1","A Thousand Cuts+1","Blade Dance","Leg Sweep+1","Escape Plan+1","Tools of the Trade+1","Outmaneuver","Caltrops+1"],"relics":["Ring of the Snake","Smiling Mask","Kunai","CaptainsWheel","Runic Pyramid","Oddly Smooth Stone","Mummified Hand","Bottled Lightning","MawBank","SacredBark","ClockworkSouvenir","Blue Candle","Frozen Egg 2","Pen Nib","Strawberry","Tough Bandages","Bag of Marbles"],"acts_visited":["Exordium","TheCity","TheBeyond","TheEnding"],"potions_floor_usage":[35,35,41,41,41,44,48,50,50,50,54,54,55,55,55,55],"damage_taken":[{"damage":4.0,"enemies":"Jaw Worm","floor":1.0,"turns":4.0},{"damage":4.0,"enemies":"Small Slimes","floor":2.0,"turns":4.0},{"damage":0.0,"enemies":"Cultist","floor":5.0,"turns":4.0},{"damage":29.0,"enemies":"3 Sentries","floor":7.0,"turns":10.0},{"damage":22.0,"enemies":"Gremlin Nob","floor":11.0,"turns":5.0},{"damage":4.0,"enemies":"Large Slime","floor":13.0,"turns":8.0},{"damage":0.0,"enemies":"The Guardian","floor":16.0,"turns":13.0},{"damage":5.0,"enemies":"3 Byrds","floor":18.0,"turns":9.0},{"damage":5.0,"enemies":"2 Thieves","floor":19.0,"turns":5.0},{"damage":3.0,"enemies":"Snecko","floor":21.0,"turns":7.0},{"damage":0.0,"enemies":"3 Cultists","floor":22.0,"turns":6.0},{"damage":2.0,"enemies":"Slavers","floor":23.0,"turns":4.0},{"damage":0.0,"enemies":"Book of Stabbing","floor":25.0,"turns":6.0},{"damage":8.0,"enemies":"Snake Plant","floor":28.0,"turns":5.0},{"damage":26.0,"enemies":"Slavers","floor":30.0,"turns":5.0},{"damage":2.0,"enemies":"Snecko","floor":31.0,"turns":4.0},{"damage":16.0,"enemies":"Automaton","floor":33.0,"turns":7.0},{"damage":6,"enemies":"3 Shapes","floor":35,"turns":6},{"damage":2,"enemies":"3 Darklings","floor":38,"turns":4},{"damage":1,"enemies":"Nemesis","floor":41,"turns":4},{"damage":8,"enemies":"Maw","floor":42,"turns":6},{"damage":22,"enemies":"Giant Head","floor":44,"turns":8},{"damage":0,"enemies":"Nemesis","floor":47,"turns":5},{"damage":8,"enemies":"2 Orb Walkers","floor":48,"turns":5},{"damage":24,"enemies":"Donu and Deca","floor":50,"turns":7},{"damage":20,"enemies":"Shield and Spear","floor":54,"turns":6},{"damage":38,"enemies":"The Heart","floor":55,"turns":8}],"seed_played":"3218280957069231774","potions_obtained":[{"floor":1.0,"key":"GhostInAJar"},{"floor":7.0,"key":"DuplicationPotion"},{"floor":11.0,"key":"SneckoOil"},{"floor":23.0,"key":"Weak Potion"},{"floor":31.0,"key":"PowerPotion"},{"floor":33.0,"key":"EntropicBrew"},{"floor":38,"key":"DistilledChaos"},{"floor":44,"key":"EssenceOfSteel"}],"is_trial":false,"path_per_floor":["M","M","?","$","M","R","E","$","T","R","E","?","M","?","R","B",null,"M","M","?","M","M","E","?","E","T","R","M","R","E","M","R","B",null,"M","?","$","M","?","R","E","M","T","E","R","$","E","?","R","B",null,"R","$","E","B",null],"character_chosen":"THE_SILENT","items_purchased":["PiercingWail","ClockworkSouvenir","Pen Nib","Tools of the Trade+1","Outmaneuver","Caltrops+1","Explosive Potion"],"campfire_rested":3,"item_purchase_floors":[8,37,46,46,46,53,53],"current_hp_per_floor":[66,62,62,62,62,62,48,48,48,48,26,12,8,1,22,22,58,53,48,48,45,45,43,70,70,70,70,62,62,36,34,34,18,57,51,51,51,49,49,49,48,40,40,18,37,37,44,36,36,12,58,73,73,53,15],"gold":95,"neow_bonus":"ONE_RANDOM_RARE_CARD","is_daily":false,"chose_seed":false,"campfire_upgraded":6,"win_rate":0.0,"timestamp":1613486696,"path_taken":["M","M","?","$","M","R","E","$","T","R","E","?","M","?","R","BOSS","M","M","?","M","?","E","?","E","T","R","M","R","E","M","R","BOSS","M","?","$","M","?","R","E","M","T","E","R","$","E","?","R","BOSS","R","$","E","BOSS"],"items_purchased_type":["Card","Relic","Relic","Card","Card","Card","Potion"],"build_version":"2020-12-22","purchased_purges":5,"victory":true,"max_hp_per_floor":[70,70,70,70,70,70,70,70,70,70,70,70,70,70,70,70,70,70,70,70,70,70,70,70,70,70,70,70,70,70,70,70,70,70,70,70,70,70,66,66,66,66,66,66,66,66,73,73,73,73,73,73,73,73,73],"relic_stats":{"Tough Bandages":[48],"counters":[27,165],"Mummified Hand":[31],"Blue Candle":[0],"Pen Nib":[9],"Kunai":[85],"Smiling Mask":350,"MawBank":84,"obtain_stats":[{"SacredBark":34,"Blue Candle":41,"Oddly Smooth Stone":23,"Pen Nib":46,"Frozen Egg 2":44,"Smiling Mask":7,"MawBank":30,"ClockworkSouvenir":37,"CaptainsWheel":11,"Tough Bandages":48,"Mummified Hand":25,"Strawberry":47,"Bag of Marbles":54,"Kunai":9,"Bottled Lightning":26,"Ring of the Snake":0,"Runic Pyramid":17},{"SacredBark":17,"Blue Candle":20,"Oddly Smooth Stone":12,"Pen Nib":22,"Frozen Egg 2":22,"Smiling Mask":4,"MawBank":15,"ClockworkSouvenir":18,"CaptainsWheel":5,"Tough Bandages":24,"Mummified Hand":13,"Strawberry":23,"Bag of Marbles":26,"Kunai":4,"Bottled Lightning":13,"Ring of the Snake":0,"Runic Pyramid":7},{"SacredBark":106,"Blue Candle":120,"Oddly Smooth Stone":79,"Pen Nib":134,"Frozen Egg 2":134,"Smiling Mask":22,"MawBank":95,"ClockworkSouvenir":112,"CaptainsWheel":27,"Tough Bandages":144,"Mummified Hand":85,"Strawberry":139,"Bag of Marbles":157,"Kunai":22,"Bottled Lightning":85,"Ring of the Snake":0,"Runic Pyramid":48}],"Ring of the Snake":[54]},"card_choices":[{"not_picked":["Poisoned Stab","Catalyst"],"picked":"Flying Knee","floor":1.0},{"not_picked":["Deadly Poison","Dagger Throw"],"picked":"Expertise","floor":2.0},{"not_picked":["Endless Agony","Underhanded Strike","Infinite Blades"],"picked":"SKIP","floor":5.0},{"not_picked":["Poisoned Stab","Terror","Deflect"],"picked":"SKIP","floor":7.0},{"not_picked":["Accuracy","Outmaneuver","Concentrate"],"picked":"SKIP","floor":11.0},{"not_picked":["Poisoned Stab","Outmaneuver","Footwork"],"picked":"SKIP","floor":13.0},{"not_picked":["A Thousand Cuts","Tools of the Trade"],"picked":"Burst","floor":16.0},{"not_picked":["Slice","Prepared","Poisoned Stab"],"picked":"SKIP","floor":18.0},{"not_picked":["PiercingWail","Bane"],"picked":"Dagger Spray+1","floor":19.0},{"not_picked":["Poisoned Stab","Sucker Punch","Predator"],"picked":"SKIP","floor":21.0},{"not_picked":["Underhanded Strike","Bouncing Flask","Dagger Spray"],"picked":"SKIP","floor":22.0},{"not_picked":["Tactician+1","Deflect"],"picked":"Backstab","floor":23.0},{"not_picked":["Backstab","Setup+1"],"picked":"Grand Finale","floor":25.0},{"not_picked":["Bane+1","Blur"],"picked":"Blade Dance","floor":28.0},{"not_picked":["Dagger Spray","Backstab"],"picked":"Caltrops+1","floor":30.0},{"not_picked":["Well Laid Plans","Infinite Blades","Dagger Spray"],"picked":"SKIP","floor":31.0},{"not_picked":["Unload","Venomology"],"picked":"A Thousand Cuts","floor":33.0},{"not_picked":["Flying Knee+1","Setup+1","Underhanded Strike"],"picked":"SKIP","floor":35},{"not_picked":["Deflect","Quick Slash"],"picked":"Blade Dance","floor":38},{"not_picked":["Acrobatics+1","Grand Finale","Expertise"],"picked":"SKIP","floor":41},{"not_picked":["Deadly Poison+1","Quick Slash+1"],"picked":"Leg Sweep+1","floor":42},{"not_picked":["Slice","Blade Dance"],"picked":"Escape Plan+1","floor":44},{"not_picked":["Finisher","Corpse Explosion","Quick Slash"],"picked":"SKIP","floor":47},{"not_picked":["Eviscerate+1","Dagger Spray+1","Poisoned Stab+1"],"picked":"SKIP","floor":54}],"player_experience":212178,"relics_obtained":[{"floor":7.0,"key":"Smiling Mask"},{"floor":9.0,"key":"Kunai"},{"floor":11.0,"key":"CaptainsWheel"},{"floor":23.0,"key":"Oddly Smooth Stone"},{"floor":25.0,"key":"Mummified Hand"},{"floor":26.0,"key":"Bottled Lightning"},{"floor":30.0,"key":"MawBank"},{"floor":41,"key":"Blue Candle"},{"floor":44,"key":"Frozen Egg 2"},{"floor":47,"key":"Strawberry"},{"floor":48,"key":"Tough Bandages"},{"floor":54,"key":"Bag of Marbles"}],"event_choices":[{"damage_healed":0.0,"max_hp_gain":0.0,"max_hp_loss":0.0,"gold_gain":0.0,"cards_transformed":["Defend_G"],"event_name":"Living Wall","player_choice":"Change","floor":3.0,"gold_loss":0.0,"damage_taken":0.0,"cards_obtained":["Terror"]},{"damage_healed":0.0,"max_hp_gain":0.0,"max_hp_loss":0.0,"gold_gain":0.0,"event_name":"Shining Light","player_choice":"Entered Light","floor":12.0,"gold_loss":0.0,"damage_taken":14.0,"cards_upgraded":["Survivor","Defend_G"]},{"damage_healed":0.0,"max_hp_gain":0.0,"max_hp_loss":0.0,"gold_gain":0.0,"event_name":"Scrap Ooze","player_choice":"Fled","floor":14.0,"gold_loss":0.0,"damage_taken":7.0},{"damage_healed":0.0,"max_hp_gain":0.0,"max_hp_loss":0.0,"gold_gain":0.0,"event_name":"The Joust","player_choice":"Bet on Murderer","floor":20.0,"gold_loss":50.0,"damage_taken":0.0},{"cards_removed":["Expertise"],"damage_healed":27.0,"max_hp_gain":0.0,"max_hp_loss":0.0,"gold_gain":0.0,"event_name":"Bonfire Elementals","player_choice":"Offered Uncommon","floor":24.0,"gold_loss":0.0,"damage_taken":0.0},{"damage_healed":0,"gold_gain":0,"player_choice":"Memory 1","damage_taken":0,"max_hp_gain":0,"max_hp_loss":0,"event_name":"SensoryStone","floor":36,"gold_loss":0},{"damage_healed":0,"gold_gain":0,"player_choice":"Max HP","damage_taken":0,"max_hp_gain":0,"max_hp_loss":4,"event_name":"Winding Halls","floor":39,"gold_loss":0},{"damage_healed":0,"gold_gain":0,"player_choice":"Fight","damage_taken":0,"max_hp_gain":0,"max_hp_loss":0,"event_name":"Mysterious Sphere","floor":48,"gold_loss":0}],"is_beta":false,"boss_relics":[{"not_picked":["Tiny House","Snecko Eye"],"picked":"Runic Pyramid"},{"not_picked":["Runic Dome","Black Star"],"picked":"SacredBark"}],"items_purged_floors":[4,8,37,46,53],"is_endless":false,"potions_floor_spawned":[1,2,7,11,22,23,30,31,33,38,41,44],"ascension_level":5}}