{"host":"x52zk6e1f2bye2h7","time":1613474908,"event":{"mods":["AchievementEnabler","BaseMod","Highlight Path","Minty Spire (QoL Compilation)","everything is the same but u backflip on backflip"],"gold_per_floor":[112,122,122,42,59,59,88,13,88,88,145,179,196,229,229,327,327,345,345,358,377,106,106,138,154,154,166,185,197,197,211,211,311,311,331,348,348,147,166,166,201,214,214,214,233,233,54,54,54],"floor_reached":48,"language":"ENG","playtime":2552,"items_purged":["Strike_B","Defend_B","Bite","Loop"],"score":607,"play_id":"6f5bcc6d-ac3f-45a4-82ff-223a4d3a9dee","local_time":"20210216112828","is_ascension_mode":true,"campfire_choices":[{"data":"Defragment","floor":6.0,"key":"SMITH"},{"data":"Zap","floor":10.0,"key":"SMITH"},{"floor":15.0,"key":"REST"},{"data":"Fission","floor":23,"key":"SMITH"},{"data":"Machine Learning","floor":32,"key":"SMITH"},{"data":"Secret Technique","floor":40,"key":"SMITH"},{"data":"Coolheaded","floor":44,"key":"SMITH"},{"data":"Bite","floor":46,"key":"SMITH"}],"circlet_count":0,"master_deck":["Defend_B","Defend_B","Defend_B+1","Zap+1","Dualcast+1","Defragment+1","Ball Lightning","Capacitor","Barrage","Fission+1","Tempest+1","Bite+1","Bite","Bite","Bite","Electrodynamics","Fusion","Machine Learning+1","Coolheaded+1","Steam Power","Echo Form","Machine Learning+1","Secret Technique+1","Bandage Up","Defragment+1"],"relics":["Cracked Core","Akabeko","Centennial Puzzle","Sundial","StrikeDummy","Thread and Needle","Incense Burner","Coffee Dripper","Membership Card","Du-Vu Doll","Cables","Nuclear Battery","CaptainsWheel","Blood Vial"],"acts_visited":["Exordium","TheCity","TheBeyond"],"potions_floor_usage":[24,28,33,33,39,41,42],"damage_taken":[{"damage":1.0,"enemies":"Cultist","floor":1.0,"turns":3.0},{"damage":1.0,"enemies":"2 Louse","floor":2.0,"turns":3.0},{"damage":7.0,"enemies":"Jaw Worm","floor":5.0,"turns":2.0},{"damage":14.0,"enemies":"Gremlin Nob","floor":7.0,"turns":3.0},{"damage":5.0,"enemies":"3 Sentries","floor":11.0,"turns":5.0},{"damage":8.0,"enemies":"Lagavulin","floor":12.0,"turns":6.0},{"damage":2.0,"enemies":"Looter","floor":13.0,"turns":2.0},{"damage":7.0,"enemies":"3 Sentries","floor":14.0,"turns":5.0},{"damage":12.0,"enemies":"Hexaghost","floor":16.0,"turns":7.0},{"damage":0.0,"enemies":"Chosen","floor":18.0,"turns":4.0},{"damage":2.0,"enemies":"2 Thieves","floor":20.0,"turns":3.0},{"damage":15.0,"enemies":"Sentry and Sphere","floor":21.0,"turns":4.0},{"damage":13,"enemies":"Slavers","floor":24,"turns":2},{"damage":3,"enemies":"Centurion and Healer","floor":25,"turns":4},{"damage":0,"enemies":"Cultist and Chosen","floor":27,"turns":3},{"damage":0,"enemies":"Chosen and Byrds","floor":28,"turns":3},{"damage":12,"enemies":"Centurion and Healer","floor":29,"turns":4},{"damage":0,"enemies":"3 Cultists","floor":31,"turns":3},{"damage":23,"enemies":"Collector","floor":33,"turns":6},{"damage":7,"enemies":"Orb Walker","floor":35,"turns":2},{"damage":31,"enemies":"3 Darklings","floor":36,"turns":3},{"damage":23,"enemies":"Maw","floor":39,"turns":7},{"damage":0,"enemies":"Giant Head","floor":41,"turns":6},{"damage":14,"enemies":"Spire Growth","floor":42,"turns":3},{"damage":23,"enemies":"Writhing Mass","floor":45,"turns":3},{"damage":40,"enemies":"Nemesis","floor":48,"turns":3}],"seed_played":"771973956524109496","potions_obtained":[{"floor":1.0,"key":"Dexterity Potion"},{"floor":5.0,"key":"SteroidPotion"},{"floor":11.0,"key":"AttackPotion"},{"floor":14.0,"key":"SneckoOil"},{"floor":16.0,"key":"DuplicationPotion"},{"floor":18.0,"key":"Fruit Juice"},{"floor":21.0,"key":"Weak Potion"},{"floor":24,"key":"Block Potion"},{"floor":29,"key":"Dexterity Potion"},{"floor":33,"key":"SkillPotion"},{"floor":35,"key":"Dexterity Potion"},{"floor":39,"key":"EssenceOfDarkness"},{"floor":41,"key":"DistilledChaos"}],"is_trial":false,"path_per_floor":["M","M","?","$","M","R","E","$","T","R","?","E","M","E","R","B",null,"M","?","M","M","$","R","E","M","T","M","M","M","?","M","R","B",null,"M","M","?","$","M","R","E","M","T","R","M","R","$","E"],"character_chosen":"DEFECT","items_purchased":["Capacitor","Membership Card","Electrodynamics","Secret Technique","Bandage Up","Blood Vial","BlessingOfTheForge"],"campfire_rested":1,"item_purchase_floors":[4,22,22,38,38,47,47],"current_hp_per_floor":[74,73,58,58,51,51,37,37,37,37,32,24,22,15,37,25,75,75,52,57,48,48,48,39,46,46,48,54,44,44,46,46,37,57,50,25,25,25,22,22,44,42,42,42,23,23,23,0,0],"gold":54,"neow_bonus":"RANDOM_COMMON_RELIC","is_daily":false,"chose_seed":false,"campfire_upgraded":7,"win_rate":0.0,"timestamp":1613474908,"path_taken":["M","M","?","$","M","R","E","$","T","R","?","E","M","E","R","BOSS","M","?","M","M","$","R","E","M","T","M","M","M","?","M","R","BOSS","M","M","?","$","M","R","E","M","T","R","?","R","$","E"],"items_purchased_type":["Card","Relic","Card","Card","Card","Relic","Potion"],"build_version":"2020-12-22","purchased_purges":4,"victory":false,"max_hp_per_floor":[75,75,75,75,75,75,75,75,75,75,75,75,75,75,75,75,75,75,52,57,57,57,57,57,57,57,57,57,57,57,57,57,57,57,57,57,57,57,57,57,57,57,57,57,57,57,57,57,57],"card_choices":[{"not_picked":["Auto Shields","Cold Snap"],"picked":"Defragment","floor":1.0},{"not_picked":["Stack","Steam"],"picked":"Ball Lightning","floor":2.0},{"not_picked":["Rebound","Ball Lightning","Sweeping Beam"],"picked":"SKIP","floor":5.0},{"not_picked":["Cold Snap","Stack"],"picked":"Barrage","floor":7.0},{"not_picked":["Storm","Cold Snap","Redo"],"picked":"SKIP","floor":12.0},{"not_picked":["Go for the Eyes","Hologram","Cold Snap"],"picked":"SKIP","floor":13.0},{"not_picked":["Force Field","Gash"],"picked":"Loop","floor":14.0},{"not_picked":["Reboot","Buffer"],"picked":"Fission","floor":16.0},{"not_picked":["Redo","Melter"],"picked":"Tempest+1","floor":18.0},{"not_picked":["Compile Driver","Glacier","Ball Lightning"],"picked":"SKIP","floor":20.0},{"not_picked":["Turbo+1","Rebound","Barrage"],"picked":"SKIP","floor":21.0},{"not_picked":["Stack","Rip and Tear","Redo"],"picked":"SKIP","floor":24},{"not_picked":["Lockon","Compile Driver+1"],"picked":"Fusion","floor":25},{"not_picked":["Hologram","Cold Snap+1"],"picked":"Machine Learning","floor":27},{"not_picked":["Steam","Buffer","Leap+1"],"picked":"SKIP","floor":28},{"not_picked":["Rebound","Hologram+1","Ball Lightning"],"picked":"SKIP","floor":29},{"not_picked":["Conserve Battery","Streamline"],"picked":"Steam Power","floor":31},{"not_picked":["Seek","Fission"],"picked":"Echo Form","floor":33},{"not_picked":["Gash","Rebound","Beam Cell"],"picked":"SKIP","floor":35},{"not_picked":["FTL","Streamline+1","Ball Lightning"],"picked":"SKIP","floor":36},{"not_picked":["Sweeping Beam+1","Auto Shields","Aggregate+1"],"picked":"SKIP","floor":39},{"not_picked":["Darkness+1","Rip and Tear+1","Go for the Eyes+1"],"picked":"SKIP","floor":41},{"not_picked":["Streamline+1","Fusion","Sweeping Beam+1"],"picked":"SKIP","floor":42},{"not_picked":["Tempest","FTL+1"],"picked":"Defragment+1","floor":45}],"player_experience":126644,"relics_obtained":[{"floor":7.0,"key":"Centennial Puzzle"},{"floor":9.0,"key":"Sundial"},{"floor":11.0,"key":"StrikeDummy"},{"floor":12.0,"key":"Thread and Needle"},{"floor":14.0,"key":"Incense Burner"},{"floor":24,"key":"Du-Vu Doll"},{"floor":26,"key":"Cables"},{"floor":41,"key":"CaptainsWheel"}],"event_choices":[{"damage_healed":0.0,"max_hp_gain":0.0,"max_hp_loss":0.0,"gold_gain":0.0,"event_name":"Shining Light","player_choice":"Entered Light","floor":3.0,"gold_loss":0.0,"damage_taken":15.0,"cards_upgraded":["Dualcast","Defend_B"]},{"damage_healed":0.0,"max_hp_gain":0.0,"max_hp_loss":0.0,"gold_gain":0.0,"event_name":"Dead Adventurer","player_choice":"Searched \u00271\u0027 times","floor":11.0,"gold_loss":0.0,"damage_taken":0.0},{"damage_healed":0.0,"max_hp_gain":0.0,"max_hp_loss":23.0,"gold_gain":0.0,"event_name":"Vampires","player_choice":"Became a vampire","floor":19.0,"gold_loss":0.0,"damage_taken":0.0,"cards_obtained":["Bite","Bite","Bite","Bite","Bite"]},{"damage_healed":0,"gold_gain":0,"player_choice":"Read","damage_taken":0,"max_hp_gain":0,"max_hp_loss":0,"event_name":"The Library","floor":30,"gold_loss":0,"cards_obtained":["Coolheaded"]},{"damage_healed":0,"gold_gain":0,"player_choice":"Copied","damage_taken":0,"max_hp_gain":0,"max_hp_loss":0,"event_name":"Duplicator","floor":37,"gold_loss":0,"cards_obtained":["Machine Learning"]}],"is_beta":false,"boss_relics":[{"not_picked":["Tiny House","Cursed Key"],"picked":"Coffee Dripper"},{"not_picked":["Snecko Eye","Fusion Hammer"],"picked":"Nuclear Battery"}],"items_purged_floors":[8,22,38,47],"is_endless":false,"potions_floor_spawned":[1,5,11,14,16,18,21,24,27,29,33,35,39,41],"killed_by":"Nemesis","ascension_level":2}}