{"host":"t9zjxed0utvsfjwc","time":1613459505,"event":{"mods":["2.2 Compatiblity","Act Like it!","Aspiration","BaseMod","Better Altar","Better Match","Better Note","Better Sensory Stone","Better Skull","Better Third Choice","Block Reminder","Colored Map","Colored Powertips","Conspire","Defuse TimeMaze Blight","Energized Spire","GifTheSpireLib","Hermit","Highlight Path","Hubris","Infinite Spire","Marked Mod","Minty Spire (QoL Compilation)","Quick Restart","Rare Cards Sparkle","Relic Sorter","Relic Stats","Reliquary","Replay The Spire","Ruina","StSLib","Stuff the Spire","The Blue Laboratory","The Jungle","The Marked","Unceasing Turn Reminder","Wandering Minibosses","everything is the same but u backflip on backflip"],"gold_per_floor":[113,113,1,20,36,36,63,63,88,114,134,134,34,85,85,184,184,145,157,157,157,157],"floor_reached":21,"language":"ENG","playtime":836,"items_purged":["Strike_R","Strike_R"],"score":222,"play_id":"aecee1e0-27ee-4caf-beb6-ddcc6417071e","local_time":"20210216071145","is_ascension_mode":true,"campfire_choices":[{"floor":6.0,"key":"REST"},{"data":"Eclipse","floor":8.0,"key":"SMITH"},{"data":"Iron Wave","floor":12.0,"key":"SMITH"},{"data":"Bash","floor":15.0,"key":"SMITH"}],"circlet_count":0,"master_deck":["Strike_R","Strike_R","Strike_R","Defend_R","Defend_R","Defend_R","Defend_R","Bash+1","Eclipse+1","Cleave+1","Iron Wave+1","conspire:HitWhereItHurts","Shrug It Off+1","ReplayReversal+1","Doubt"],"relics":["Pet Ghost","Bag of Preparation","Regal Pillow","StuffTheSpire:HeavyRock","Bag of Marbles","reliquary:BoilingFlask","Replay:Mystery Machine","conspire:RoyalGoblet","reliquary:SharkskinSheath"],"acts_visited":["Exordium","Gensokyo:Gensokyo"],"potions_floor_usage":[],"damage_taken":[{"damage":0.0,"enemies":"Gensokyo:3_Fairies","floor":1.0,"turns":3.0},{"damage":5.0,"enemies":"Gensokyo:2_Kodama","floor":4.0,"turns":3.0},{"damage":0.0,"enemies":"Gensokyo:Gryphon","floor":5.0,"turns":2.0},{"damage":7.0,"enemies":"Gensokyo:Mamizou","floor":7.0,"turns":7.0},{"damage":2.0,"enemies":"Gensokyo:Aya","floor":10.0,"turns":5.0},{"damage":6.0,"enemies":"Gensokyo:5_Fairies","floor":11.0,"turns":2.0},{"damage":25.0,"enemies":"Gensokyo:Kokoro","floor":16.0,"turns":7.0},{"damage":28.0,"enemies":"ruina:Nosferatu","floor":18.0,"turns":6.0},{"damage":16.0,"enemies":"ruina:BadWolf","floor":19.0,"turns":5.0}],"seed_played":"932213340692309851","potions_obtained":[{"floor":1.0,"key":"SpeedPotion"},{"floor":5.0,"key":"PowerPotion"},{"floor":7.0,"key":"BlessingOfTheForge"},{"floor":16.0,"key":"blueLaboratory:BottleOfVodka"}],"is_trial":false,"path_per_floor":["M","?","$","M","M","R","E","R","T","E","M","R","$","T","R","B",null,"M","M","?","AVR"],"character_chosen":"IRONCLAD","items_purchased":["Cleave+1"],"campfire_rested":1,"item_purchase_floors":[3],"current_hp_per_floor":[80,22,22,23,29,68,67,67,67,71,71,71,71,71,71,52,80,52,36,36,36,36],"gold":157,"neow_bonus":"ONE_RANDOM_RARE_CARD","is_daily":false,"chose_seed":false,"campfire_upgraded":3,"win_rate":0.0,"timestamp":1613459505,"path_taken":["M","?","$","M","M","R","E","R","T","E","M","R","?","?","R","BOSS","M","M","?","AVR"],"items_purchased_type":["Card"],"build_version":"2020-12-22","purchased_purges":2,"victory":false,"max_hp_per_floor":[80,80,80,80,80,80,80,80,80,80,80,80,80,80,80,80,80,80,80,80,80,80],"relic_stats":{"Regal Pillow":15,"counters":[9,40],"Bag of Preparation":[16],"obtain_stats":[{"Regal Pillow":2,"conspire:RoyalGoblet":17,"StuffTheSpire:HeavyRock":7,"reliquary:BoilingFlask":10,"Bag of Preparation":2,"Bag of Marbles":9,"Replay:Mystery Machine":14,"Burning Blood":0,"Pet Ghost":2,"reliquary:SharkskinSheath":20},{"Regal Pillow":1,"conspire:RoyalGoblet":7,"StuffTheSpire:HeavyRock":4,"reliquary:BoilingFlask":5,"Bag of Preparation":1,"Bag of Marbles":4,"Replay:Mystery Machine":6,"Burning Blood":0,"Pet Ghost":1,"reliquary:SharkskinSheath":9},{"Regal Pillow":3,"conspire:RoyalGoblet":29,"StuffTheSpire:HeavyRock":15,"reliquary:BoilingFlask":20,"Bag of Preparation":3,"Bag of Marbles":15,"Replay:Mystery Machine":22,"Burning Blood":0,"Pet Ghost":3,"reliquary:SharkskinSheath":40}]},"card_choices":[{"not_picked":["Entrench","Perfected Strike","Clash"],"picked":"SKIP","floor":1.0},{"not_picked":["Body Slam","Anger","Intimidate"],"picked":"SKIP","floor":4.0},{"not_picked":["Dual Wield","hubris:SharpeningStone","Headbutt"],"picked":"SKIP","floor":5.0},{"not_picked":["Armaments","Fiend Fire","Perfected Strike"],"picked":"SKIP","floor":7.0},{"not_picked":["Defy Death","Life Link"],"picked":"Iron Wave","floor":10.0},{"not_picked":["Shockwave","Headbutt","StuffTheSpire:Incineration"],"picked":"SKIP","floor":11.0},{"not_picked":["Double Tap","Impervious"],"picked":"conspire:HitWhereItHurts","floor":16.0},{"not_picked":["Wild Strike","Body Slam+1"],"picked":"Shrug It Off+1","floor":18.0},{"not_picked":["StuffTheSpire:BloodClot+1","ReplayTheSpireMod:Strike From Hell"],"picked":"ReplayReversal+1","floor":19.0}],"player_experience":473940,"relics_obtained":[{"floor":7.0,"key":"StuffTheSpire:HeavyRock"},{"floor":9.0,"key":"Bag of Marbles"},{"floor":10.0,"key":"reliquary:BoilingFlask"},{"floor":14.0,"key":"Replay:Mystery Machine"}],"event_choices":[{"damage_healed":0.0,"max_hp_gain":0.0,"max_hp_loss":0.0,"gold_gain":0.0,"event_name":"betterSkull:BetterSkull","player_choice":"RE RE RE ","floor":2.0,"gold_loss":0.0,"damage_taken":64.0,"cards_upgraded":[],"relics_obtained":["Pet Ghost","Bag of Preparation","Regal Pillow"]}],"is_beta":false,"boss_relics":[{"not_picked":["Velvet Choker","hubris:Stopwatch"],"picked":"conspire:RoyalGoblet"}],"items_purged_floors":[3,13],"is_endless":false,"potions_floor_spawned":[1,5,7,16],"ascension_level":1}}