{"host":"nz11ypxva4e39b7q","time":1613474759,"event":{"mods":["BaseMod","Better Third Choice","Better Vampires","Colored Map","Minty Spire (QoL Compilation)","Quick Restart","StSLib","The Marked"],"gold_per_floor":[117,136,136,11,11,39,39,71,71,71,105,119,119,130,130,205,205,216,416,35,46,60,93,106,132,205,205,240,250,250,268,268,343,343,363,388,388,446,12,42,42,87,114,114,160,197,242,289,289,309,349,349,349,109,163,163],"floor_reached":57,"language":"ENG","playtime":4402,"items_purged":["Strike_R","Defend_R"],"score":3067,"play_id":"05233ee0-1c68-4e61-94c1-654ef408e279","local_time":"20210216122559","is_ascension_mode":true,"campfire_choices":[{"data":"Twin Strike","floor":7.0,"key":"SMITH"},{"data":"Berserk","floor":10.0,"key":"SMITH"},{"data":"Spot Weakness","floor":13.0,"key":"SMITH"},{"data":"Strike_R","floor":15.0,"key":"PURGE"},{"data":"Flame Barrier","floor":27.0,"key":"SMITH"},{"data":"Immolate","floor":30,"key":"SMITH"},{"data":"Strike_R","floor":32,"key":"PURGE"},{"data":"Strike_R","floor":41,"key":"PURGE"},{"data":"Strike_R","floor":44,"key":"PURGE"},{"floor":49,"key":"RECALL"},{"data":"Defend_R","floor":53,"key":"PURGE"}],"circlet_count":0,"master_deck":["AscendersBane","Bash","Twin Strike+1","Cleave","Shrug It Off","Spot Weakness+1","Berserk+1","Battle Trance","Pummel","Immolate+1","Shockwave+1","Disarm+1","Clothesline","Flame Barrier+1","Dark Embrace+1","Dual Wield+1","Impervious+1","Inflame+1","HandOfGreed","The Bomb+1","Power Through+1","Barricade+1","Shrug It Off+1","Shrug It Off+1","Shockwave+1","Dark Embrace+1","Second Wind+1","Power Through+1","Impervious+1"],"relics":["Burning Blood","NeowsBlessing","WingedGreaves","Peace Pipe","Meat on the Bone","Snecko Eye","Medical Kit","Bag of Marbles","Frozen Egg 2","Blood Vial","Toxic Egg 2","Turnip","Fusion Hammer","Du-Vu Doll","Bag of Preparation","Nunchaku","PreservedInsect","Torii","Dream Catcher","Paper Frog","Prayer Wheel","Boot","Champion Belt"],"acts_visited":["Exordium","TheCity","TheBeyond","TheEnding"],"potions_floor_usage":[28,33,38,46,56,56],"damage_taken":[{"damage":0.0,"enemies":"Cultist","floor":1.0,"turns":1.0},{"damage":0.0,"enemies":"Jaw Worm","floor":2.0,"turns":1.0},{"damage":0.0,"enemies":"3 Sentries","floor":6.0,"turns":2.0},{"damage":27.0,"enemies":"Lagavulin","floor":8.0,"turns":5.0},{"damage":20.0,"enemies":"Gremlin Nob","floor":11.0,"turns":4.0},{"damage":6.0,"enemies":"Small Slimes","floor":12.0,"turns":2.0},{"damage":12.0,"enemies":"Red Slaver","floor":14.0,"turns":3.0},{"damage":29.0,"enemies":"Hexaghost","floor":16.0,"turns":6.0},{"damage":48.0,"enemies":"Spheric Guardian","floor":18.0,"turns":6.0},{"damage":16.0,"enemies":"Shell Parasite","floor":21.0,"turns":2.0},{"damage":23.0,"enemies":"Shelled Parasite and Fungi","floor":22.0,"turns":4.0},{"damage":0.0,"enemies":"Gremlin Leader","floor":23.0,"turns":3.0},{"damage":6.0,"enemies":"Cultist and Chosen","floor":24.0,"turns":4.0},{"damage":45.0,"enemies":"Slavers","floor":25.0,"turns":3.0},{"damage":22,"enemies":"Book of Stabbing","floor":28,"turns":4},{"damage":20,"enemies":"Centurion and Healer","floor":29,"turns":5},{"damage":1,"enemies":"Snake Plant","floor":31,"turns":5},{"damage":19,"enemies":"Collector","floor":33,"turns":7},{"damage":8,"enemies":"3 Darklings","floor":35,"turns":2},{"damage":8,"enemies":"Mind Bloom Boss Battle","floor":36,"turns":6},{"damage":24,"enemies":"3 Shapes","floor":38,"turns":5},{"damage":37,"enemies":"Nemesis","floor":40,"turns":7},{"damage":0,"enemies":"Giant Head","floor":42,"turns":6},{"damage":0,"enemies":"Reptomancer","floor":45,"turns":4},{"damage":0,"enemies":"Maw","floor":46,"turns":9},{"damage":0,"enemies":"2 Orb Walkers","floor":47,"turns":1},{"damage":0,"enemies":"Giant Head","floor":48,"turns":6},{"damage":2,"enemies":"Time Eater","floor":50,"turns":9},{"damage":30,"enemies":"Donu and Deca","floor":51,"turns":9},{"damage":12,"enemies":"Shield and Spear","floor":55,"turns":5},{"damage":21,"enemies":"The Heart","floor":56,"turns":9}],"seed_played":"7918918358444000152","potions_obtained":[{"floor":8.0,"key":"Weak Potion"},{"floor":11.0,"key":"Weak Potion"},{"floor":16.0,"key":"FearPotion"},{"floor":22.0,"key":"SteroidPotion"},{"floor":28,"key":"BloodPotion"},{"floor":31,"key":"Ancient Potion"},{"floor":33,"key":"Fire Potion"},{"floor":38,"key":"Regen Potion"},{"floor":40,"key":"ColorlessPotion"},{"floor":47,"key":"GamblersBrew"},{"floor":48,"key":"LiquidBronze"},{"floor":55,"key":"CultistPotion"}],"is_trial":false,"path_per_floor":["M","M","?","$","?","E","R","E","T","R","E","M","R","M","R","B",null,"M","?","$","M","M","E","M","E","T","R","E","M","R","M","R","B",null,"M","?","?","M","$","E","R","E","T","R","E","M","?","E","R","B","B",null,"R","$","E","B",null],"character_chosen":"IRONCLAD","items_purchased":["Shrug It Off","Medical Kit","Bag of Marbles","Energy Potion","Bag of Preparation","Nunchaku","Dark Embrace+1","Second Wind+1","Power Through+1"],"campfire_rested":0,"item_purchase_floors":[4,20,20,20,39,39,54,54,54],"current_hp_per_floor":[74,75,75,75,75,75,75,54,54,54,40,52,52,46,46,35,65,35,35,35,37,32,50,50,23,23,23,21,21,21,40,40,41,67,67,67,57,68,68,51,51,59,59,59,67,75,75,75,75,75,51,69,69,69,65,52],"gold":163,"neow_bonus":"THREE_ENEMY_KILL","is_daily":false,"chose_seed":false,"campfire_upgraded":5,"win_rate":0.0,"timestamp":1613474759,"path_taken":["M","M","?","$","?","E","R","E","T","R","E","M","R","?","R","BOSS","M","?","$","M","?","E","M","E","T","R","E","M","R","M","R","BOSS","M","?","?","M","$","E","R","E","T","R","E","M","?","E","R","BOSS","BOSS","R","$","E","BOSS"],"items_purchased_type":["Card","Relic","Relic","Potion","Relic","Relic","Card","Card","Card"],"build_version":"2020-12-22","purchased_purges":2,"victory":true,"max_hp_per_floor":[75,75,75,75,75,75,75,75,75,75,75,75,75,75,75,75,75,75,75,75,75,75,75,75,75,75,75,75,75,75,75,75,75,75,75,75,75,75,75,75,75,75,75,75,75,75,75,75,75,75,75,75,75,75,75,75],"card_choices":[{"not_picked":["Heavy Blade","Sword Boomerang"],"picked":"Twin Strike","floor":1.0},{"not_picked":["Power Through","Intimidate"],"picked":"Cleave","floor":2.0},{"not_picked":["Blood for Blood","Clash"],"picked":"Spot Weakness","floor":6.0},{"not_picked":["Clothesline","Dual Wield"],"picked":"Berserk","floor":8.0},{"not_picked":["Fire Breathing","Sentinel"],"picked":"Battle Trance","floor":11.0},{"not_picked":["Wild Strike","Warcry","Clash"],"picked":"SKIP","floor":12.0},{"not_picked":["Twin Strike","Shrug It Off"],"picked":"Pummel","floor":14.0},{"not_picked":["Berserk","Exhume"],"picked":"Immolate","floor":16.0},{"not_picked":["Iron Wave","True Grit"],"picked":"Shockwave+1","floor":18.0},{"not_picked":["Flex","Whirlwind"],"picked":"Disarm+1","floor":21.0},{"not_picked":["Flex","Clothesline","Sword Boomerang"],"picked":"SKIP","floor":22.0},{"not_picked":["Flex","Sword Boomerang"],"picked":"Clothesline","floor":22.0},{"not_picked":["Warcry","Fiend Fire"],"picked":"Flame Barrier","floor":23.0},{"not_picked":["Armaments","Ghostly Armor+1"],"picked":"Dark Embrace+1","floor":24.0},{"not_picked":["Clash","Reckless Charge","Battle Trance"],"picked":"SKIP","floor":25.0},{"not_picked":["Anger","Body Slam","Rage+1"],"picked":"SKIP","floor":28},{"not_picked":["Iron Wave","Clothesline"],"picked":"Dual Wield+1","floor":29},{"not_picked":["Wild Strike","Clash+1","Body Slam"],"picked":"SKIP","floor":31},{"not_picked":["Immolate","Bludgeon"],"picked":"Impervious+1","floor":33},{"not_picked":["Blood for Blood","Rage+1"],"picked":"Inflame+1","floor":35},{"not_picked":["Blind+1","Swift Strike"],"picked":"HandOfGreed","floor":37},{"not_picked":["Jack Of All Trades+1","Chrysalis+1"],"picked":"The Bomb+1","floor":37},{"not_picked":["Whirlwind+1","Armaments+1"],"picked":"Power Through+1","floor":38},{"not_picked":["Armaments+1","True Grit+1"],"picked":"Barricade+1","floor":40},{"not_picked":["Flex+1","Wild Strike"],"picked":"Shrug It Off+1","floor":42},{"not_picked":["Thunderclap+1","Wild Strike"],"picked":"Shrug It Off+1","floor":45},{"not_picked":["Body Slam","Twin Strike","Carnage+1"],"picked":"SKIP","floor":46},{"not_picked":["Flex+1","True Grit+1"],"picked":"Shockwave+1","floor":48},{"not_picked":["Headbutt","Thunderclap"],"picked":"Impervious+1","floor":55}],"player_experience":1073144,"relics_obtained":[{"floor":6.0,"key":"WingedGreaves"},{"floor":8.0,"key":"Peace Pipe"},{"floor":11.0,"key":"Meat on the Bone"},{"floor":23.0,"key":"Frozen Egg 2"},{"floor":25.0,"key":"Blood Vial"},{"floor":26.0,"key":"Toxic Egg 2"},{"floor":28,"key":"Turnip"},{"floor":36,"key":"Du-Vu Doll"},{"floor":40,"key":"PreservedInsect"},{"floor":42,"key":"Torii"},{"floor":43,"key":"Dream Catcher"},{"floor":45,"key":"Paper Frog"},{"floor":47,"key":"Prayer Wheel"},{"floor":48,"key":"Boot"},{"floor":55,"key":"Champion Belt"}],"event_choices":[{"cards_removed":["Defend_R"],"damage_healed":0.0,"max_hp_gain":0.0,"max_hp_loss":0.0,"gold_gain":0.0,"event_name":"Living Wall","player_choice":"Forget","floor":3.0,"gold_loss":0.0,"damage_taken":0.0},{"cards_removed":["Defend_R"],"damage_healed":0.0,"max_hp_gain":0.0,"max_hp_loss":0.0,"gold_gain":0.0,"event_name":"Bonfire Elementals","player_choice":"Offered Basic","floor":5.0,"gold_loss":0.0,"damage_taken":0.0},{"damage_healed":0.0,"max_hp_gain":0.0,"max_hp_loss":0.0,"gold_gain":200.0,"event_name":"Wheel of Change","player_choice":"Gold","floor":19.0,"gold_loss":0.0,"damage_taken":0.0},{"damage_healed":0,"gold_gain":0,"player_choice":"Fight","damage_taken":0,"max_hp_gain":0,"max_hp_loss":0,"event_name":"MindBloom","floor":36,"gold_loss":0},{"damage_healed":0,"gold_gain":0,"player_choice":"Memory 3","damage_taken":10,"max_hp_gain":0,"max_hp_loss":0,"event_name":"SensoryStone","floor":37,"gold_loss":0},{"damage_healed":0,"gold_gain":0,"player_choice":"Fight","damage_taken":0,"max_hp_gain":0,"max_hp_loss":0,"event_name":"Mysterious Sphere","floor":47,"gold_loss":0}],"is_beta":false,"boss_relics":[{"not_picked":["Calling Bell","Philosopher\u0027s Stone"],"picked":"Snecko Eye"},{"not_picked":["Black Blood","Black Star"],"picked":"Fusion Hammer"}],"items_purged_floors":[4,39],"is_endless":false,"potions_floor_spawned":[8,11,16,21,22,28,31,33,38,40,42,47,48,55],"ascension_level":20}}