{"host":"bsgp9wgausrmthh2","time":1613508058,"event":{"mods":["AchievementEnabler","BaseMod","Colored Map","Minty Spire (QoL Compilation)","StSLib"],"gold_per_floor":[119,133,152,164,164,164,239,239,239,41,41,57,77,109,109,208,208,224,124,124,124,141,152,169,169,169,219,219,237,288,305,305,305,305],"floor_reached":33,"language":"ENG","playtime":2516,"items_purged":[],"score":299,"play_id":"c1318eca-5b57-417c-8972-09ff61db4a96","local_time":"20210216154058","is_ascension_mode":false,"campfire_choices":[{"floor":6,"key":"RECALL"},{"data":"SashWhip","floor":8,"key":"SMITH"},{"data":"Protect","floor":15,"key":"SMITH"},{"data":"1","floor":28,"key":"LIFT"},{"floor":32,"key":"REST"}],"circlet_count":0,"master_deck":["Eruption+1","Vigilance+1","Halt","SashWhip+1","WindmillStrike+1","CutThroughFate","Consecrate","FlyingSleeves","Protect+1","InnerPeace+1","Devotion","DeceiveReality+1","WindmillStrike","Blasphemy+1","DeusExMachina+1","LessonLearned+1","MasterReality+1","Omniscience+1","Fasting2","Worship+1","ClearTheMind+1","FollowUp","BattleHymn","ClearTheMind+1","ThirdEye+1","Necronomicurse","Evaluate+1","CrushJoints"],"relics":["PureWater","Vajra","Toxic Egg 2","Pandora\u0027s Box","Mercury Hourglass","Necronomicon","Girya","Damaru"],"acts_visited":["Exordium","TheCity"],"potions_floor_usage":[],"damage_taken":[{"damage":0,"enemies":"Small Slimes","floor":1,"turns":2},{"damage":0,"enemies":"2 Louse","floor":2,"turns":2},{"damage":0,"enemies":"Cultist","floor":3,"turns":3},{"damage":0,"enemies":"2 Fungi Beasts","floor":4,"turns":2},{"damage":0,"enemies":"Large Slime","floor":12,"turns":2},{"damage":5,"enemies":"Looter","floor":13,"turns":2},{"damage":10,"enemies":"3 Sentries","floor":14,"turns":4},{"damage":0,"enemies":"Slime Boss","floor":16,"turns":5},{"damage":5,"enemies":"3 Byrds","floor":18,"turns":5},{"damage":0,"enemies":"Chosen","floor":22,"turns":5},{"damage":28,"enemies":"3 Cultists","floor":23,"turns":5},{"damage":5,"enemies":"Shelled Parasite and Fungi","floor":24,"turns":3},{"damage":0,"enemies":"Sentry and Sphere","floor":29,"turns":4},{"damage":0,"enemies":"Cultist and Chosen","floor":31,"turns":3},{"damage":47,"enemies":"Champ","floor":33,"turns":7}],"seed_played":"5172257229766220888","potions_obtained":[{"floor":3,"key":"Weak Potion"},{"floor":12,"key":"Ancient Potion"},{"floor":13,"key":"DuplicationPotion"}],"is_trial":false,"path_per_floor":["M","M","M","M","?","R","?","R","T","$","?","M","M","E","R","B",null,"M","$","?","?","M","M","M","?","T","?","R","M","T","M","R","B"],"character_chosen":"WATCHER","items_purchased":["Vajra","Consecrate","ClearTheMind+1","FollowUp"],"campfire_rested":1,"item_purchase_floors":[10,10,19,19],"current_hp_per_floor":[72,72,72,72,77,77,66,66,66,66,66,66,61,51,51,51,77,72,72,72,72,72,44,39,23,23,23,23,23,23,23,46,0,0],"gold":305,"neow_bonus":"UPGRADE_CARD","is_daily":false,"chose_seed":false,"campfire_upgraded":2,"win_rate":0.0,"timestamp":1613508058,"path_taken":["M","M","M","M","?","R","?","R","T","$","?","M","?","E","R","BOSS","M","$","?","?","M","M","M","?","T","?","R","?","?","M","R","BOSS"],"items_purchased_type":["Relic","Card","Card","Card"],"build_version":"2020-12-22","purchased_purges":0,"victory":false,"max_hp_per_floor":[72,72,72,72,77,77,77,77,77,77,77,77,77,77,77,77,77,77,77,77,77,77,77,77,77,77,77,77,77,77,77,77,77,77],"card_choices":[{"not_picked":["Collect","JustLucky"],"picked":"Halt","floor":1},{"not_picked":["ThirdEye","Prostrate"],"picked":"SashWhip","floor":2},{"not_picked":["Conclude","SignatureMove"],"picked":"WindmillStrike","floor":3},{"not_picked":["CrushJoints","Sanctity"],"picked":"CutThroughFate","floor":4},{"not_picked":["Perseverance","Consecrate"],"picked":"FlyingSleeves","floor":12},{"not_picked":["ForeignInfluence","BowlingBash"],"picked":"Protect","floor":13},{"not_picked":["WheelKick","Prostrate+1"],"picked":"InnerPeace+1","floor":14},{"not_picked":["DeusExMachina+1","LessonLearned"],"picked":"Devotion","floor":16},{"not_picked":["SashWhip","Weave+1"],"picked":"Worship+1","floor":18},{"not_picked":["JustLucky+1","Pray+1"],"picked":"BattleHymn","floor":22},{"not_picked":["BowlingBash+1","Indignation+1"],"picked":"ClearTheMind+1","floor":23},{"not_picked":["BowlingBash+1","Sanctity+1"],"picked":"ThirdEye+1","floor":24},{"not_picked":["SashWhip","FlyingSleeves"],"picked":"Evaluate+1","floor":29},{"not_picked":["Prostrate+1","DeusExMachina+1"],"picked":"CrushJoints","floor":31}],"player_experience":259843,"relics_obtained":[{"floor":14,"key":"Toxic Egg 2"},{"floor":25,"key":"Necronomicon"},{"floor":26,"key":"Girya"},{"floor":30,"key":"Damaru"}],"event_choices":[{"damage_healed":0,"gold_gain":0,"player_choice":"Donut","damage_taken":0,"max_hp_gain":5,"max_hp_loss":0,"event_name":"Big Fish","floor":5,"gold_loss":0},{"damage_healed":0,"gold_gain":75,"player_choice":"Gather Gold","damage_taken":11,"max_hp_gain":0,"max_hp_loss":0,"event_name":"World of Goop","floor":7,"gold_loss":0},{"damage_healed":0,"gold_gain":0,"player_choice":"Upgraded","damage_taken":0,"max_hp_gain":0,"max_hp_loss":0,"event_name":"Upgrade Shrine","floor":11,"gold_loss":0,"cards_upgraded":["WindmillStrike"]},{"damage_healed":0,"gold_gain":0,"player_choice":"Opened","damage_taken":0,"relics_obtained":["Mercury Hourglass"],"max_hp_gain":0,"max_hp_loss":0,"event_name":"The Mausoleum","floor":20,"gold_loss":0},{"damage_healed":0,"gold_gain":0,"player_choice":"Ignored","damage_taken":0,"max_hp_gain":0,"max_hp_loss":0,"event_name":"Vampires","floor":21,"gold_loss":0},{"damage_healed":0,"gold_gain":0,"player_choice":"Obtained Book","damage_taken":16,"max_hp_gain":0,"max_hp_loss":0,"event_name":"Cursed Tome","floor":25,"gold_loss":0},{"damage_healed":0,"gold_gain":100,"player_choice":"Bet on Murderer","damage_taken":0,"max_hp_gain":0,"max_hp_loss":0,"event_name":"The Joust","floor":27,"gold_loss":50}],"is_beta":false,"boss_relics":[{"not_picked":["VioletLotus","SlaversCollar"],"picked":"Pandora\u0027s Box"}],"items_purged_floors":[],"is_endless":false,"potions_floor_spawned":[3,12,13,16,18,23,31],"killed_by":"Champ","ascension_level":0}}