{"host":"3vmw6m3qsasieibr","time":1613442023,"event":{"mods":["AchievementEnabler","BaseMod","Colored Map","Colored Powertips","Highlight Path","Minty Spire (QoL Compilation)","SuperFastMode"],"gold_per_floor":[116,128,143,153,171,196,196,226,226,261,280,306,326,353,353,353,353],"floor_reached":16,"language":"ENG","playtime":963,"items_purged":[],"score":161,"play_id":"bcf2586d-b1aa-48ab-b6e7-f5ad036ac039","local_time":"20210216122023","is_ascension_mode":true,"campfire_choices":[{"floor":7,"key":"REST"},{"floor":15,"key":"REST"}],"circlet_count":0,"master_deck":["Strike_R","Strike_R","Strike_R","Strike_R","Strike_R","Defend_R","Defend_R","Defend_R","Defend_R","Bash","Inflame","Shrug It Off","Clothesline","Pommel Strike","Shrug It Off","Demon Form","Cleave","Sword Boomerang"],"relics":["Burning Blood","Omamori","Orichalcum","Lantern","Bottled Lightning","Art of War","Blood Vial","Odd Mushroom"],"acts_visited":["Exordium"],"potions_floor_usage":[6,14,16,16],"damage_taken":[{"damage":1,"enemies":"Cultist","floor":1,"turns":4},{"damage":0,"enemies":"Small Slimes","floor":2,"turns":3},{"damage":8,"enemies":"2 Louse","floor":3,"turns":2},{"damage":12,"enemies":"Looter","floor":4,"turns":4},{"damage":7,"enemies":"2 Fungi Beasts","floor":5,"turns":4},{"damage":25,"enemies":"Gremlin Nob","floor":6,"turns":5},{"damage":44,"enemies":"Lagavulin","floor":8,"turns":8},{"damage":18,"enemies":"Gremlin Nob","floor":10,"turns":4},{"damage":14,"enemies":"Lots of Slimes","floor":11,"turns":4},{"damage":6,"enemies":"Large Slime","floor":13,"turns":5},{"damage":2,"enemies":"The Mushroom Lair","floor":14,"turns":4},{"damage":54,"enemies":"Hexaghost","floor":16,"turns":9}],"seed_played":"4419626362977212989","potions_obtained":[{"floor":1,"key":"GamblersBrew"},{"floor":3,"key":"SpeedPotion"},{"floor":6,"key":"SmokeBomb"},{"floor":8,"key":"BlessingOfTheForge"},{"floor":11,"key":"Block Potion"}],"is_trial":false,"path_per_floor":["M","M","M","M","M","E","R","E","T","E","M","T","M","?","R","B"],"character_chosen":"IRONCLAD","items_purchased":[],"campfire_rested":2,"item_purchase_floors":[],"current_hp_per_floor":[77,80,78,72,71,52,76,38,38,26,18,18,20,26,50,0,0],"gold":353,"neow_bonus":"RANDOM_COMMON_RELIC","is_daily":false,"chose_seed":false,"campfire_upgraded":0,"win_rate":0.0,"timestamp":1613442023,"path_taken":["M","M","M","?","M","E","R","E","T","E","M","?","M","?","R","BOSS"],"items_purchased_type":[],"build_version":"2020-12-22","purchased_purges":0,"victory":false,"max_hp_per_floor":[80,80,80,80,80,80,80,80,80,80,80,80,80,80,80,80,80],"card_choices":[{"not_picked":["Rampage","Cleave"],"picked":"Inflame","floor":1},{"not_picked":["Pommel Strike","Blood for Blood"],"picked":"Shrug It Off","floor":2},{"not_picked":["True Grit","Cleave"],"picked":"Clothesline","floor":3},{"not_picked":["Dual Wield","Seeing Red"],"picked":"Pommel Strike","floor":4},{"not_picked":["Perfected Strike","Fiend Fire"],"picked":"Shrug It Off","floor":5},{"not_picked":["Iron Wave","Reckless Charge","Flex"],"picked":"SKIP","floor":6},{"not_picked":["Uppercut","Burning Pact","Wild Strike"],"picked":"SKIP","floor":8},{"not_picked":["Perfected Strike","Wild Strike"],"picked":"Demon Form","floor":10},{"not_picked":["Bloodletting","Iron Wave"],"picked":"Cleave","floor":11},{"not_picked":["Anger","Havoc"],"picked":"Sword Boomerang","floor":13}],"player_experience":442908,"relics_obtained":[{"floor":6,"key":"Orichalcum"},{"floor":8,"key":"Lantern"},{"floor":9,"key":"Bottled Lightning"},{"floor":10,"key":"Art of War"},{"floor":12,"key":"Blood Vial"},{"floor":14,"key":"Odd Mushroom"}],"event_choices":[{"damage_healed":0,"gold_gain":0,"player_choice":"Fought Mushrooms","damage_taken":0,"max_hp_gain":0,"max_hp_loss":0,"event_name":"Mushrooms","floor":14,"gold_loss":0}],"is_beta":false,"boss_relics":[],"items_purged_floors":[],"is_endless":false,"potions_floor_spawned":[1,3,6,8,11,13],"killed_by":"Hexaghost","ascension_level":6}}