{"host":"og21o26alpnbwmz8","time":1613499696,"event":{"mods":["Act Like it!","Aspiration","BaseMod","Conspire","Downfall","Gensokyo","GungeonMod","Halation","Hubris","Jedi Mod","Mimic Mod","Minty Spire (QoL Compilation)","Pale of the Ancients","Reliquary","Replay The Spire","Shop Mod","Spikes Relics","StSLib","The Alterego","The Blue Laboratory","The Florist","The Poker Player","Waifu the Spire","Yuri Mod"],"gold_per_floor":[111,70,82,95,95,95,121,135,135,60,92,103,103,114,114,215,215,230,230,48,68,195,195,315,327,353,353,388,388,403,416,416,416,416],"floor_reached":33,"language":"ENG","playtime":1428,"items_purged":["Agrypnos:BasicStrike"],"score":354,"play_id":"5eb25567-56eb-4fc9-ae03-bdc2c445865c","local_time":"20210216132136","is_ascension_mode":false,"campfire_choices":[{"data":"Agrypnos:Fertilize","floor":6,"key":"SMITH"},{"data":"Agrypnos:Watering","floor":13,"key":"SMITH"},{"data":"Agrypnos:Azalea","floor":15,"key":"SMITH"},{"data":"Agrypnos:Summer","floor":23,"key":"SMITH"},{"floor":29,"key":"REST"},{"data":"Agrypnos:Fertilize","floor":32,"key":"SMITH"}],"circlet_count":0,"master_deck":["Agrypnos:BasicStrike","Agrypnos:BasicStrike","Agrypnos:BasicDefend","Agrypnos:BasicDefend","Agrypnos:BasicDefend","Agrypnos:BasicDefend","Agrypnos:Dandelion+1","Agrypnos:Trowel","Agrypnos:Azalea+1","Agrypnos:Fertilize+1","Agrypnos:Rose","Agrypnos:Watering+1","Agrypnos:Snapdragon","Agrypnos:Fertilize+1","Agrypnos:Summer+1","Agrypnos:NaturalNutrition+1","Apotheosis","Agrypnos:Fertilize+1","Agrypnos:Pollen+1"],"relics":["Agrypnos:Floristry","jedi:arcanewood","hubris:PeanutButter","Pet Ghost","aspiration:FutureDiary","hubris:Icosahedron","Centennial Puzzle","MealTicket","hexamod:Sixitude"],"acts_visited":["Exordium","TheCity"],"potions_floor_usage":[16,22,33],"damage_taken":[{"damage":0,"enemies":"Cultist","floor":1,"turns":4},{"damage":0,"enemies":"2 Louse","floor":3,"turns":4},{"damage":0,"enemies":"conspire:RoseBush","floor":4,"turns":4},{"damage":16,"enemies":"3 Sentries","floor":7,"turns":8},{"damage":0,"enemies":"Looter","floor":8,"turns":3},{"damage":0,"enemies":"Replay:BlueRogue","floor":11,"turns":6},{"damage":2,"enemies":"2 Fungi Beasts","floor":12,"turns":3},{"damage":0,"enemies":"Large Slime","floor":14,"turns":3},{"damage":0,"enemies":"Hexaghost","floor":16,"turns":8},{"damage":4,"enemies":"Shell Parasite","floor":18,"turns":6},{"damage":25,"enemies":"3 Byrds","floor":21,"turns":6},{"damage":24,"enemies":"conspire:MimicChest","floor":22,"turns":6},{"damage":0,"enemies":"Cultist and Chosen","floor":24,"turns":5},{"damage":0,"enemies":"Centurion and Healer","floor":25,"turns":4},{"damage":8,"enemies":"Book of Stabbing","floor":28,"turns":5},{"damage":3,"enemies":"Snake Plant","floor":30,"turns":4},{"damage":0,"enemies":"conspire:HollyBat","floor":31,"turns":5},{"damage":33,"enemies":"Collector","floor":33,"turns":3}],"seed_played":"-693508158028839192","potions_obtained":[{"floor":1,"key":"Swift Potion"},{"floor":3,"key":"Fire Potion"},{"floor":8,"key":"Weak Potion"},{"floor":22,"key":"DistilledChaos"},{"floor":24,"key":"FearPotion"}],"is_trial":false,"path_per_floor":["M","$","M","M","?","R","E","M","T","$","E","M","R","M","R","B",null,"M","?","$","M","?","R","M","M","T","T","E","R","M","M","R","B"],"character_chosen":"THE_FLORIST","items_purchased":["Agrypnos:Fertilize","Apotheosis"],"campfire_rested":1,"item_purchase_floors":[2,20],"current_hp_per_floor":[70,70,70,70,63,63,47,47,47,47,47,45,45,45,45,45,70,66,66,66,45,21,21,21,21,21,21,13,34,31,31,31,0,0],"gold":416,"neow_bonus":"RANDOM_EVENT","is_daily":false,"chose_seed":false,"campfire_upgraded":5,"win_rate":0.0,"timestamp":1613499696,"path_taken":["M","$","M","?","?","R","E","M","T","$","E","M","R","M","R","BOSS","M","?","$","M","?","R","M","M","T","?","E","R","?","M","R","BOSS"],"items_purchased_type":["Card","Card"],"build_version":"2020-12-22","purchased_purges":1,"victory":false,"max_hp_per_floor":[70,70,70,70,70,70,70,70,70,70,70,70,70,70,70,70,70,70,70,70,70,70,70,70,70,70,70,70,70,70,70,70,70,70],"card_choices":[{"not_picked":["Agrypnos:Rake","Agrypnos:FloralScent"],"picked":"Agrypnos:Azalea","floor":1},{"not_picked":["Agrypnos:Leaf","Agrypnos:Till"],"picked":"Agrypnos:Rose","floor":3},{"not_picked":["Agrypnos:MortarAndPestle","Agrypnos:StormShelter"],"picked":"Agrypnos:Watering","floor":4},{"not_picked":["Agrypnos:Nightshade","Agrypnos:Rake","Agrypnos:Shell"],"picked":"SKIP","floor":7},{"not_picked":["Agrypnos:Tumbleweed","Agrypnos:Zinnia"],"picked":"Agrypnos:Snapdragon","floor":8},{"not_picked":["Agrypnos:EntanglingVines","Agrypnos:Sunflower","Agrypnos:Rose"],"picked":"SKIP","floor":11},{"not_picked":["Agrypnos:Till","Agrypnos:CombTheEarth"],"picked":"Agrypnos:Fertilize","floor":12},{"not_picked":["Agrypnos:MorningGlory","Agrypnos:MortarAndPestle","Agrypnos:Rose"],"picked":"SKIP","floor":14},{"not_picked":["Agrypnos:Wolffia","Agrypnos:Narcissus"],"picked":"Agrypnos:Summer","floor":16},{"not_picked":["Agrypnos:Rose","Agrypnos:Tumbleweed"],"picked":"Agrypnos:NaturalNutrition+1","floor":18},{"not_picked":["Agrypnos:Autumn","Agrypnos:Shell"],"picked":"Agrypnos:Fertilize+1","floor":21},{"not_picked":["Agrypnos:NaturePurity","Agrypnos:Myosotis"],"picked":"Agrypnos:Pollen+1","floor":24},{"not_picked":["Agrypnos:Wolfsbane","Agrypnos:Rake+1","Agrypnos:Rot+1"],"picked":"SKIP","floor":25},{"not_picked":["Agrypnos:Carnation","Agrypnos:Rose","Agrypnos:Shell"],"picked":"SKIP","floor":28},{"not_picked":["Agrypnos:Prune","Agrypnos:StormShelter","Agrypnos:Tumbleweed"],"picked":"SKIP","floor":30},{"not_picked":["Agrypnos:Bramble","Agrypnos:Till","Agrypnos:SpringArrival"],"picked":"SKIP","floor":31}],"player_experience":287244,"relics_obtained":[{"floor":7,"key":"jedi:arcanewood"},{"floor":9,"key":"hubris:PeanutButter"},{"floor":11,"key":"Pet Ghost"},{"floor":22,"key":"Centennial Puzzle"},{"floor":26,"key":"MealTicket"},{"floor":28,"key":"hexamod:Sixitude"}],"event_choices":[{"cards_removed":["Agrypnos:BasicStrike"],"damage_healed":0,"gold_gain":0,"player_choice":"Card Removal","damage_taken":7,"max_hp_gain":0,"max_hp_loss":0,"event_name":"Golden Wing","floor":5,"gold_loss":0}],"is_beta":false,"boss_relics":[{"not_picked":["hubris:HollowSoul","hubris:VirtuousBlindfold"],"picked":"aspiration:FutureDiary"}],"items_purged_floors":[10],"is_endless":false,"potions_floor_spawned":[1,3,8,14,22,24,30],"killed_by":"Collector","ascension_level":0}}