{"host":"idjwbq71yrpkph1r","time":1613438220,"event":{"mods":["AchievementEnabler","Alarm Clock","BaseMod","Block Reminder","Colored Map","Curses Come First","Displayed Cursed Tome","Hermit","Highlight Path","Minty Spire (QoL Compilation)","Rare Cards Sparkle","Relic Stats","StSLib","everything is the same but u backflip on backflip","slay the spire mod where everything is the same but ironclad has a cowboy hat"],"gold_per_floor":[112,112,132,57,57,57,57,70,70,117,117,147,147,47,47,47,47],"floor_reached":16,"language":"ENG","playtime":489,"items_purged":["Malaise","Strike_G"],"score":96,"play_id":"6197a9f9-389b-41a8-9d7b-ff79f2f3a2c2","local_time":"20210216021700","is_ascension_mode":false,"campfire_choices":[{"data":"Neutralize","floor":6,"key":"SMITH"},{"data":"Neutralize","floor":11,"key":"SMITH"},{"floor":13,"key":"REST"},{"data":"Survivor","floor":15,"key":"SMITH"}],"circlet_count":0,"master_deck":["Strike_G","Strike_G","Strike_G","Strike_G","Defend_G","Defend_G","Defend_G","Defend_G","Survivor+1","Neutralize+1","Neutralize+1"],"relics":["Ring of the Snake","MealTicket","Pen Nib","Pantograph"],"acts_visited":["Exordium"],"potions_floor_usage":[12,12,12],"damage_taken":[{"damage":9,"enemies":"Jaw Worm","floor":1,"turns":6},{"damage":1,"enemies":"Cultist","floor":3,"turns":4},{"damage":0,"enemies":"2 Louse","floor":8,"turns":3},{"damage":34,"enemies":"3 Sentries","floor":12,"turns":9},{"damage":71,"enemies":"Hexaghost","floor":16,"turns":14}],"seed_played":"-3925865872435859120","potions_obtained":[{"floor":1,"key":"EntropicBrew"},{"floor":12,"key":"Fire Potion"}],"is_trial":false,"path_per_floor":["M","?","M","$","$","R","?","M","T","T","R","E","R","$","R","B"],"character_chosen":"THE_SILENT","items_purchased":[],"campfire_rested":1,"item_purchase_floors":[],"current_hp_per_floor":[61,61,60,60,60,60,60,60,60,60,60,26,47,62,62,0,0],"gold":47,"neow_bonus":"TRANSFORM_CARD","is_daily":false,"chose_seed":false,"campfire_upgraded":3,"win_rate":0.0,"timestamp":1613438220,"path_taken":["M","?","M","?","$","R","?","?","T","?","R","E","R","$","R","BOSS"],"items_purchased_type":[],"build_version":"2020-12-22","purchased_purges":2,"victory":false,"max_hp_per_floor":[70,70,70,70,70,70,70,70,70,70,70,70,70,70,70,70,70],"relic_stats":{"counters":[5,36],"Pantograph":8,"MealTicket":15,"Pen Nib":[5],"obtain_stats":[{"Pantograph":12,"MealTicket":9,"Pen Nib":10,"Ring of the Snake":0},{"Pantograph":4,"MealTicket":3,"Pen Nib":3,"Ring of the Snake":0},{"Pantograph":22,"MealTicket":13,"Pen Nib":13,"Ring of the Snake":0}],"Ring of the Snake":[10]},"card_choices":[{"not_picked":["Riddle With Holes","Backstab","Underhanded Strike"],"picked":"SKIP","floor":1},{"not_picked":["Poisoned Stab","Prepared","Underhanded Strike"],"picked":"SKIP","floor":3},{"not_picked":["Masterful Stab","Quick Slash","Backflip"],"picked":"SKIP","floor":8},{"not_picked":["Escape Plan","Skewer","Heel Hook"],"picked":"SKIP","floor":12}],"player_experience":368909,"relics_obtained":[{"floor":9,"key":"MealTicket"},{"floor":10,"key":"Pen Nib"},{"floor":12,"key":"Pantograph"}],"event_choices":[{"damage_healed":0,"gold_gain":0,"player_choice":"1 cards matched","damage_taken":0,"max_hp_gain":0,"max_hp_loss":0,"event_name":"Match and Keep!","floor":2,"gold_loss":0,"cards_obtained":["Neutralize"]},{"damage_healed":0,"gold_gain":0,"player_choice":"Ignored","damage_taken":0,"max_hp_gain":0,"max_hp_loss":0,"event_name":"NoteForYourself","floor":7,"gold_loss":0}],"is_beta":false,"boss_relics":[],"items_purged_floors":[4,14],"is_endless":false,"potions_floor_spawned":[1,12],"killed_by":"Hexaghost","ascension_level":0}}