{"host":"kp5m5tbwfn2imaek","time":1613505808,"event":{"mods":["AchievementEnabler","BaseMod","Bestiary","Minty Spire (QoL Compilation)","Relic Stats"],"gold_per_floor":[110,110,0,15,25,57,81,93,105,148,160,192,204,244,256,367,379,411,423,446,458,482,494,494],"floor_reached":23,"language":"ENG","playtime":862,"items_purged":["Strike_P"],"score":351,"play_id":"c6957114-03d7-4c82-9f63-ed195027339e","local_time":"20210216150328","is_ascension_mode":true,"campfire_choices":[{"data":"Wallop","floor":8,"key":"SMITH"},{"data":"LikeWater","floor":11,"key":"SMITH"},{"data":"Wallop","floor":15,"key":"SMITH"}],"circlet_count":0,"master_deck":["AscendersBane","Strike_P+1","Strike_P+1","Defend_P+1","Defend_P+1","Eruption","Vigilance","Master of Strategy","CrushJoints+1","Wallop+1","FlurryOfBlows","FearNoEvil","Halt","LikeWater+1","Consecrate","Wallop+1","SpiritShield","ReachHeaven+1","Brilliance+1","Tantrum+1","DeceiveReality+1","Fasting2","MentalFortress","JustLucky"],"relics":["PureWater","Centennial Puzzle","MawBank","MealTicket","Matryoshka","Astrolabe"],"acts_visited":["Exordium","TheCity"],"potions_floor_usage":[23],"damage_taken":[{"damage":0,"enemies":"Small Slimes","floor":1,"turns":2},{"damage":0,"enemies":"Cultist","floor":4,"turns":2},{"damage":6,"enemies":"Jaw Worm","floor":5,"turns":2},{"damage":13,"enemies":"Gremlin Nob","floor":6,"turns":3},{"damage":3,"enemies":"3 Sentries","floor":10,"turns":4},{"damage":0,"enemies":"Exordium Thugs","floor":12,"turns":2},{"damage":0,"enemies":"Lagavulin","floor":14,"turns":3},{"damage":6,"enemies":"Slime Boss","floor":16,"turns":5},{"damage":3,"enemies":"3 Byrds","floor":18,"turns":3},{"damage":16,"enemies":"Spheric Guardian","floor":20,"turns":4},{"damage":12,"enemies":"Snecko","floor":22,"turns":4},{"damage":28,"enemies":"Slavers","floor":23,"turns":3}],"seed_played":"-1736147161847189254","potions_obtained":[{"floor":1,"key":"GamblersBrew"},{"floor":12,"key":"Strength Potion"},{"floor":14,"key":"AttackPotion"},{"floor":22,"key":"PowerPotion"}],"is_trial":false,"path_per_floor":["M","?","$","M","M","E","T","R","T","E","R","M","?","E","R","B",null,"M","?","M","?","M","E"],"character_chosen":"WATCHER","items_purchased":["Wallop"],"campfire_rested":0,"item_purchase_floors":[3],"current_hp_per_floor":[65,65,65,65,59,46,46,46,46,43,43,43,43,43,43,37,58,55,55,39,39,27,0,0],"gold":494,"neow_bonus":"RANDOM_COLORLESS_2","is_daily":false,"chose_seed":false,"campfire_upgraded":3,"win_rate":0.0,"timestamp":1613505808,"path_taken":["M","?","?","M","M","E","?","R","T","E","R","?","?","E","R","BOSS","M","?","M","?","M","E"],"items_purchased_type":["Card"],"build_version":"2020-12-22","purchased_purges":1,"victory":false,"max_hp_per_floor":[65,65,65,65,65,65,65,65,65,65,65,65,65,65,65,65,65,65,65,65,65,65,65,65],"relic_stats":{"Centennial Puzzle":[18],"counters":[12,37],"Astrolabe":["ReachHeaven","Brilliance","Tantrum"],"MealTicket":0,"MawBank":192,"obtain_stats":[{"Centennial Puzzle":6,"Matryoshka":14,"Astrolabe":17,"MealTicket":10,"PureWater":0,"MawBank":7},{"Centennial Puzzle":4,"Matryoshka":7,"Astrolabe":8,"MealTicket":5,"PureWater":0,"MawBank":4},{"Centennial Puzzle":9,"Matryoshka":18,"Astrolabe":23,"MealTicket":13,"PureWater":0,"MawBank":9}]},"card_choices":[{"not_picked":["The Bomb","Metamorphosis"],"picked":"Master of Strategy","floor":0},{"not_picked":["Swivel","Consecrate"],"picked":"CrushJoints","floor":1},{"not_picked":["Prostrate","Evaluate"],"picked":"FlurryOfBlows","floor":4},{"not_picked":["JustLucky","Brilliance"],"picked":"FearNoEvil","floor":5},{"not_picked":["InnerPeace","Collect"],"picked":"Halt","floor":6},{"not_picked":["Worship","CrushJoints"],"picked":"LikeWater","floor":10},{"not_picked":["JustLucky","SandsOfTime"],"picked":"Consecrate","floor":12},{"not_picked":["PathToVictory","EmptyMind"],"picked":"Wallop","floor":14},{"not_picked":["Devotion","ConjureBlade"],"picked":"SpiritShield","floor":16},{"not_picked":["FlyingSleeves","Consecrate+1"],"picked":"DeceiveReality+1","floor":18},{"not_picked":["SandsOfTime","FlurryOfBlows+1"],"picked":"MentalFortress","floor":20},{"not_picked":["FollowUp","JustLucky","PathToVictory"],"picked":"SKIP","floor":22},{"not_picked":["FollowUp","PathToVictory"],"picked":"JustLucky","floor":22}],"player_experience":735583,"relics_obtained":[{"floor":6,"key":"Centennial Puzzle"},{"floor":7,"key":"MawBank"},{"floor":10,"key":"MealTicket"},{"floor":14,"key":"Matryoshka"}],"event_choices":[{"damage_healed":0,"gold_gain":0,"player_choice":"Upgraded","damage_taken":0,"max_hp_gain":0,"max_hp_loss":0,"event_name":"Upgrade Shrine","floor":2,"gold_loss":0,"cards_upgraded":["CrushJoints"]},{"damage_healed":0,"gold_gain":0,"player_choice":"Ignored","damage_taken":0,"max_hp_gain":0,"max_hp_loss":0,"event_name":"Liars Game","floor":13,"gold_loss":0},{"damage_healed":0,"gold_gain":0,"player_choice":"Read","damage_taken":0,"max_hp_gain":0,"max_hp_loss":0,"event_name":"The Library","floor":19,"gold_loss":0,"cards_obtained":["Fasting2"]},{"damage_healed":0,"gold_gain":0,"player_choice":"Simplicity","damage_taken":0,"max_hp_gain":0,"max_hp_loss":0,"event_name":"Back to Basics","floor":21,"gold_loss":0,"cards_upgraded":["Strike_P","Strike_P","Defend_P","Defend_P"]}],"is_beta":false,"boss_relics":[{"not_picked":["Tiny House","Sozu"],"picked":"Astrolabe"}],"items_purged_floors":[3],"is_endless":false,"potions_floor_spawned":[1,12,14,22],"killed_by":"Slavers","ascension_level":10}}