{"host":"oj2qbbf4aubznu46","time":1613514653,"event":{"mods":["AchievementEnabler","BaseMod","Colored Powertips","Downfall","Infinite Spire","Minty Spire (QoL Compilation)","Replay The Spire","StSLib","slay the spire mod where everything is the same but ironclad has a cowboy hat"],"gold_per_floor":[209,224,224,238,238,238,268,268,291,291,308,308,37,54,54,54,54],"floor_reached":16,"language":"DEU","playtime":978,"items_purged":[],"score":110,"play_id":"d339e453-0d98-4e32-8d82-c95ede18aa4d","local_time":"20210216233053","is_ascension_mode":true,"campfire_choices":[{"data":"Bash","floor":6,"key":"SMITH"},{"floor":8,"key":"REST"},{"floor":10,"key":"REST"},{"floor":15,"key":"REST"}],"circlet_count":0,"master_deck":["Strike_R","Strike_R","Strike_R","Strike_R","Strike_R","Defend_R","Defend_R","Defend_R","Defend_R","Bash+1","Rupture+1","Twin Strike","ReplayTheSpireMod:Limb From Limb+1","Shrug It Off","ReplayTheSpireMod:Strike From Hell","Demonic Infusion","Shrug It Off"],"relics":["Burning Blood","infinitespire:PuzzleCube","Red Skull","Replay:Mystery Machine"],"acts_visited":["Exordium"],"potions_floor_usage":[],"damage_taken":[{"damage":18,"enemies":"Jaw Worm","floor":1,"turns":4},{"damage":10,"enemies":"Small Slimes","floor":2,"turns":4},{"damage":1,"enemies":"Cultist","floor":4,"turns":3},{"damage":68,"enemies":"3 Sentries","floor":7,"turns":15},{"damage":37,"enemies":"Large Slime","floor":11,"turns":7},{"damage":12,"enemies":"Exordium Wildlife","floor":14,"turns":3},{"damage":0,"enemies":"Fading Forest","floor":16,"turns":3}],"seed_played":"-6436235712117382140","potions_obtained":[{"floor":2,"key":"champ:CounterPotion"},{"floor":4,"key":"SpeedPotion"}],"is_trial":false,"path_per_floor":["M","M","?","M","?","R","E","R","T","R","M","?","$","M","R","B"],"character_chosen":"IRONCLAD","items_purchased":["Replay:Mystery Machine","Block Potion","Demonic Infusion"],"campfire_rested":3,"item_purchase_floors":[13,13,13],"current_hp_per_floor":[68,64,64,69,69,69,7,31,31,55,24,24,24,18,42,42,42],"gold":54,"neow_bonus":"HUNDRED_GOLD","is_daily":false,"chose_seed":false,"campfire_upgraded":1,"win_rate":0.0,"timestamp":1613514653,"path_taken":["M","M","?","M","?","R","E","R","T","R","?","?","$","M","R","BOSS"],"items_purchased_type":["Relic","Potion","Card"],"build_version":"2020-12-22","purchased_purges":0,"victory":false,"max_hp_per_floor":[80,80,80,80,80,80,80,80,80,80,80,80,80,80,80,80,80],"card_choices":[{"not_picked":["Clash","Anger"],"picked":"Rupture","floor":1},{"not_picked":["Wild Strike","Heavy Blade"],"picked":"Twin Strike","floor":2},{"not_picked":["Seeing Red","Dual Wield"],"picked":"ReplayTheSpireMod:Limb From Limb","floor":4},{"not_picked":["ReplayTheSpireMod:Strike From Hell","Barricade"],"picked":"Shrug It Off","floor":7},{"not_picked":["Power Through","Havoc"],"picked":"ReplayTheSpireMod:Strike From Hell","floor":11},{"not_picked":["Replay:Undeath\u0027s Touch","Clothesline"],"picked":"Shrug It Off","floor":14}],"player_experience":380395,"relics_obtained":[{"floor":7,"key":"infinitespire:PuzzleCube"},{"floor":9,"key":"Red Skull"}],"event_choices":[{"damage_healed":0,"gold_gain":0,"player_choice":"Grow","damage_taken":0,"max_hp_gain":0,"max_hp_loss":0,"event_name":"Living Wall","floor":3,"gold_loss":0,"cards_upgraded":["Rupture"]},{"damage_healed":0,"gold_gain":0,"player_choice":"Upgraded","damage_taken":0,"max_hp_gain":0,"max_hp_loss":0,"event_name":"Upgrade Shrine","floor":5,"gold_loss":0,"cards_upgraded":["ReplayTheSpireMod:Limb From Limb"]}],"is_beta":false,"boss_relics":[],"items_purged_floors":[],"is_endless":false,"potions_floor_spawned":[2,4,14],"killed_by":"Fading Forest","ascension_level":2}}