{"host":"gnfs9pc52tj5b2xa","time":1613472944,"event":{"mods":["BaseMod","Minty Spire (QoL Compilation)","Relic Sorter","Relic Stats","Slay the Relics Exporter","ojb\u0027s Better Paths Mod","ojb\u0027s Info Mod"],"gold_per_floor":[114,114,126,126,126,161,236,261,286,286,286],"floor_reached":10,"language":"ENG","playtime":271,"items_purged":[],"score":198,"play_id":"970cf853-13f3-4c74-ae60-d18288882ec4","local_time":"20210216025544","is_ascension_mode":true,"campfire_choices":[],"circlet_count":0,"master_deck":["AscendersBane","Strike_R","Strike_R","Strike_R","Strike_R","Defend_R","Defend_R","Defend_R","Defend_R","Bash","Sword Boomerang","Perfected Strike","Twin Strike","Inflame","Havoc+1"],"relics":["Burning Blood","NeowsBlessing","Art of War","Happy Flower","Toxic Egg 2","Ancient Tea Set"],"acts_visited":["Exordium"],"potions_floor_usage":[10,10],"damage_taken":[{"damage":0.0,"enemies":"Small Slimes","floor":1.0,"turns":1.0},{"damage":0.0,"enemies":"Cultist","floor":3.0,"turns":1.0},{"damage":0.0,"enemies":"Gremlin Nob","floor":6.0,"turns":1.0},{"damage":35.0,"enemies":"Lagavulin","floor":8.0,"turns":6.0},{"damage":55,"enemies":"3 Sentries","floor":10,"turns":11}],"seed_played":"-3641242019730258945","potions_obtained":[{"floor":1.0,"key":"GamblersBrew"},{"floor":3.0,"key":"Dexterity Potion"},{"floor":8.0,"key":"Regen Potion"}],"is_trial":false,"path_per_floor":["M","?","M","?","?","E","?","E","T","E"],"character_chosen":"IRONCLAD","items_purchased":[],"campfire_rested":0,"item_purchase_floors":[],"current_hp_per_floor":[74,74,75,75,80,80,69,40,40,0,0],"gold":286,"neow_bonus":"THREE_ENEMY_KILL","is_daily":false,"chose_seed":false,"campfire_upgraded":0,"win_rate":0.0,"timestamp":1613472944,"path_taken":["M","?","?","?","?","E","?","E","T","E"],"items_purchased_type":[],"build_version":"2020-12-22","purchased_purges":0,"victory":false,"max_hp_per_floor":[75,75,75,75,80,80,80,80,80,80,80],"relic_stats":{"Happy Flower":[5],"counters":[5,20],"Art of War":[3],"obtain_stats":[{"NeowsBlessing":0,"Happy Flower":6,"Art of War":2,"Toxic Egg 2":8,"Ancient Tea Set":9,"Burning Blood":0},{"NeowsBlessing":0,"Happy Flower":3,"Art of War":1,"Toxic Egg 2":4,"Ancient Tea Set":4,"Burning Blood":0},{"NeowsBlessing":0,"Happy Flower":3,"Art of War":1,"Toxic Egg 2":9,"Ancient Tea Set":9,"Burning Blood":0}],"Burning Blood":13},"card_choices":[{"not_picked":["Warcry","Disarm"],"picked":"Sword Boomerang","floor":1.0},{"not_picked":["Burning Pact","Clash"],"picked":"Perfected Strike","floor":3.0},{"not_picked":["Pommel Strike","Entrench"],"picked":"Inflame","floor":6.0},{"not_picked":["Feel No Pain","Heavy Blade"],"picked":"Havoc+1","floor":8.0}],"player_experience":1318202,"relics_obtained":[{"floor":6.0,"key":"Happy Flower"},{"floor":8.0,"key":"Toxic Egg 2"},{"floor":9.0,"key":"Ancient Tea Set"}],"event_choices":[{"damage_healed":0.0,"max_hp_gain":0.0,"max_hp_loss":0.0,"gold_gain":0.0,"event_name":"WeMeetAgain","player_choice":"Gave Potion","floor":2.0,"gold_loss":0.0,"damage_taken":0.0,"relics_obtained":["Art of War"]},{"damage_healed":0.0,"max_hp_gain":0.0,"max_hp_loss":0.0,"gold_gain":0.0,"cards_transformed":["Strike_R"],"event_name":"Living Wall","player_choice":"Change","floor":4.0,"gold_loss":0.0,"damage_taken":0.0,"cards_obtained":["Twin Strike"]},{"damage_healed":0.0,"max_hp_gain":5.0,"max_hp_loss":0.0,"gold_gain":0.0,"event_name":"Big Fish","player_choice":"Donut","floor":5.0,"gold_loss":0.0,"damage_taken":0.0},{"damage_healed":0.0,"max_hp_gain":0.0,"max_hp_loss":0.0,"gold_gain":75.0,"event_name":"World of Goop","player_choice":"Gather Gold","floor":7.0,"gold_loss":0.0,"damage_taken":11.0}],"is_beta":false,"boss_relics":[],"items_purged_floors":[],"is_endless":false,"potions_floor_spawned":[1,3,8],"killed_by":"3 Sentries","ascension_level":20}}