{"host":"dbo0lztt1pyfwysk","time":1613500932,"event":{"mods":["Act Like it!","BaseMod","Conspire","Downfall","Gensokyo","GifTheSpireLib","Hubris","Infinite Spire","KinomotoSakuraMod(????)","Koishi","Luminous","Marisa????????","Minty Spire (QoL Compilation)","Prisma Mod","Remilia??????","Replay The Spire","Shade Mod","Shop Mod","StSLib","The Druid"],"gold_per_floor":[114,114,114,130,45,45,74,149,149,162,162,177,177,192,192,192,192],"floor_reached":16,"language":"ENG","playtime":584,"items_purged":[],"score":210,"play_id":"d305fefb-ede6-4328-a2b8-c6b2f5eb729f","local_time":"20210216194212","is_ascension_mode":true,"campfire_choices":[{"data":"Bandage Up","floor":6,"key":"SMITH"},{"data":"Footwork","floor":13,"key":"SMITH"},{"data":"Masterful Stab","floor":15,"key":"SMITH"}],"circlet_count":0,"master_deck":["AscendersBane","conspire:GhostlyStrike","conspire:GhostlyStrike","conspire:GhostlyStrike","conspire:GhostlyStrike","conspire:GhostlyStrike","conspire:GhostlyDefend","conspire:GhostlyDefend","conspire:GhostlyDefend","conspire:GhostlyDefend","conspire:GhostlyDefend","Survivor","Neutralize+1","Dagger Throw","Masterful Stab+1","Bandage Up+1","Footwork+1","PiercingWail","Dodge and Roll"],"relics":["Ring of the Snake","conspire:Dentures","Mummified Hand","Juzu Bracelet"],"acts_visited":["Exordium"],"potions_floor_usage":[7,7],"damage_taken":[{"damage":0,"enemies":"Jaw Worm","floor":1,"turns":5},{"damage":0,"enemies":"Cultist","floor":4,"turns":3},{"damage":5,"enemies":"3 Sentries","floor":7,"turns":8},{"damage":0,"enemies":"2 Louse","floor":10,"turns":2},{"damage":2,"enemies":"Large Slime","floor":12,"turns":7},{"damage":0,"enemies":"3 Louse","floor":14,"turns":4},{"damage":16,"enemies":"Hexaghost","floor":16,"turns":7}],"seed_played":"3987138722029703138","potions_obtained":[{"floor":1,"key":"AttackPotion"},{"floor":4,"key":"SkillPotion"},{"floor":10,"key":"Reflective Coating"}],"is_trial":false,"path_per_floor":["M","?","T","M","$","R","E","?","T","M","?","M","R","M","R","B"],"character_chosen":"THE_SILENT","items_purchased":["Bandage Up"],"campfire_rested":0,"item_purchase_floors":[5],"current_hp_per_floor":[63,63,63,63,63,63,64,53,53,53,53,57,57,63,63,53,53],"gold":192,"neow_bonus":"UPGRADE_CARD","is_daily":false,"chose_seed":false,"campfire_upgraded":3,"win_rate":0.0,"timestamp":1613500932,"path_taken":["M","?","?","M","?","R","E","?","T","M","?","M","R","M","R","BOSS"],"items_purchased_type":["Card"],"build_version":"2020-12-22","purchased_purges":0,"victory":false,"max_hp_per_floor":[70,70,70,70,70,70,70,70,70,70,70,70,70,70,70,70,70],"card_choices":[{"not_picked":["Riddle With Holes","Hidden Blade"],"picked":"Dagger Throw","floor":1},{"not_picked":["Bane","Deadly Poison"],"picked":"Masterful Stab","floor":4},{"not_picked":["Toxin Wave","Setup","Hidden Blade"],"picked":"SKIP","floor":7},{"not_picked":["Atom Bomb","Expertise"],"picked":"Footwork","floor":10},{"not_picked":["Accuracy","Draining Mist"],"picked":"PiercingWail","floor":12},{"not_picked":["Sucker Punch","Infinite Blades"],"picked":"Dodge and Roll","floor":14}],"player_experience":701340,"relics_obtained":[{"floor":3,"key":"conspire:Dentures"},{"floor":7,"key":"Mummified Hand"},{"floor":9,"key":"Juzu Bracelet"}],"event_choices":[{"damage_healed":0,"gold_gain":75,"player_choice":"Gather Gold","damage_taken":11,"max_hp_gain":0,"max_hp_loss":0,"event_name":"World of Goop","floor":8,"gold_loss":0},{"damage_healed":0,"gold_gain":0,"player_choice":"Agree","damage_taken":0,"max_hp_gain":0,"max_hp_loss":0,"event_name":"conspire:LoneGhost","floor":11,"gold_loss":0}],"is_beta":false,"boss_relics":[],"items_purged_floors":[],"is_endless":false,"potions_floor_spawned":[1,4,10],"killed_by":"Hexaghost","ascension_level":12}}