{"host":"krw8blyxua7at9ak","time":1613503830,"event":{"mods":["BaseMod","Highlight Path","Minty Spire (QoL Compilation)","ojb\u0027s Info Mod"],"gold_per_floor":[111,111,129,147,147,182,193,218,241,250,3,3,12,21,21,21,21],"floor_reached":16,"language":"ENG","playtime":330,"items_purged":["Strike_G"],"score":216,"play_id":"c44c00e7-38f1-4a37-9ffb-397d2b1efdcb","local_time":"20210216203030","is_ascension_mode":true,"campfire_choices":[{"floor":13,"key":"REST"},{"data":"Noxious Fumes","floor":15,"key":"SMITH"}],"circlet_count":0,"master_deck":["AscendersBane","Strike_G","Strike_G","Strike_G","Defend_G","Defend_G","Defend_G","Defend_G","Defend_G","Survivor","Neutralize","Slice","Noxious Fumes+1","Sucker Punch","Deadly Poison","Flying Knee","Doppelganger","Dagger Throw","Escape Plan","Dagger Spray","Escape Plan","Regret"],"relics":["Ring of the Snake","NeowsBlessing","Ice Cream","Dream Catcher","CeramicFish","TwistedFunnel","Shuriken","Strawberry"],"acts_visited":["Exordium"],"potions_floor_usage":[6,8],"damage_taken":[{"damage":0,"enemies":"Jaw Worm","floor":1,"turns":1},{"damage":0,"enemies":"Cultist","floor":3,"turns":1},{"damage":0,"enemies":"Small Slimes","floor":4,"turns":1},{"damage":38,"enemies":"Gremlin Nob","floor":6,"turns":5},{"damage":9,"enemies":"Exordium Thugs","floor":7,"turns":4},{"damage":9,"enemies":"3 Sentries","floor":8,"turns":7},{"damage":30,"enemies":"The Guardian","floor":16,"turns":5}],"seed_played":"-2050618664134386224","potions_obtained":[{"floor":3,"key":"Weak Potion"},{"floor":7,"key":"Fire Potion"}],"is_trial":false,"path_per_floor":["M","?","M","M","$","E","M","E","T","?","$","T","R","?","R","B"],"character_chosen":"THE_SILENT","items_purchased":["TwistedFunnel"],"campfire_rested":1,"item_purchase_floors":[11],"current_hp_per_floor":[59,59,59,59,59,21,12,3,3,3,3,3,22,29,29,0,0],"gold":21,"neow_bonus":"THREE_ENEMY_KILL","is_daily":false,"chose_seed":false,"campfire_upgraded":1,"win_rate":0.0,"timestamp":1613503830,"path_taken":["M","?","M","?","$","E","M","E","T","?","$","?","R","?","R","BOSS"],"items_purchased_type":["Relic"],"build_version":"2020-12-22","purchased_purges":1,"victory":false,"max_hp_per_floor":[66,66,66,66,66,66,66,66,66,66,66,66,66,73,73,73,73],"card_choices":[{"not_picked":["Dagger Throw","Backflip"],"picked":"Slice","floor":1},{"not_picked":["Concentrate","Backflip"],"picked":"Deadly Poison","floor":3},{"not_picked":["Bane","Prepared"],"picked":"Flying Knee","floor":4},{"not_picked":["Expertise","Slice"],"picked":"Doppelganger","floor":6},{"not_picked":["Dodge and Roll","Backflip"],"picked":"Dagger Throw","floor":7},{"not_picked":["Cloak And Dagger","Reflex"],"picked":"Escape Plan","floor":8},{"not_picked":["Tactician","Acrobatics"],"picked":"Escape Plan","floor":13}],"player_experience":417602,"relics_obtained":[{"floor":6,"key":"Ice Cream"},{"floor":8,"key":"Dream Catcher"},{"floor":9,"key":"CeramicFish"},{"floor":12,"key":"Shuriken"}],"event_choices":[{"damage_healed":0,"gold_gain":0,"player_choice":"2 cards matched","damage_taken":0,"max_hp_gain":0,"max_hp_loss":0,"event_name":"Match and Keep!","floor":2,"gold_loss":0,"cards_obtained":["Noxious Fumes","Sucker Punch"]},{"damage_healed":0,"gold_gain":0,"cards_transformed":["Strike_G"],"player_choice":"Transformed","damage_taken":0,"max_hp_gain":0,"max_hp_loss":0,"event_name":"Transmorgrifier","floor":10,"gold_loss":0,"cards_obtained":["Dagger Spray"]},{"damage_healed":0,"gold_gain":0,"player_choice":"Box","damage_taken":0,"relics_obtained":["Strawberry"],"max_hp_gain":0,"max_hp_loss":0,"event_name":"Big Fish","floor":14,"gold_loss":0,"cards_obtained":["Regret"]}],"is_beta":false,"boss_relics":[],"items_purged_floors":[11],"is_endless":false,"potions_floor_spawned":[3,7],"killed_by":"The Guardian","ascension_level":20}}