{"host":"97k3n5kp0psabqmo","time":1613452809,"event":{"mods":["BaseMod","Colored Powertips","Minty Spire (QoL Compilation)","StSLib"],"gold_per_floor":[113,124,50,50,64,64,92,105,105,123,136,156,156,166,166,270,270,281,380,398,398,77,77,91,107,156,9,9,27,47,79,79,177,177,189,207,207,221,233,233,233,233],"floor_reached":41,"language":"ENG","playtime":1261,"items_purged":["Strike_B"],"score":421,"play_id":"d2d6b2c3-92bb-45f6-877f-c7bfcee80e82","local_time":"20210216002009","is_ascension_mode":false,"campfire_choices":[{"data":"Storm","floor":6,"key":"SMITH"},{"data":"Defragment","floor":15,"key":"SMITH"},{"data":"Defragment","floor":23,"key":"SMITH"},{"data":"Fission","floor":28,"key":"SMITH"},{"floor":32,"key":"REST"},{"data":"Echo Form","floor":40,"key":"SMITH"}],"circlet_count":0,"master_deck":["Strike_B","Strike_B","Strike_B","Defend_B","Defend_B","Defend_B","Defend_B","Zap","Dualcast","Sweeping Beam","Ball Lightning","Storm+1","Leap","Melter","Defragment+1","Cold Snap","Doom and Gloom","Defragment+1","Redo","Fission+1","BootSequence","Loop","Echo Form+1","Skim+1"],"relics":["Cracked Core","NeowsBlessing","Pear","Eternal Feather","Oddly Smooth Stone","Busted Crown","Matryoshka","Lantern","Tiny Chest","Membership Card","Toy Ornithopter","Coffee Dripper"],"acts_visited":["Exordium","TheCity","TheBeyond"],"potions_floor_usage":[7,7,11,16,20,31,33],"damage_taken":[{"damage":0,"enemies":"Cultist","floor":1,"turns":1},{"damage":0,"enemies":"Jaw Worm","floor":2,"turns":1},{"damage":0,"enemies":"Small Slimes","floor":5,"turns":1},{"damage":18,"enemies":"Gremlin Nob","floor":7,"turns":4},{"damage":11,"enemies":"Exordium Wildlife","floor":8,"turns":4},{"damage":10,"enemies":"Red Slaver","floor":10,"turns":4},{"damage":22,"enemies":"Exordium Thugs","floor":11,"turns":4},{"damage":0,"enemies":"Exordium Wildlife","floor":12,"turns":3},{"damage":5,"enemies":"Blue Slaver","floor":14,"turns":3},{"damage":18,"enemies":"Hexaghost","floor":16,"turns":6},{"damage":2,"enemies":"Chosen","floor":18,"turns":4},{"damage":16,"enemies":"2 Thieves","floor":20,"turns":4},{"damage":23,"enemies":"3 Cultists","floor":24,"turns":4},{"damage":3,"enemies":"Centurion and Healer","floor":25,"turns":4},{"damage":9,"enemies":"Snecko","floor":29,"turns":3},{"damage":19,"enemies":"Snake Plant","floor":30,"turns":4},{"damage":17,"enemies":"Slavers","floor":31,"turns":4},{"damage":35,"enemies":"Automaton","floor":33,"turns":9},{"damage":8,"enemies":"Orb Walker","floor":35,"turns":3},{"damage":0,"enemies":"3 Shapes","floor":36,"turns":3},{"damage":21,"enemies":"Jaw Worm Horde","floor":38,"turns":3},{"damage":44,"enemies":"Spire Growth","floor":39,"turns":5},{"damage":42,"enemies":"Writhing Mass","floor":41,"turns":3}],"seed_played":"-1110074364213786395","potions_obtained":[{"floor":4,"key":"ColorlessPotion"},{"floor":4,"key":"Regen Potion"},{"floor":4,"key":"EssenceOfSteel"},{"floor":8,"key":"DuplicationPotion"},{"floor":10,"key":"Regen Potion"},{"floor":12,"key":"Ancient Potion"},{"floor":18,"key":"SteroidPotion"},{"floor":29,"key":"Weak Potion"},{"floor":30,"key":"FocusPotion"}],"is_trial":false,"path_per_floor":["M","M","$","?","M","R","E","M","T","M","M","M","?","M","R","B",null,"M","?","M","?","$","R","M","M","T","$","R","M","M","E","R","B",null,"M","M","?","M","M","R","M"],"character_chosen":"DEFECT","items_purchased":["Storm","Matryoshka","Membership Card"],"campfire_rested":1,"item_purchase_floors":[3,22,27],"current_hp_per_floor":[75,75,75,75,75,75,72,61,61,51,41,41,41,36,48,30,85,83,83,67,67,67,79,56,53,53,53,65,56,37,20,57,27,85,77,77,77,56,12,24,0,0],"gold":233,"neow_bonus":"THREE_ENEMY_KILL","is_daily":false,"chose_seed":false,"campfire_upgraded":5,"win_rate":0.0,"timestamp":1613452809,"path_taken":["M","M","$","?","?","R","E","M","T","M","M","M","?","?","R","BOSS","M","?","M","?","?","R","M","?","T","$","R","M","M","E","R","BOSS","M","M","?","M","M","R","M"],"items_purchased_type":["Card","Relic","Relic"],"build_version":"2020-12-22","purchased_purges":1,"victory":false,"max_hp_per_floor":[75,75,75,75,75,75,85,85,85,85,85,85,85,85,85,85,85,85,85,85,85,85,85,85,85,85,85,85,85,85,85,85,85,85,85,85,85,85,85,85,85,85],"card_choices":[{"not_picked":["Turbo","Self Repair"],"picked":"Sweeping Beam","floor":1},{"not_picked":["Compile Driver","Machine Learning"],"picked":"Ball Lightning","floor":2},{"not_picked":["Rebound","Sunder"],"picked":"Leap","floor":5},{"not_picked":["Reinforced Body","Chill"],"picked":"Melter","floor":7},{"not_picked":["Blizzard","Gash"],"picked":"Defragment","floor":8},{"not_picked":["Compile Driver","Streamline"],"picked":"Cold Snap","floor":10},{"not_picked":["Stack","Barrage"],"picked":"Doom and Gloom","floor":11},{"not_picked":["Scrape","Tempest"],"picked":"Defragment","floor":12},{"not_picked":["Leap","Conserve Battery"],"picked":"Redo","floor":14},{"not_picked":["Multi-Cast","Biased Cognition"],"picked":"Fission","floor":16},{"not_picked":["Cold Snap+1"],"picked":"SKIP","floor":18},{"not_picked":["Skim"],"picked":"SKIP","floor":20},{"not_picked":["Scrape"],"picked":"SKIP","floor":24},{"not_picked":["Stack"],"picked":"SKIP","floor":25},{"not_picked":["Turbo"],"picked":"SKIP","floor":29},{"not_picked":["Aggregate"],"picked":"SKIP","floor":30},{"not_picked":[],"picked":"Loop","floor":31},{"not_picked":[],"picked":"Echo Form","floor":33},{"not_picked":["Stack"],"picked":"SKIP","floor":35},{"not_picked":["Hologram"],"picked":"SKIP","floor":36},{"not_picked":[],"picked":"Skim+1","floor":38},{"not_picked":["Doom and Gloom"],"picked":"SKIP","floor":39}],"player_experience":78227,"relics_obtained":[{"floor":7,"key":"Pear"},{"floor":9,"key":"Eternal Feather"},{"floor":26,"key":"Lantern"},{"floor":26,"key":"Tiny Chest"},{"floor":31,"key":"Toy Ornithopter"}],"event_choices":[{"damage_healed":0,"gold_gain":0,"player_choice":"Got Potions","damage_taken":0,"max_hp_gain":0,"max_hp_loss":0,"event_name":"Lab","floor":4,"gold_loss":0},{"damage_healed":0,"gold_gain":0,"player_choice":"Gave Potion","damage_taken":0,"relics_obtained":["Oddly Smooth Stone"],"max_hp_gain":0,"max_hp_loss":0,"event_name":"WeMeetAgain","floor":13,"gold_loss":0},{"damage_healed":0,"gold_gain":99,"player_choice":"Stole From Cult","damage_taken":0,"max_hp_gain":0,"max_hp_loss":0,"event_name":"Nest","floor":19,"gold_loss":0},{"damage_healed":0,"gold_gain":0,"player_choice":"Read","damage_taken":0,"max_hp_gain":0,"max_hp_loss":0,"event_name":"The Library","floor":21,"gold_loss":0,"cards_obtained":["BootSequence"]},{"damage_healed":0,"gold_gain":0,"player_choice":"Ignored","damage_taken":0,"max_hp_gain":0,"max_hp_loss":0,"event_name":"Tomb of Lord Red Mask","floor":37,"gold_loss":0}],"is_beta":false,"boss_relics":[{"not_picked":["Astrolabe","SlaversCollar"],"picked":"Busted Crown"},{"not_picked":["Runic Dome","Black Star"],"picked":"Coffee Dripper"}],"items_purged_floors":[22],"is_endless":false,"potions_floor_spawned":[5,8,10,12,18,29,30],"killed_by":"Writhing Mass","ascension_level":0}}