{"host":"126yiuos2nq86se7","time":1613451384,"event":{"mods":["2.2 Compatiblity","AchievementEnabler","Act Like it!","BaseMod","Colored Map","Colored Powertips","Friendly Minions","Hermit","Highlight Path","KomeijiMod","Minty Spire (QoL Compilation)","StSLib","SuperFastMode"],"gold_per_floor":[110,121,135,152,102,128,128,148,148,163,12,27,53,76,88,203,215,243,255,11,11,29,29,42,42,42,54,54,54,71,71,71,167,167,183,252,269,332,382,382,398,398,398],"floor_reached":42,"language":"ENG","playtime":2347,"items_purged":["Strike_Komeiji","Strike_Komeiji"],"score":531,"play_id":"b0b24db3-3f52-4c8a-8f34-c53b483e5fb4","local_time":"20210216155624","is_ascension_mode":false,"campfire_choices":[{"data":"Dash_Komeiji","floor":7,"key":"SMITH"},{"floor":15,"key":"REST"},{"data":"DemonsDinnerFork","floor":23,"key":"SMITH"},{"data":"DemonsDinnerFork","floor":25,"key":"SMITH"},{"floor":28,"key":"REST"},{"data":"SuitokuNoKyoryu","floor":32,"key":"SMITH"},{"floor":40,"key":"REST"}],"circlet_count":0,"master_deck":["Strike_Komeiji","Defend_Komeiji","Defend_Komeiji","Defend_Komeiji","Defend_Komeiji","Dash_Komeiji+1","DemonsDinnerFork+1","KeiseiJin+1","MakuraSeki","DemonsDinnerFork+1","SuitokuNoKyoryu+1","MakuraSeki","AbyssNova","DemonsDinnerFork+1","TenguhouSokujitsuken","HagoromoKu+1","GasuOrimono+1"],"relics":["KomeijisEye","SpellCardsRule","MusicBox","Omamori","CrystalOfMemory","Ancient Tea Set","MawBank","ReiryokuShyu","MutagenicStrength","Medical Kit","Dream Catcher","SsserpentHead","Cursed Key"],"acts_visited":["Exordium","TheCity","TheBeyond"],"potions_floor_usage":[6,6,16,16,16,33,33,33],"damage_taken":[{"damage":9,"enemies":"Cultist","floor":1,"turns":4},{"damage":2,"enemies":"Small Slimes","floor":2,"turns":4},{"damage":0,"enemies":"Jaw Worm","floor":3,"turns":4},{"damage":0,"enemies":"Looter","floor":4,"turns":3},{"damage":0,"enemies":"Lagavulin","floor":6,"turns":6},{"damage":1,"enemies":"Large Slime","floor":8,"turns":6},{"damage":6,"enemies":"Gremlin Gang","floor":10,"turns":4},{"damage":0,"enemies":"2 Fungi Beasts","floor":12,"turns":3},{"damage":0,"enemies":"Exordium Thugs","floor":14,"turns":4},{"damage":0,"enemies":"Slime Boss","floor":16,"turns":9},{"damage":0,"enemies":"Chosen","floor":18,"turns":9},{"damage":11,"enemies":"2 Thieves","floor":22,"turns":5},{"damage":4,"enemies":"Centurion and Healer","floor":24,"turns":3},{"damage":10,"enemies":"Shelled Parasite and Fungi","floor":27,"turns":5},{"damage":1,"enemies":"Cultist and Chosen","floor":30,"turns":3},{"damage":0,"enemies":"Collector","floor":33,"turns":4},{"damage":21,"enemies":"Orb Walker","floor":35,"turns":4},{"damage":0,"enemies":"3 Shapes","floor":36,"turns":2},{"damage":3,"enemies":"Writhing Mass","floor":37,"turns":10},{"damage":13,"enemies":"Spire Growth","floor":38,"turns":5},{"damage":27,"enemies":"Transient","floor":41,"turns":5},{"damage":38,"enemies":"Writhing Mass","floor":42,"turns":4}],"seed_played":"-3335976927543875243","potions_obtained":[{"floor":1,"key":"ColorlessPotion"},{"floor":4,"key":"DistilledChaos"},{"floor":6,"key":"GamblersBrew"},{"floor":8,"key":"LiquidBronze"},{"floor":10,"key":"Fire Potion"},{"floor":16,"key":"Block Potion"},{"floor":18,"key":"CalmPotion"},{"floor":27,"key":"Weak Potion"},{"floor":30,"key":"CultistPotion"},{"floor":35,"key":"ColorlessPotion"},{"floor":38,"key":"Fire Potion"}],"is_trial":false,"path_per_floor":["M","M","M","M","?","E","R","M","T","M","$","M","T","M","R","B",null,"M","?","$","?","M","R","M","R","T","M","R","$","M","?","R","B",null,"M","M","M","M","?","R","M","M"],"character_chosen":"KomeijiSatori","items_purchased":["SuitokuNoKyoryu","Medical Kit"],"campfire_rested":3,"item_purchase_floors":[11,20],"current_hp_per_floor":[41,39,39,39,39,39,39,38,38,32,32,34,34,34,49,50,50,50,50,50,50,41,41,37,37,37,27,42,42,41,41,41,41,50,29,29,26,13,13,28,3,0,0],"gold":398,"neow_bonus":"RANDOM_COMMON_RELIC","is_daily":false,"chose_seed":false,"campfire_upgraded":4,"win_rate":0.0,"timestamp":1613451384,"path_taken":["M","M","?","?","?","E","R","M","T","M","$","M","?","M","R","BOSS","M","?","$","?","M","R","M","R","T","M","R","$","?","?","R","BOSS","M","?","M","?","?","R","M","M"],"items_purchased_type":["Card","Relic"],"build_version":"2020-12-22","purchased_purges":2,"victory":false,"max_hp_per_floor":[50,50,50,50,50,50,50,50,50,50,50,50,50,50,50,50,50,50,50,50,50,50,50,50,50,50,50,50,50,50,50,50,50,50,50,50,50,50,50,50,50,50,50],"card_choices":[{"not_picked":["NingyouSousou+1","NingyouFukuhei+1"],"picked":"DemonsDinnerFork","floor":1},{"not_picked":["NingyouFukuhei+1","NingyouChiyari+1","YoukiSo+1"],"picked":"SKIP","floor":2},{"not_picked":["NingyouSP+1","SenyouGoraku+1"],"picked":"KeiseiJin+1","floor":3},{"not_picked":["SenseofElegance","NingyouYunhei+1","GroundStardust+1"],"picked":"SKIP","floor":4},{"not_picked":["InscribeRedSoul","NingyouSP+1"],"picked":"MakuraSeki","floor":6},{"not_picked":["NingyouKisou+1","ArtfulChanter"],"picked":"DemonsDinnerFork","floor":8},{"not_picked":["InscribeRedSoul","MusuNoYume","NingyouKasou+1"],"picked":"SKIP","floor":10},{"not_picked":["Sabishigari+1","NingyouSousou+1","DochyakuKami+1"],"picked":"SKIP","floor":12},{"not_picked":["JyouchiJin+1","NarrowSpark"],"picked":"MakuraSeki","floor":14},{"not_picked":["MunenMusou","LunaDial"],"picked":"AbyssNova","floor":16},{"not_picked":["DochyakuKami+1","NingyouChiyari+1","SeekerWire+1"],"picked":"SKIP","floor":18},{"not_picked":["Melting","NingyouSP+1","RikonNoKama+1"],"picked":"SKIP","floor":22},{"not_picked":["MiraiBunraku","SeekerDolls+1","KouPou+1"],"picked":"SKIP","floor":24},{"not_picked":["HagoromoMizu","Melting+1","NingyouShinki+1"],"picked":"SKIP","floor":27},{"not_picked":["NingyouShinki+1","NingyouFukuhei+1"],"picked":"DemonsDinnerFork+1","floor":28},{"not_picked":["ShyakuBuku","NingyouChiyari+1","RikonNoKama+1"],"picked":"SKIP","floor":30},{"not_picked":["HisouTensoku","MusouMyousyu"],"picked":"TenguhouSokujitsuken","floor":33},{"not_picked":["MissingPower","SeekerWire+1","NingyouShinki+1"],"picked":"SKIP","floor":35},{"not_picked":["SeekerWire+1","MakuraSeki+1"],"picked":"HagoromoKu+1","floor":36},{"not_picked":["ShyakuBuku+1","WumiGaWareru","JyouchiJin+1"],"picked":"SKIP","floor":37},{"not_picked":["KeiseiJin+1","NingyouShinki+1","NingyouKisou+1"],"picked":"SKIP","floor":38},{"not_picked":["DochyakuKami+1","SelfTokamak"],"picked":"GasuOrimono+1","floor":41}],"player_experience":1521344,"relics_obtained":[{"floor":6,"key":"CrystalOfMemory"},{"floor":9,"key":"Ancient Tea Set"},{"floor":13,"key":"MawBank"},{"floor":26,"key":"Dream Catcher"}],"event_choices":[{"cards_removed":["Strike_Komeiji"],"damage_healed":0,"gold_gain":0,"player_choice":"Card Removal","damage_taken":0,"max_hp_gain":0,"max_hp_loss":0,"event_name":"The Cleric","floor":5,"gold_loss":50},{"damage_healed":0,"gold_gain":0,"player_choice":"Inject Mutagens","damage_taken":0,"relics_obtained":["MutagenicStrength"],"max_hp_gain":0,"max_hp_loss":0,"event_name":"Drug Dealer","floor":19,"gold_loss":0},{"damage_healed":0,"gold_gain":0,"player_choice":"Ignored","damage_taken":0,"max_hp_gain":0,"max_hp_loss":0,"event_name":"NoteForYourself","floor":21,"gold_loss":0},{"damage_healed":0,"gold_gain":0,"player_choice":"Trade","damage_taken":0,"relics_obtained":["SsserpentHead"],"max_hp_gain":0,"max_hp_loss":0,"event_name":"FaceTrader","floor":31,"gold_loss":0},{"damage_healed":0,"gold_gain":0,"player_choice":"Ignored","damage_taken":0,"max_hp_gain":0,"max_hp_loss":0,"event_name":"Tomb of Lord Red Mask","floor":39,"gold_loss":0}],"is_beta":false,"boss_relics":[{"not_picked":["Runic Dome","Runic Pyramid"],"picked":"ReiryokuShyu"},{"not_picked":["Pandora\u0027s Box","Empty Cage"],"picked":"Cursed Key"}],"items_purged_floors":[11,20],"is_endless":false,"potions_floor_spawned":[1,4,6,8,10,16,18,27,30,35,38],"killed_by":"Writhing Mass","ascension_level":0}}