{"host":"yy1cu9q9bsxhflzi","time":1613501728,"event":{"mods":["BaseMod","DeckTracker","Minty Spire (QoL Compilation)","Quick Restart","StSLib","SuperFastMode","everything is the same but u backflip on backflip"],"gold_per_floor":[119,129,129,74,74,74,99,99,148,180,200,200,214,139,139,213,213,226,241,156,56,56,56,56,76,99,111,111,111],"floor_reached":28,"language":"KOR","playtime":444,"items_purged":["Strike_G","Defend_G"],"score":461,"play_id":"d09d057c-39e0-4c21-8a13-52cd92ef0cef","local_time":"20210217035528","is_ascension_mode":true,"campfire_choices":[{"data":"Dagger Spray","floor":6,"key":"SMITH"},{"data":"Neutralize","floor":8,"key":"SMITH"},{"floor":12,"key":"REST"},{"data":"Envenom","floor":15,"key":"SMITH"},{"floor":23,"key":"REST"}],"circlet_count":0,"master_deck":["AscendersBane","Strike_G+1","Strike_G+1","Defend_G","Defend_G","Survivor","Neutralize+1","Dagger Throw","Escape Plan","Dagger Spray+1","Flying Knee","Envenom+1","Blade Dance","A Thousand Cuts","Grand Finale+1","Outmaneuver+1","Predator+1","Backflip","Decay","Decay","Terror+1"],"relics":["Ring of the Snake","NeowsBlessing","Pear","Lantern","Gremlin Horn","Odd Mushroom","Astrolabe","Mummified Hand"],"acts_visited":["Exordium","TheCity"],"potions_floor_usage":[16,28],"damage_taken":[{"damage":0,"enemies":"2 Louse","floor":1,"turns":1},{"damage":0,"enemies":"Jaw Worm","floor":2,"turns":1},{"damage":0,"enemies":"Lagavulin","floor":7,"turns":1},{"damage":22,"enemies":"3 Sentries","floor":10,"turns":6},{"damage":14,"enemies":"The Mushroom Lair","floor":11,"turns":3},{"damage":0,"enemies":"Small Slimes","floor":13,"turns":2},{"damage":21,"enemies":"Slime Boss","floor":16,"turns":8},{"damage":17,"enemies":"2 Thieves","floor":18,"turns":4},{"damage":19,"enemies":"Spheric Guardian","floor":19,"turns":4},{"damage":25,"enemies":"Cultist and Chosen","floor":25,"turns":6},{"damage":10,"enemies":"3 Cultists","floor":27,"turns":3},{"damage":10,"enemies":"Snecko","floor":28,"turns":3}],"seed_played":"7000922362565178531","potions_obtained":[{"floor":2,"key":"LiquidMemories"},{"floor":7,"key":"BlessingOfTheForge"},{"floor":25,"key":"LiquidMemories"}],"is_trial":false,"path_per_floor":["M","M","?","$","?","R","E","R","T","E","?","R","M","$","R","B",null,"M","M","?","$","?","R","?","M","T","M","M"],"character_chosen":"THE_SILENT","items_purchased":["Dagger Spray"],"campfire_rested":2,"item_purchase_floors":[4],"current_hp_per_floor":[59,59,39,39,39,39,49,49,49,27,13,35,35,35,35,14,61,44,25,25,25,25,47,47,22,22,12,2,2],"gold":111,"neow_bonus":"THREE_ENEMY_KILL","is_daily":false,"chose_seed":false,"campfire_upgraded":3,"win_rate":0.0,"timestamp":1613501728,"path_taken":["M","M","?","$","?","R","E","R","T","E","?","R","?","$","R","BOSS","M","M","?","$","?","R","?","?","T","M","M"],"items_purchased_type":["Card"],"build_version":"2020-12-22","purchased_purges":2,"victory":false,"max_hp_per_floor":[66,66,66,66,66,66,76,76,76,76,76,76,76,76,76,76,76,76,76,76,76,76,76,76,76,76,76,76,76],"card_choices":[{"not_picked":["Prepared","Calculated Gamble"],"picked":"Dagger Throw","floor":1},{"not_picked":["Predator","Endless Agony"],"picked":"Escape Plan","floor":2},{"not_picked":["Concentrate","Escape Plan"],"picked":"Flying Knee","floor":7},{"not_picked":["PiercingWail","Quick Slash"],"picked":"Envenom","floor":10},{"not_picked":["Deadly Poison","Dagger Spray"],"picked":"Blade Dance","floor":13},{"not_picked":["Envenom","Burst"],"picked":"A Thousand Cuts","floor":16},{"not_picked":["Flying Knee","Poisoned Stab"],"picked":"Backflip","floor":18},{"not_picked":["Poisoned Stab","Eviscerate","Blade Dance"],"picked":"SKIP","floor":19},{"not_picked":["Eviscerate","Quick Slash","Bouncing Flask"],"picked":"SKIP","floor":25},{"not_picked":["Riddle With Holes","Masterful Stab"],"picked":"Terror+1","floor":27}],"player_experience":3919073,"relics_obtained":[{"floor":7,"key":"Pear"},{"floor":9,"key":"Lantern"},{"floor":10,"key":"Gremlin Horn"},{"floor":11,"key":"Odd Mushroom"}],"event_choices":[{"damage_healed":0,"gold_gain":0,"player_choice":"Entered Light","damage_taken":20,"max_hp_gain":0,"max_hp_loss":0,"event_name":"Shining Light","floor":3,"gold_loss":0,"cards_upgraded":["Strike_G","Strike_G"]},{"cards_removed":["Strike_G"],"damage_healed":0,"gold_gain":0,"player_choice":"Forget","damage_taken":0,"max_hp_gain":0,"max_hp_loss":0,"event_name":"Living Wall","floor":5,"gold_loss":0},{"damage_healed":0,"gold_gain":0,"player_choice":"Fought Mushrooms","damage_taken":0,"max_hp_gain":0,"max_hp_loss":0,"event_name":"Mushrooms","floor":11,"gold_loss":0},{"damage_healed":0,"gold_gain":0,"player_choice":"Obtained Relic","damage_taken":0,"relics_obtained":["Mummified Hand"],"max_hp_gain":0,"max_hp_loss":0,"event_name":"Addict","floor":20,"gold_loss":85},{"damage_healed":0,"gold_gain":0,"player_choice":"Smashed Altar","damage_taken":0,"max_hp_gain":0,"max_hp_loss":0,"event_name":"Forgotten Altar","floor":22,"gold_loss":0,"cards_obtained":["Decay"]},{"damage_healed":0,"gold_gain":0,"player_choice":"Cursed","damage_taken":0,"max_hp_gain":0,"max_hp_loss":0,"event_name":"Wheel of Change","floor":24,"gold_loss":0,"cards_obtained":["Decay"]}],"is_beta":false,"boss_relics":[{"not_picked":["Cursed Key","Empty Cage"],"picked":"Astrolabe"}],"items_purged_floors":[14,21],"is_endless":false,"potions_floor_spawned":[2,7,10,13,25,27],"killed_by":"Snecko","ascension_level":17}}