{"host":"en4narc5947t7k9n","time":1613495889,"event":{"mods":["AchievementEnabler","BaseMod","Colored Map","Minty Spire (QoL Compilation)","SuperFastMode"],"gold_per_floor":[112,212,227,243,2,2,20,20,47,47,72,72,104,16,16,16,16],"floor_reached":16,"language":"KOR","playtime":608,"items_purged":[],"score":98,"play_id":"fde7d9b7-0ff4-4cd1-877b-392b0262d311","local_time":"20210217021809","is_ascension_mode":false,"campfire_choices":[{"data":"Searing Blow","floor":6,"key":"SMITH"},{"data":"Searing Blow+1","floor":8,"key":"SMITH"},{"data":"Searing Blow+2","floor":10,"key":"SMITH"},{"data":"Searing Blow+3","floor":15,"key":"SMITH"}],"circlet_count":0,"master_deck":["Strike_R","Strike_R","Strike_R","Strike_R","Strike_R","Defend_R","Defend_R","Defend_R","Defend_R+1","Bash","Bloodletting+1","Clash","Warcry","Flash of Steel","Searing Blow+4","Intimidate","Entrench","Rage","Swift Strike"],"relics":["Burning Blood","NeowsBlessing","Juzu Bracelet","Odd Mushroom","Pen Nib"],"acts_visited":["Exordium"],"potions_floor_usage":[13,13],"damage_taken":[{"damage":0,"enemies":"Jaw Worm","floor":1,"turns":1},{"damage":0,"enemies":"Cultist","floor":3,"turns":1},{"damage":0,"enemies":"Small Slimes","floor":4,"turns":1},{"damage":9,"enemies":"Exordium Wildlife","floor":7,"turns":3},{"damage":25,"enemies":"The Mushroom Lair","floor":11,"turns":4},{"damage":35,"enemies":"3 Sentries","floor":13,"turns":7},{"damage":29,"enemies":"The Guardian","floor":16,"turns":2}],"seed_played":"-2792467673730479516","potions_obtained":[{"floor":1,"key":"SpeedPotion"},{"floor":3,"key":"Fire Potion"}],"is_trial":false,"path_per_floor":["M","?","M","M","$","R","M","R","T","R","?","?","E","$","R","B"],"character_chosen":"IRONCLAD","items_purchased":["Flash of Steel","Searing Blow","Intimidate","Swift Strike"],"campfire_rested":0,"item_purchase_floors":[5,5,5,14],"current_hp_per_floor":[80,80,80,80,80,80,77,77,77,77,58,42,13,13,13,0,0],"gold":16,"neow_bonus":"THREE_ENEMY_KILL","is_daily":false,"chose_seed":false,"campfire_upgraded":4,"win_rate":0.0,"timestamp":1613495889,"path_taken":["M","?","M","M","$","R","M","R","T","R","?","?","E","?","R","BOSS"],"items_purchased_type":["Card","Card","Card","Card"],"build_version":"2020-12-22","purchased_purges":0,"victory":false,"max_hp_per_floor":[80,80,80,80,80,80,80,80,80,80,80,80,80,80,80,80,80],"card_choices":[{"not_picked":["Hemokinesis","Burning Pact"],"picked":"Bloodletting","floor":1},{"not_picked":["Headbutt","Cleave"],"picked":"Clash","floor":3},{"not_picked":["Wild Strike","Clothesline"],"picked":"Warcry","floor":4},{"not_picked":["Hemokinesis","Pommel Strike"],"picked":"Entrench","floor":7},{"not_picked":["Heavy Blade","Whirlwind"],"picked":"Rage","floor":13}],"player_experience":15802,"relics_obtained":[{"floor":9,"key":"Juzu Bracelet"},{"floor":11,"key":"Odd Mushroom"},{"floor":13,"key":"Pen Nib"}],"event_choices":[{"damage_healed":0,"gold_gain":100,"player_choice":"Pray","damage_taken":0,"max_hp_gain":0,"max_hp_loss":0,"event_name":"Golden Shrine","floor":2,"gold_loss":0},{"damage_healed":0,"gold_gain":0,"player_choice":"Fought Mushrooms","damage_taken":0,"max_hp_gain":0,"max_hp_loss":0,"event_name":"Mushrooms","floor":11,"gold_loss":0},{"damage_healed":0,"gold_gain":0,"player_choice":"Entered Light","damage_taken":16,"max_hp_gain":0,"max_hp_loss":0,"event_name":"Shining Light","floor":12,"gold_loss":0,"cards_upgraded":["Defend_R","Bloodletting"]}],"is_beta":false,"boss_relics":[],"items_purged_floors":[],"is_endless":false,"potions_floor_spawned":[1,3],"killed_by":"The Guardian","ascension_level":0}}