{"host":"w4b7hmige5bnqipq","time":1613494951,"event":{"mods":["2.2 Compatiblity","BaseMod","Colored Map","DeckTracker","Keyboard Shortcuts","Minty Spire (QoL Compilation)","Permanent Neow","Rare Cards Sparkle","SuperFastMode","everything is the same but u backflip on backflip","slay the spire mod where everything is the same but ironclad has a cowboy hat"],"gold_per_floor":[18,18,41,41,41,41,51,51,75,75,95,120,136,152,152,152,152],"floor_reached":16,"language":"KOR","playtime":408,"items_purged":[],"score":250,"play_id":"36879cda-2f12-44c0-9b06-89c6576c7110","local_time":"20210217020231","is_ascension_mode":true,"campfire_choices":[{"data":"Phantasmal Killer","floor":6,"key":"SMITH"},{"data":"After Image","floor":8,"key":"SMITH"},{"data":"Crippling Poison","floor":15,"key":"SMITH"}],"circlet_count":0,"master_deck":["AscendersBane","Strike_G","Strike_G+1","Strike_G+1","Defend_G","Defend_G","Defend_G","Defend_G","Defend_G","Survivor","Neutralize","After Image+1","Dagger Spray","Phantasmal Killer+1","PiercingWail","Well Laid Plans","Deadly Poison","Poisoned Stab","Crippling Poison+1"],"relics":["Ring of the Snake","Bag of Marbles","Happy Flower","Whetstone"],"acts_visited":["Exordium"],"potions_floor_usage":[12,14],"damage_taken":[{"damage":9,"enemies":"Jaw Worm","floor":1,"turns":7},{"damage":0,"enemies":"Cultist","floor":7,"turns":4},{"damage":0,"enemies":"Small Slimes","floor":11,"turns":2},{"damage":0,"enemies":"Lagavulin","floor":12,"turns":4},{"damage":0,"enemies":"3 Louse","floor":13,"turns":4},{"damage":0,"enemies":"2 Fungi Beasts","floor":14,"turns":4},{"damage":43,"enemies":"Hexaghost","floor":16,"turns":11}],"seed_played":"1666203107580382301","potions_obtained":[{"floor":7,"key":"AttackPotion"},{"floor":13,"key":"ColorlessPotion"},{"floor":14,"key":"Fire Potion"}],"is_trial":false,"path_per_floor":["M","?","T","$","?","R","M","R","T","?","M","E","M","M","R","B"],"character_chosen":"THE_SILENT","items_purchased":[],"campfire_rested":0,"item_purchase_floors":[],"current_hp_per_floor":[50,50,50,50,50,50,50,50,50,43,43,43,43,43,43,0,0],"gold":152,"neow_bonus":"THREE_RARE_CARDS","is_daily":false,"chose_seed":false,"campfire_upgraded":3,"win_rate":0.0,"timestamp":1613494951,"path_taken":["M","?","?","$","?","R","?","R","T","?","M","E","M","M","R","BOSS"],"items_purchased_type":[],"build_version":"2020-12-22","purchased_purges":0,"victory":false,"max_hp_per_floor":[66,66,66,66,66,66,66,66,66,66,66,66,66,66,66,66,66],"card_choices":[{"not_picked":["A Thousand Cuts","Grand Finale"],"picked":"After Image","floor":0},{"not_picked":["Sucker Punch","Masterful Stab"],"picked":"Dagger Spray","floor":1},{"not_picked":["Caltrops","Dodge and Roll"],"picked":"PiercingWail","floor":7},{"not_picked":["Cloak And Dagger","Choke"],"picked":"Well Laid Plans","floor":11},{"not_picked":["Expertise","PiercingWail"],"picked":"Deadly Poison","floor":12},{"not_picked":["Slice","Deflect"],"picked":"Poisoned Stab","floor":13},{"not_picked":["Backflip","Terror"],"picked":"Crippling Poison","floor":14}],"player_experience":769259,"relics_obtained":[{"floor":3,"key":"Bag of Marbles"},{"floor":9,"key":"Happy Flower"},{"floor":12,"key":"Whetstone"}],"event_choices":[{"cards_removed":["Strike_G"],"damage_healed":0,"gold_gain":0,"player_choice":"Forget","damage_taken":0,"max_hp_gain":0,"max_hp_loss":0,"event_name":"Living Wall","floor":2,"gold_loss":0},{"damage_healed":0,"gold_gain":0,"player_choice":"1 cards matched","damage_taken":0,"max_hp_gain":0,"max_hp_loss":0,"event_name":"Match and Keep!","floor":5,"gold_loss":0,"cards_obtained":["Phantasmal Killer"]},{"damage_healed":0,"gold_gain":0,"player_choice":"1 cards matched","damage_taken":0,"max_hp_gain":0,"max_hp_loss":0,"event_name":"Match and Keep!","floor":5,"gold_loss":0,"cards_obtained":["Phantasmal Killer"]},{"cards_removed":["Strike_G"],"damage_healed":0,"gold_gain":0,"player_choice":"Card Removal","damage_taken":7,"max_hp_gain":0,"max_hp_loss":0,"event_name":"Golden Wing","floor":10,"gold_loss":0}],"is_beta":false,"boss_relics":[],"items_purged_floors":[],"is_endless":false,"potions_floor_spawned":[7,13,14],"killed_by":"Hexaghost","ascension_level":20}}