{"host":"5y2vm16xfq9gfmb2","time":1613513476,"event":{"mods":["AchievementEnabler","BaseMod","Better Third Choice","Colored Map","Colored Powertips","DeckTracker","Friendly Minions","Marisa????????","Minty Spire (QoL Compilation)","Rare Cards Sparkle","Relic Stats","StSLib","The Alterego","The Animator","The Marked","The Servant 0.9.4","Yohane!"],"gold_per_floor":[117,149,172,188,201,201,201,216,216,29,66,66,100,118,118,247,247,264,108,146,178,9,52,52,52,128,146,146,146,164,184,184,292,292,310,330,330,330,146,146,169,15,38,38,38,38,38,70,70,70,70,70,452,502,506,506],"floor_reached":55,"language":"ENG","playtime":4056,"items_purged":[],"score":718,"play_id":"785b1d9f-4aea-4649-b067-bb80887fd090","local_time":"20210216171116","is_ascension_mode":false,"campfire_choices":[{"floor":6.0,"key":"RECALL"},{"floor":15.0,"key":"REST"},{"floor":24.0,"key":"REST"},{"floor":32.0,"key":"REST"},{"data":"animator:Shalltear","floor":40.0,"key":"SMITH"},{"data":"animator:QuestionMark","floor":45.0,"key":"SMITH"},{"data":"animator:HigakiRinne","floor":47.0,"key":"SMITH"},{"floor":49.0,"key":"REST"},{"data":"animator:Saber","floor":52.0,"key":"SMITH"}],"circlet_count":0,"master_deck":["animator:Strike_Konosuba","animator:Defend_Konosuba","animator:Strike","animator:Strike","animator:Strike","animator:Defend","animator:Defend","animator:Defend","animator:Kazuma","animator:Aqua","animator:Lancer","animator:Megumin+4","animator:Tet","animator:KyokoSakura","animator:Chris","animator:Genos","animator:SayakaMiki","animator:Sora","animator:Vanir","animator:GoblinSlayer+1","animator:YuiTsuruno","animator:Verdia","animator:Darkness","animator:ShinjiMatou","animator:DwarfShaman","animator:ElricAlphonse","animator:Wiz","animator:Sloth","animator:Saitama+1","animator:Shalltear","animator:Entoma","animator:HigakiRinne","animator:Saber","animator:Benimaru","animator:YunYun","animator:Ainz","animator:QuestionMark","animator:Jibril","animator:DolaRiku+1"],"relics":["animator:TheEgnaroPiece","animator:AncientMedallion"],"acts_visited":["Exordium","TheCity","TheBeyond","TheEnding","EYB:TheUnnamedReign"],"potions_floor_usage":[55],"damage_taken":[{"damage":0.0,"enemies":"Cultist","floor":1.0,"turns":1.0},{"damage":0.0,"enemies":"Small Slimes","floor":2.0,"turns":1.0},{"damage":0.0,"enemies":"Jaw Worm","floor":3.0,"turns":1.0},{"damage":8.0,"enemies":"Lots of Slimes","floor":4.0,"turns":4.0},{"damage":0.0,"enemies":"Exordium Wildlife","floor":5.0,"turns":3.0},{"damage":6.0,"enemies":"3 Louse","floor":8.0,"turns":4.0},{"damage":54.0,"enemies":"Gremlin Nob","floor":11.0,"turns":6.0},{"damage":3.0,"enemies":"Large Slime","floor":13.0,"turns":5.0},{"damage":2.0,"enemies":"Exordium Wildlife","floor":14.0,"turns":3.0},{"damage":16.0,"enemies":"Slime Boss","floor":16.0,"turns":9.0},{"damage":5.0,"enemies":"3 Byrds","floor":18.0,"turns":3.0},{"damage":0.0,"enemies":"Spheric Guardian","floor":20.0,"turns":3.0},{"damage":15.0,"enemies":"Centurion and Healer","floor":21.0,"turns":7.0},{"damage":40.0,"enemies":"Book of Stabbing","floor":23.0,"turns":7.0},{"damage":20.0,"enemies":"Cultist and Chosen","floor":27.0,"turns":5.0},{"damage":3.0,"enemies":"Chosen and Byrds","floor":30.0,"turns":2.0},{"damage":0.0,"enemies":"3 Cultists","floor":31.0,"turns":2.0},{"damage":71.0,"enemies":"Collector","floor":33.0,"turns":9.0},{"damage":3.0,"enemies":"Orb Walker","floor":35.0,"turns":4.0},{"damage":1.0,"enemies":"3 Darklings","floor":36.0,"turns":3.0},{"damage":21.0,"enemies":"Maw","floor":41.0,"turns":7.0},{"damage":36.0,"enemies":"Jaw Worm Horde","floor":48.0,"turns":5.0},{"damage":45.0,"enemies":"Donu and Deca","floor":50.0,"turns":5.0},{"damage":87.0,"enemies":"animator:UNNAMED_HAT","floor":54.0,"turns":15.0},{"damage":25,"enemies":"animator:UNNAMED_CULTIST_1","floor":55,"turns":8}],"seed_played":"-2411102811916172327","potions_obtained":[{"floor":1.0,"key":"DistilledChaos"},{"floor":2.0,"key":"LiquidMemories"},{"floor":5.0,"key":"ColorlessPotion"},{"floor":8.0,"key":"Fruit Juice"},{"floor":13.0,"key":"Energy Potion"},{"floor":20.0,"key":"EntropicBrew"},{"floor":21.0,"key":"Strength Potion"},{"floor":23.0,"key":"AttackPotion"},{"floor":33.0,"key":"Swift Potion"},{"floor":35.0,"key":"FearPotion"},{"floor":36.0,"key":"ColorlessPotion"},{"floor":54.0,"key":"animator:FalseLifePotion"}],"is_trial":false,"path_per_floor":["M","M","M","M","M","R","?","M","T","$","E","?","M","M","R","B",null,"M","$","M","M","$","E","R","$","T","M","?","?","M","M","R","B",null,"M","M","?","?","$","R","M","$","T","?","R","$","R","M","R","B",null,"R","??","M","M"],"character_chosen":"THE_ANIMATOR","items_purchased":["Lee\u0027s Waffle","animator:SayakaMiki","Vajra","Omamori","animator:ShinjiMatou","animator:Saber","animator:Benimaru","animator:Ainz"],"campfire_rested":4,"item_purchase_floors":[10,10,19,22,22,39,39,42],"current_hp_per_floor":[66,66,66,60,61,61,48,49,49,79,26,26,27,28,52,40,89,86,86,90,81,81,48,77,77,77,63,63,47,52,56,87,22,108,109,111,111,97,97,97,82,82,82,82,82,82,82,52,86,47,118,118,98,14,0,0],"gold":506,"neow_bonus":"THREE_ENEMY_KILL","is_daily":false,"chose_seed":false,"campfire_upgraded":4,"win_rate":0.0,"timestamp":1613513476,"path_taken":["M","M","?","?","?","R","?","M","T","$","E","?","M","M","R","BOSS","M","$","M","M","$","E","R","?","T","M","?","?","M","M","R","BOSS","M","M","?","?","$","R","M","?","T","?","R","$","R","M","R","BOSS","R","??","M","M"],"items_purchased_type":["Relic","Card","Relic","Relic","Card","Card","Card","Card"],"build_version":"2020-12-22","purchased_purges":0,"victory":false,"max_hp_per_floor":[66,66,66,66,67,67,67,72,72,79,80,80,80,81,81,81,89,91,91,93,95,95,98,98,98,98,100,100,100,104,106,106,108,108,110,112,112,112,112,112,114,114,114,114,114,114,114,116,116,118,118,118,98,99,99,99],"relic_stats":{"counters":[25,122],"obtain_stats":[{"Lee\u0027s Waffle":10,"NeowsBlessing":0,"Torii":23,"Happy Flower":28,"animator:TheMissingPiece":0,"Vajra":19,"Omamori":22,"Blood Vial":11,"animator:HolyGrailRelic":17,"Anchor":43,"animator:TheEgnaroPiece":53,"animator:PurgingStone":0,"animator:AncientMedallion":53,"Sundial":26,"animator:LivingPicture":0,"Mark of Pain":34,"Necronomicon":29},{"Lee\u0027s Waffle":6,"NeowsBlessing":0,"Torii":14,"Happy Flower":15,"animator:TheMissingPiece":0,"Vajra":11,"Omamori":13,"Blood Vial":7,"animator:HolyGrailRelic":10,"Anchor":21,"animator:TheEgnaroPiece":23,"animator:PurgingStone":0,"animator:AncientMedallion":23,"Sundial":14,"animator:LivingPicture":0,"Mark of Pain":18,"Necronomicon":15},{"Lee\u0027s Waffle":14,"NeowsBlessing":0,"Torii":57,"Happy Flower":62,"animator:TheMissingPiece":0,"Vajra":40,"Omamori":50,"Blood Vial":20,"animator:HolyGrailRelic":37,"Anchor":89,"animator:TheEgnaroPiece":99,"animator:PurgingStone":0,"animator:AncientMedallion":99,"Sundial":57,"animator:LivingPicture":0,"Mark of Pain":75,"Necronomicon":62}]},"card_choices":[{"not_picked":["animator:Sonic","animator:LizardPriest"],"picked":"animator:Lancer","floor":1.0},{"not_picked":["animator:Vesta","animator:Benimaru"],"picked":"animator:Megumin","floor":2.0},{"not_picked":["animator:Aqua","animator:RinTohsaka"],"picked":"animator:Tet","floor":3.0},{"not_picked":["animator:IrohaTamaki","animator:YuiTsuruno"],"picked":"animator:KyokoSakura","floor":4.0},{"not_picked":["animator:OrikoMikuni","animator:PandorasActor"],"picked":"animator:Chris","floor":5.0},{"not_picked":["animator:Scar","animator:MumenRider"],"picked":"animator:Genos","floor":8.0},{"not_picked":["animator:Lancer","animator:Genos"],"picked":"animator:Sora","floor":11.0},{"not_picked":["animator:Aqua","animator:Mitsurugi"],"picked":"animator:Darkness","floor":13.0},{"not_picked":["animator:Archer","animator:ChlammyZell"],"picked":"animator:Vanir","floor":14.0},{"not_picked":["animator:Sora","animator:Albedo"],"picked":"animator:GoblinSlayer","floor":16.0},{"not_picked":["animator:Kazuma","animator:Illya"],"picked":"animator:YuiTsuruno","floor":18.0},{"not_picked":["animator:Vanir","animator:LizardPriest"],"picked":"animator:Verdia+1","floor":20.0},{"not_picked":["animator:Verdia","animator:Vanir"],"picked":"animator:Darkness","floor":21.0},{"not_picked":["animator:Genos","animator:EmiyaShirou"],"picked":"animator:DwarfShaman","floor":23.0},{"not_picked":["animator:Cocytus","animator:ShinjiMatou"],"picked":"animator:ElricAlphonse","floor":27.0},{"not_picked":["animator:Cocytus","animator:Hakurou"],"picked":"animator:Wiz","floor":30.0},{"not_picked":["animator:WinryRockbell","animator:MaesHughes"],"picked":"animator:Sloth","floor":31.0},{"not_picked":["animator:Sora","animator:MadokaKaname"],"picked":"animator:Saitama","floor":33.0},{"not_picked":["animator:Alexander+1","animator:DolaStephanie+1"],"picked":"animator:Shalltear","floor":35.0},{"not_picked":["animator:ShinjiMatou","animator:Geryuganshoop+1"],"picked":"animator:Entoma","floor":36.0},{"not_picked":["animator:Cocytus","animator:OrikoMikuni"],"picked":"animator:YunYun","floor":41.0},{"not_picked":["animator:Urushihara","animator:Shimakaze"],"picked":"animator:QuestionMark","floor":44.0},{"not_picked":["animator:DolaRiku","animator:DolaStephanie"],"picked":"animator:Jibril","floor":48.0},{"not_picked":["animator:SakuraMatou","animator:Tet"],"picked":"animator:DolaRiku+1","floor":54.0}],"player_experience":133663,"relics_obtained":[{"floor":11.0,"key":"Blood Vial"},{"floor":23.0,"key":"Torii"},{"floor":26.0,"key":"Sundial"},{"floor":29.0,"key":"Necronomicon"},{"floor":43.0,"key":"Anchor"},{"floor":53.0,"key":"animator:TheEgnaroPiece"},{"floor":53.0,"key":"animator:AncientMedallion"}],"event_choices":[{"damage_healed":61.0,"max_hp_gain":0.0,"max_hp_loss":67.0,"gold_gain":0.0,"event_name":"betterThird:BetterShining","player_choice":"Upgrade","floor":7.0,"gold_loss":0.0,"damage_taken":13.0,"cards_upgraded":["animator:Defend","animator:Strike"]},{"damage_healed":0.0,"max_hp_gain":0.0,"max_hp_loss":0.0,"gold_gain":0.0,"event_name":"Upgrade Shrine","player_choice":"Upgraded","floor":12.0,"gold_loss":0.0,"damage_taken":0.0,"cards_upgraded":["animator:Sora"]},{"damage_healed":0.0,"max_hp_gain":0.0,"max_hp_loss":0.0,"gold_gain":0.0,"event_name":"The Mausoleum","player_choice":"Opened","floor":28.0,"gold_loss":0.0,"damage_taken":0.0,"relics_obtained":["Happy Flower"]},{"damage_healed":0.0,"max_hp_gain":0.0,"max_hp_loss":0.0,"gold_gain":0.0,"event_name":"Cursed Tome","player_choice":"Obtained Book","floor":29.0,"gold_loss":0.0,"damage_taken":16.0},{"cards_removed":["animator:Darkness"],"damage_healed":0.0,"max_hp_gain":0.0,"max_hp_loss":0.0,"gold_gain":0.0,"event_name":"Falling","player_choice":"Removed Power","floor":37.0,"gold_loss":0.0,"damage_taken":0.0},{"damage_healed":0.0,"max_hp_gain":0.0,"max_hp_loss":0.0,"gold_gain":0.0,"event_name":"Winding Halls","player_choice":"Embrace Madness","floor":38.0,"gold_loss":0.0,"damage_taken":14.0,"cards_obtained":["animator:HigakiRinne"]},{"damage_healed":0.0,"max_hp_gain":0.0,"max_hp_loss":0.0,"gold_gain":0.0,"event_name":"SensoryStone","player_choice":"Memory 1","floor":44.0,"gold_loss":0.0,"damage_taken":0.0}],"is_beta":false,"boss_relics":[{"not_picked":["Tiny House","Busted Crown"],"picked":"animator:HolyGrailRelic"},{"not_picked":["SlaversCollar","Philosopher\u0027s Stone"],"picked":"Mark of Pain"}],"items_purged_floors":[],"is_endless":false,"potions_floor_spawned":[1,2,5,8,13,20,21,23,33,35,36,54],"killed_by":"animator:UNNAMED_CULTIST_1","ascension_level":0}}