{"host":"1poy056mauca3bbh","time":1613452870,"event":{"mods":["Ascension Unlocker","BaseMod","Bestiary","Block Reminder","Colored Map","Colored Powertips","Curses Come First","Highlight Path","Minty Spire (QoL Compilation)","Permanent Neow","Quick Restart","Rare Cards Sparkle","Relic Stats","Smile Girya","StSLib","UnlockEverythingMod"],"gold_per_floor":[115,115,130,130,130,162,162,173,173,173,2,34,60,14,14,14,14],"floor_reached":16,"language":"ENG","playtime":435,"items_purged":[],"score":262,"play_id":"51e48a91-ad77-4ecd-be65-b136e8371f79","local_time":"20210216002110","is_ascension_mode":true,"campfire_choices":[{"data":"Distraction","floor":7.0,"key":"SMITH"},{"floor":10.0,"key":"REST"},{"floor":15,"key":"REST"}],"circlet_count":0,"master_deck":["AscendersBane","Strike_G","Strike_G","Strike_G","Strike_G","Defend_G","Defend_G","Defend_G","Defend_G","Survivor","Neutralize","Deadly Poison","Outmaneuver","Distraction+1","Calculated Gamble","Expertise","Corpse Explosion","Outmaneuver","Poisoned Stab","PiercingWail","A Thousand Cuts","Blade Dance"],"relics":["Ring of the Snake","NeowsBlessing","Question Card","Matryoshka","Orrery","Juzu Bracelet","Smiling Mask","CeramicFish"],"acts_visited":["Exordium"],"potions_floor_usage":[12,12],"damage_taken":[{"damage":0.0,"enemies":"Jaw Worm","floor":1.0,"turns":1.0},{"damage":0.0,"enemies":"Cultist","floor":3.0,"turns":1.0},{"damage":0.0,"enemies":"Lagavulin","floor":6.0,"turns":1.0},{"damage":6.0,"enemies":"2 Louse","floor":8.0,"turns":3.0},{"damage":32,"enemies":"3 Sentries","floor":12,"turns":5},{"damage":58,"enemies":"The Guardian","floor":16,"turns":9}],"seed_played":"-7490644432655670720","potions_obtained":[{"floor":2.0,"key":"Energy Potion"},{"floor":2.0,"key":"BlessingOfTheForge"},{"floor":6.0,"key":"DuplicationPotion"}],"is_trial":false,"path_per_floor":["M","?","M","?","?","E","R","M","T","R","$","E","T","$","R","B"],"character_chosen":"THE_SILENT","items_purchased":["Orrery","Blade Dance"],"campfire_rested":2,"item_purchase_floors":[11,14],"current_hp_per_floor":[59,59,59,52,52,52,52,46,46,65,65,33,33,33,52,0,0],"gold":14,"neow_bonus":"THREE_ENEMY_KILL","is_daily":false,"chose_seed":false,"campfire_upgraded":1,"win_rate":0.0,"timestamp":1613452870,"path_taken":["M","?","?","?","?","E","R","?","T","R","$","E","?","?","R","BOSS"],"items_purchased_type":["Relic","Card"],"build_version":"2020-12-22","purchased_purges":0,"victory":false,"max_hp_per_floor":[66,66,66,66,66,66,66,66,66,66,66,66,66,66,66,66,66],"relic_stats":{"counters":[6,20],"CeramicFish":9,"Juzu Bracelet":0,"Question Card":7,"Smiling Mask":0,"obtain_stats":[{"Matryoshka":9,"NeowsBlessing":0,"CeramicFish":13,"Orrery":11,"Juzu Bracelet":12,"Question Card":6,"Smiling Mask":13,"Ring of the Snake":0},{"Matryoshka":4,"NeowsBlessing":0,"CeramicFish":5,"Orrery":4,"Juzu Bracelet":5,"Question Card":3,"Smiling Mask":5,"Ring of the Snake":0},{"Matryoshka":6,"NeowsBlessing":0,"CeramicFish":11,"Orrery":6,"Juzu Bracelet":11,"Question Card":3,"Smiling Mask":11,"Ring of the Snake":0}],"Ring of the Snake":[12]},"card_choices":[{"not_picked":["Flying Knee","Dagger Throw"],"picked":"Deadly Poison","floor":1.0},{"not_picked":["Setup","Leg Sweep"],"picked":"Outmaneuver","floor":3.0},{"not_picked":["Flying Knee","Backflip"],"picked":"Distraction","floor":6.0},{"not_picked":["Storm of Steel","Sucker Punch","Outmaneuver"],"picked":"Calculated Gamble","floor":8.0},{"not_picked":["Outmaneuver","Skewer","Underhanded Strike"],"picked":"Expertise","floor":11.0},{"not_picked":["Dagger Spray","Glass Knife","Backflip"],"picked":"Corpse Explosion","floor":11.0},{"not_picked":["Quick Slash","Underhanded Strike","Leg Sweep"],"picked":"Outmaneuver","floor":11.0},{"not_picked":["All Out Attack","Quick Slash","Bane"],"picked":"Poisoned Stab","floor":11.0},{"not_picked":["Backflip","Underhanded Strike","Quick Slash"],"picked":"PiercingWail","floor":11.0},{"not_picked":["Setup","Deflect","Sucker Punch"],"picked":"A Thousand Cuts","floor":12}],"player_experience":155591,"relics_obtained":[{"floor":6.0,"key":"Question Card"},{"floor":9.0,"key":"Matryoshka"},{"floor":12,"key":"Juzu Bracelet"},{"floor":13,"key":"Smiling Mask"},{"floor":13,"key":"CeramicFish"}],"event_choices":[{"damage_healed":0.0,"max_hp_gain":0.0,"max_hp_loss":0.0,"gold_gain":0.0,"event_name":"Lab","player_choice":"Got Potions","floor":2.0,"gold_loss":0.0,"damage_taken":0.0},{"cards_removed":["Strike_G"],"damage_healed":0.0,"max_hp_gain":0.0,"max_hp_loss":0.0,"gold_gain":0.0,"event_name":"Golden Wing","player_choice":"Card Removal","floor":4.0,"gold_loss":0.0,"damage_taken":7.0},{"cards_removed":["Defend_G"],"damage_healed":0.0,"max_hp_gain":0.0,"max_hp_loss":0.0,"gold_gain":0.0,"event_name":"Bonfire Elementals","player_choice":"Offered Basic","floor":5.0,"gold_loss":0.0,"damage_taken":0.0}],"is_beta":false,"boss_relics":[],"items_purged_floors":[],"is_endless":false,"potions_floor_spawned":[6,8],"killed_by":"The Guardian","ascension_level":20}}