{"host":"1eshbq9n813iloto","time":1613442550,"event":{"mods":["BaseMod","Better Third Choice","Hubris","Infinite Spire","Lobotomy","LobotomyExtend","Minty Spire (QoL Compilation)","StSLib"],"gold_per_floor":[114,129,144,94,94,94,124,124,124,139,139,139,154,124,124,224,224,224],"floor_reached":17,"language":"ENG","playtime":1115,"items_purged":[],"score":205,"play_id":"e57583fc-aa7d-458c-8ac0-feb04cedfc87","local_time":"20210215212910","daily_mods":["Specialized","ControlledChaos","Lethality"],"is_ascension_mode":false,"campfire_choices":[{"data":"Eruption","floor":6,"key":"SMITH"},{"data":"FlyingSleeves","floor":8,"key":"SMITH"},{"floor":11,"key":"REST"},{"floor":15,"key":"REST"}],"circlet_count":0,"master_deck":["Strike_P","Strike_P","Strike_P","Defend_P","Defend_P","Defend_P","Defend_P","Eruption+1","Vigilance","Nirvana","Nirvana","Nirvana","Nirvana","Nirvana","FlyingSleeves+1","FearNoEvil","BowlingBash","Wireheading","Devotion"],"relics":["PureWater","Frozen Eye","LetterFromLob","Tiny Chest","Letter Opener","Pen Nib","hubris:Backtick","FossilizedHelix"],"acts_visited":["Exordium","TheCity"],"potions_floor_usage":[3,3,16,16,16],"damage_taken":[{"damage":0,"enemies":"Small Slimes","floor":1,"turns":2},{"damage":14,"enemies":"Jaw Worm","floor":2,"turns":2},{"damage":8,"enemies":"Cultist","floor":3,"turns":3},{"damage":0,"enemies":"Gremlin Nob","floor":7,"turns":2},{"damage":26,"enemies":"3 Louse","floor":10,"turns":3},{"damage":0,"enemies":"2 Fungi Beasts","floor":13,"turns":2},{"damage":12,"enemies":"The Guardian","floor":16,"turns":11}],"seed_played":"2711566965655028651","potions_obtained":[{"floor":1,"key":"SpeedPotion"},{"floor":2,"key":"BottledMiracle"},{"floor":13,"key":"Weak Potion"},{"floor":14,"key":"DistilledChaos"},{"floor":14,"key":"Regen Potion"}],"is_trial":false,"path_per_floor":["M","M","M","?","T","R","E","R","T","M","R","M","M","?","R","B",null],"character_chosen":"WATCHER","items_purchased":[],"campfire_rested":2,"item_purchase_floors":[],"current_hp_per_floor":[72,58,50,50,50,50,50,50,50,24,45,45,45,45,66,69,72,72],"gold":224,"neow_bonus":"","is_daily":true,"chose_seed":false,"campfire_upgraded":2,"win_rate":0.0,"timestamp":1613442550,"path_taken":["M","M","M","?","?","R","E","R","T","M","R","M","M","?","R","BOSS"],"items_purchased_type":[],"build_version":"2020-12-13","purchased_purges":0,"victory":false,"max_hp_per_floor":[72,72,72,72,72,72,72,72,72,72,72,72,72,72,72,72,72,72],"card_choices":[{"not_picked":["Fasting2","Halt"],"picked":"FlyingSleeves","floor":1},{"not_picked":["ThirdEye","PathToVictory","CrushJoints"],"picked":"SKIP","floor":2},{"not_picked":["Pray","EmptyFist","FlurryOfBlows"],"picked":"SKIP","floor":3},{"not_picked":["ThirdEye","Wish"],"picked":"FearNoEvil","floor":7},{"not_picked":["Fasting2","ReachHeaven"],"picked":"BowlingBash","floor":10},{"not_picked":["Vengeance","EmptyFist"],"picked":"Wireheading","floor":13},{"not_picked":["Brilliance","SpiritShield"],"picked":"Devotion","floor":16}],"player_experience":11495,"relics_obtained":[{"floor":1,"key":"LetterFromLob"},{"floor":5,"key":"Tiny Chest"},{"floor":7,"key":"Letter Opener"},{"floor":9,"key":"Pen Nib"}],"event_choices":[{"cards_removed":["Strike_P"],"damage_healed":0,"gold_gain":0,"player_choice":"Card Removal","damage_taken":0,"max_hp_gain":0,"max_hp_loss":0,"event_name":"The Cleric","floor":4,"gold_loss":50},{"damage_healed":0,"gold_gain":0,"player_choice":"Bought 2 Potions","damage_taken":0,"max_hp_gain":0,"max_hp_loss":0,"event_name":"The Woman in Blue","floor":14,"gold_loss":0}],"is_beta":false,"boss_relics":[{"not_picked":["hubris:VirtuousBlindfold","hubris:Stopwatch"],"picked":"hubris:Backtick"}],"items_purged_floors":[],"is_endless":false,"potions_floor_spawned":[1,2,13],"ascension_level":0}}