{"host":"9m8ch47vcmem52nv","time":1613514917,"event":{"mods":["2.2 Compatiblity","AchievementEnabler","Act Like it!","Aspiration","BaseMod","BetterRewards","CatGirl Mod","DeckTracker","Downfall","Fiend Mod","Friendly Minions","Gensokyo","Googly Eyes","Gremlin Mod","Hermit","Hubris","Infinite Spire","Kiyohime????","Koishi","Marisa????????","Minty Spire (QoL Compilation)","Reimu??????","Remilia??????","Shop Mod","StSLib","The Construct","The Cursed","The Disciple","The Mystic","The Necromancer","The Servant 0.9.4","Unceasing Turn Reminder","Yuri Mod"],"gold_per_floor":[99,99,58,70,70,70,70,70,7,24,24,9,9,24,37,135,135,135,151,164,177,194,224,224,255,274,274,274,293,293,309,325,426,426,426,438,438,438,450,11,60,60,60,70,70,84,84,100,110,110,110,110],"floor_reached":50,"language":"ENG","playtime":3608,"items_purged":[],"score":501,"play_id":"82a02347-cefb-4818-8d72-10c9de415a11","local_time":"20210216143517","is_ascension_mode":false,"campfire_choices":[{"data":"Slimebound:Split","floor":1,"key":"SMITH"},{"data":"Slimebound:CorrosiveSpit","floor":8,"key":"SMITH"},{"data":"Slimebound:ViciousTackle","floor":13,"key":"SMITH"},{"data":"Slimebound:MassRepurpose","floor":18,"key":"SMITH"},{"floor":28,"key":"REST"},{"data":"Slimebound:SlimeBarrage","floor":30,"key":"SMITH"},{"data":"Slimebound:Overexert","floor":35,"key":"SMITH"},{"data":"infinitespire:Gouge","floor":43,"key":"SMITH"},{"data":"Slimebound:FlameTackle","floor":45,"key":"SMITH"}],"circlet_count":0,"master_deck":["Slimebound:Tackle","Slimebound:Defend_Slimebound","Slimebound:Defend_Slimebound","Slimebound:Defend_Slimebound","Slimebound:Defend_Slimebound","Slimebound:Split+1","Slimebound:CorrosiveSpit+1","Flash of Steel","Slimebound:LeechingTouch","Slimebound:Schlurp+1","Slimebound:ComboTackle","Slimebound:SplitAcid","Slimebound:GoopSpray","Slimebound:ViciousTackle+1","Slimebound:LeechEnergy","Slimebound:LivingWall","Slimebound:RejuvenatingLick","Slimebound:MassRepurpose+1","Slimebound:SplitBruiser","Slimebound:SlimeBarrage+1","Slimebound:Repurpose","Slimebound:PressTheAttack","Slimebound:RainOfGoop","Slimebound:SplitLeeching","Slimebound:SlimeSpikes","Slimebound:SplitLeeching+1","Slimebound:RainOfGoop","Slimebound:ProtectTheBoss","Slimebound:Overexert+1","Slimebound:Chomp","Slimebound:GoopTackle+1","Slimebound:MegaLick+1","Slimebound:GrowthPunch+1","infinitespire:Gouge+1","Slimebound:Overexert+1","Slimebound:LeechingTouch+1","Slimebound:Schlurp","Slimebound:SelfFormingGoo","Slimebound:SplitMire","infinitespire:Gouge","Doubt","Parasite","Slimebound:FlameTackle+1","Slimebound:PressTheAttack+1","Slimebound:MinionMaster","Slimebound:SplitAcid"],"relics":["Slimebound:AbsorbEndCombat","hubris:Towel","Bottled Lightning","Meat on the Bone","Velvet Choker","hubris:MedicalManual","Pantograph","infinitespire:EmpoweringShard","Cursed Key","Astrolabe","Ornamental Fan","Slimebound:AggressiveSlimeRelic","aspiration:FetidBarrel","DollysMirror"],"acts_visited":["Exordium","TheCity","TheBeyond"],"potions_floor_usage":[9,16,20,22,22,25,25,29,33,33,40,50,50,50],"damage_taken":[{"damage":11,"enemies":"downfall:FleeingMerchant","floor":3,"turns":4},{"damage":3,"enemies":"Jaw Worm","floor":4,"turns":2},{"damage":17,"enemies":"downfall:FleeingMerchant","floor":9,"turns":4},{"damage":3,"enemies":"Small Slimes","floor":10,"turns":2},{"damage":20,"enemies":"downfall:FleeingMerchant","floor":12,"turns":4},{"damage":4,"enemies":"2 Louse","floor":14,"turns":2},{"damage":2,"enemies":"Blue Slaver","floor":15,"turns":3},{"damage":10,"enemies":"SI_SHIV_ARCHETYPE","floor":16,"turns":7},{"damage":21,"enemies":"Spheric Guardian","floor":19,"turns":5},{"damage":0,"enemies":"3 Byrds","floor":20,"turns":3},{"damage":9,"enemies":"Snake Plant","floor":21,"turns":3},{"damage":16,"enemies":"Sentry and Sphere","floor":22,"turns":4},{"damage":11,"enemies":"Nightmare","floor":23,"turns":6},{"damage":30,"enemies":"Slavers","floor":25,"turns":4},{"damage":16,"enemies":"Cultist and Chosen","floor":26,"turns":5},{"damage":15,"enemies":"Snake Plant","floor":29,"turns":3},{"damage":3,"enemies":"3 Cultists","floor":31,"turns":4},{"damage":0,"enemies":"Snecko","floor":32,"turns":3},{"damage":26,"enemies":"IC_MUSHROOM_ARCHETYPE","floor":33,"turns":6},{"damage":13,"enemies":"3 Shapes","floor":36,"turns":4},{"damage":11,"enemies":"3 Darklings","floor":39,"turns":5},{"damage":8,"enemies":"downfall:FleeingMerchant","floor":40,"turns":3},{"damage":11,"enemies":"Writhing Mass","floor":44,"turns":4},{"damage":6,"enemies":"Transient","floor":46,"turns":5},{"damage":18,"enemies":"3 Darklings","floor":48,"turns":6},{"damage":5,"enemies":"Maw","floor":49,"turns":6},{"damage":70,"enemies":"DF_ARCHETYPE_ORBS","floor":50,"turns":8}],"seed_played":"169700937914987481","potions_obtained":[{"floor":4,"key":"Weak Potion"},{"floor":15,"key":"Weak Potion"},{"floor":16,"key":"Fire Potion"},{"floor":20,"key":"Slimebound:SlimedPotion"},{"floor":21,"key":"Slimebound:SlimedPotion"},{"floor":23,"key":"Slimebound:SlimedPotion"},{"floor":25,"key":"EntropicBrew"},{"floor":39,"key":"AttackPotion"},{"floor":48,"key":"ZuzhouPotion:ReiMu"},{"floor":49,"key":"ZuzhouPotion:ReiMu"}],"is_trial":false,"path_per_floor":["R","?","$","M","?","?","T","R","$","M","T","$","R","M","M","B",null,"R","M","M","M","M","NM","T","E","M","?","R","M","R","M","M","B",null,"R","M","AVR","?","M","$","T","?","R","M","R","M","?","M","M","B"],"character_chosen":"SLIMEBOUND","items_purchased":["Slimebound:Schlurp","Slimebound:GoopSpray","Slimebound:AggressiveSlimeRelic","aspiration:FetidBarrel","Slimebound:SelfFormingGoo","Slimebound:SplitMire","DollysMirror","Energy Potion"],"campfire_rested":1,"item_purchase_floors":[3,9,40,40,40,40,40,40],"current_hp_per_floor":[65,65,58,59,59,59,59,59,48,47,47,43,43,43,43,41,65,65,48,48,41,43,40,40,28,28,28,47,38,38,43,47,45,65,65,56,56,56,53,49,49,49,49,44,44,46,46,36,37,0,0,0],"gold":110,"neow_bonus":"RANDOM_COLORLESS","is_daily":false,"chose_seed":false,"campfire_upgraded":8,"win_rate":0.0,"timestamp":1613514917,"path_taken":["R","?","$","M","?","?","T","R","?","M","?","$","R","?","M","BOSS","R","M","M","M","?","NM","T","E","M","?","R","M","R","M","M","BOSS","R","M","AVR","?","?","$","T","?","R","M","R","M","?","?","M","BOSS"],"items_purchased_type":["Card","Card","Relic","Relic","Card","Card","Relic","Potion"],"build_version":"2020-12-22","purchased_purges":0,"victory":false,"max_hp_per_floor":[65,65,65,65,65,65,65,65,65,65,65,65,65,65,65,65,65,65,65,65,65,65,65,65,65,65,65,65,65,65,65,65,65,65,65,65,65,65,65,65,65,65,65,65,65,65,65,65,65,65,65,65],"card_choices":[{"not_picked":["Discovery","hubris:Insight"],"picked":"Flash of Steel","floor":0},{"not_picked":["Slimebound:Schlurp","Slimebound:SplitAcid"],"picked":"Slimebound:LeechingTouch","floor":3},{"not_picked":["Slimebound:SamplingLick","Slimebound:RejuvenatingLick"],"picked":"Slimebound:ComboTackle","floor":4},{"not_picked":["Slimebound:HauntingLick","Slimebound:CheckThePlaybook"],"picked":"Slimebound:SplitAcid","floor":9},{"not_picked":["Slimebound:SamplingLick","Slimebound:SplitLeeching"],"picked":"Slimebound:ViciousTackle","floor":10},{"not_picked":["Slimebound:LeechingTouch","Slimebound:SamplingLick"],"picked":"Slimebound:LeechEnergy","floor":12},{"not_picked":["Slimebound:SplitMire","Slimebound:Replication"],"picked":"Slimebound:LivingWall","floor":14},{"not_picked":["Slimebound:Nibble","Slimebound:ViciousTackle"],"picked":"Slimebound:RejuvenatingLick","floor":15},{"not_picked":["Slimebound:LeechLife","Slimebound:OneTwoCombo"],"picked":"Slimebound:MassRepurpose","floor":16},{"not_picked":["Slimebound:Dissolve","Slimebound:Chomp"],"picked":"Slimebound:SplitBruiser","floor":19},{"not_picked":["Slimebound:FinishingTackle+1","Slimebound:GoopSpray"],"picked":"Slimebound:SlimeBarrage","floor":20},{"not_picked":["Slimebound:Schlurp","Slimebound:ItLooksTasty"],"picked":"Slimebound:Repurpose","floor":21},{"not_picked":["Slimebound:BestDefense","Slimebound:SplitLeeching"],"picked":"Slimebound:PressTheAttack","floor":22},{"not_picked":["Slimebound:LeechingTouch","Slimebound:FinishingTackle"],"picked":"Slimebound:RainOfGoop","floor":23},{"not_picked":["Slimebound:BestDefense","Slimebound:RejuvenatingLick"],"picked":"Slimebound:SplitLeeching","floor":25},{"not_picked":["Slimebound:FinishingTackle","Slimebound:Replication"],"picked":"Slimebound:SlimeSpikes","floor":26},{"not_picked":["Slimebound:GoopSpray","Slimebound:SamplingLick"],"picked":"Slimebound:SplitLeeching+1","floor":29},{"not_picked":["Slimebound:Schlurp","Slimebound:SplitAcid"],"picked":"Slimebound:RainOfGoop","floor":31},{"not_picked":["Slimebound:Chomp+1","Slimebound:LivingWall"],"picked":"Slimebound:ProtectTheBoss","floor":32},{"not_picked":["Slimebound:SlimeSlap","Slimebound:SelfFormingGoo"],"picked":"Slimebound:Overexert","floor":33},{"not_picked":["Slimebound:GrowthPunch","Slimebound:GoopSpray"],"picked":"Slimebound:Chomp","floor":36},{"not_picked":["Slimebound:GoopSpray","Slimebound:ItLooksTasty"],"picked":"Slimebound:LeechingTouch+1","floor":39},{"not_picked":["Slimebound:RainOfGoop","Slimebound:FinishingTackle+1"],"picked":"Slimebound:Schlurp","floor":40},{"not_picked":["Slimebound:SamplingLick+1","Slimebound:RejuvenatingLick+1"],"picked":"Slimebound:FlameTackle","floor":44},{"not_picked":["Slimebound:FinishingTackle","Slimebound:HauntingLick"],"picked":"Slimebound:PressTheAttack+1","floor":46},{"not_picked":["Slimebound:ComboTackle","Slimebound:RainOfGoop+1"],"picked":"Slimebound:MinionMaster","floor":48},{"not_picked":["Slimebound:LeechingTouch+1","Slimebound:Replication"],"picked":"Slimebound:SplitAcid","floor":49}],"player_experience":342575,"relics_obtained":[{"floor":7,"key":"Bottled Lightning"},{"floor":11,"key":"Meat on the Bone"},{"floor":23,"key":"hubris:MedicalManual"},{"floor":24,"key":"Pantograph"},{"floor":25,"key":"infinitespire:EmpoweringShard"}],"event_choices":[],"is_beta":false,"boss_relics":[{"not_picked":["Fusion Hammer","aspiration:MarisaSkillbook"],"picked":"Velvet Choker"},{"not_picked":["hubris:GrandSneckoEye","hubris:CrackedHourglass"],"picked":"Cursed Key"}],"items_purged_floors":[],"is_endless":true,"potions_floor_spawned":[4,15,16,20,21,23,25,39,48,49],"killed_by":"DF_ARCHETYPE_ORBS","ascension_level":0}}