{"host":"wmojtwekh6s3tor5","time":1613459271,"event":{"mods":["BaseMod","Colored Map","Colored Powertips","DeckTracker","Highlight Path","Minty Spire (QoL Compilation)","StSLib"],"gold_per_floor":[119,51,70,170,189,189,34,34,59,80,80,80,92,57,57,153,153,172,26,38,38,54,54,54,54],"floor_reached":24,"language":"ZHS","playtime":1096,"items_purged":[],"score":239,"play_id":"c23b3198-5036-4716-b4cc-6a2c861d027c","local_time":"20210216150751","is_ascension_mode":true,"campfire_choices":[{"data":"Perfected Strike","floor":6.0,"key":"SMITH"},{"data":"Bash","floor":8.0,"key":"SMITH"},{"data":"Feed","floor":12.0,"key":"SMITH"},{"data":"Fire Breathing","floor":15.0,"key":"SMITH"},{"floor":23,"key":"REST"}],"circlet_count":0,"master_deck":["Strike_R","Strike_R","Strike_R","Strike_R","Strike_R","Defend_R","Defend_R","Defend_R","Defend_R","Bash+1","Feed+1","Perfected Strike+1","Fire Breathing+1"],"relics":["Burning Blood","NeowsBlessing","Akabeko","Boot","Odd Mushroom","Happy Flower","Velvet Choker","Lantern"],"acts_visited":["Exordium","TheCity"],"potions_floor_usage":[],"damage_taken":[{"damage":0.0,"enemies":"Small Slimes","floor":1.0,"turns":1.0},{"damage":0.0,"enemies":"Cultist","floor":3.0,"turns":1.0},{"damage":0.0,"enemies":"Jaw Worm","floor":5.0,"turns":1.0},{"damage":15.0,"enemies":"The Mushroom Lair","floor":10.0,"turns":3.0},{"damage":12.0,"enemies":"Exordium Wildlife","floor":13.0,"turns":4.0},{"damage":30.0,"enemies":"Hexaghost","floor":16.0,"turns":9.0},{"damage":0.0,"enemies":"Spheric Guardian","floor":18.0,"turns":3.0},{"damage":11.0,"enemies":"2 Thieves","floor":20.0,"turns":4.0},{"damage":65,"enemies":"3 Cultists","floor":22,"turns":7},{"damage":56,"enemies":"Gremlin Leader","floor":24,"turns":4}],"seed_played":"-4859363652250014489","potions_obtained":[{"floor":10.0,"key":"HeartOfIron"},{"floor":16.0,"key":"SpeedPotion"},{"floor":18.0,"key":"SkillPotion"}],"is_trial":false,"path_per_floor":["M","$","M","?","M","R","$","R","T","?","T","R","M","$","R","B",null,"M","$","M","$","M","R","E"],"character_chosen":"IRONCLAD","items_purchased":["Feed","Akabeko","Fire Breathing","Lantern"],"campfire_rested":1,"item_purchase_floors":[2,7,14,19],"current_hp_per_floor":[78,78,80,80,80,80,80,80,80,71,71,71,69,69,69,45,74,84,84,79,79,24,51,0,0],"gold":54,"neow_bonus":"THREE_ENEMY_KILL","is_daily":false,"chose_seed":false,"campfire_upgraded":4,"win_rate":0.0,"timestamp":1613459271,"path_taken":["M","$","M","?","?","R","$","R","T","?","?","R","M","?","R","BOSS","M","$","M","$","M","R","E"],"items_purchased_type":["Card","Relic","Card","Relic"],"build_version":"2020-12-22","purchased_purges":0,"victory":false,"max_hp_per_floor":[80,80,80,80,80,80,80,80,80,80,80,80,84,84,84,84,84,88,88,88,88,92,92,92,92],"card_choices":[{"not_picked":["True Grit","Sword Boomerang","Shockwave"],"picked":"SKIP","floor":1.0},{"not_picked":["Armaments","Pommel Strike"],"picked":"Perfected Strike","floor":3.0},{"not_picked":["Shrug It Off","Wild Strike","Pummel"],"picked":"SKIP","floor":5.0},{"not_picked":["Shrug It Off","Wild Strike","Pummel"],"picked":"SKIP","floor":5.0},{"not_picked":["Dark Embrace","Armaments","Inflame"],"picked":"SKIP","floor":13.0},{"not_picked":["Shockwave","Headbutt","Fire Breathing"],"picked":"SKIP","floor":18.0},{"not_picked":["Thunderclap+1","Pommel Strike","Intimidate"],"picked":"SKIP","floor":20.0},{"not_picked":["Flex","Anger","Havoc"],"picked":"SKIP","floor":22}],"player_experience":635803,"relics_obtained":[{"floor":9.0,"key":"Boot"},{"floor":10.0,"key":"Odd Mushroom"},{"floor":11.0,"key":"Happy Flower"}],"event_choices":[{"damage_healed":0.0,"max_hp_gain":0.0,"max_hp_loss":0.0,"gold_gain":100.0,"event_name":"Golden Shrine","player_choice":"Pray","floor":4.0,"gold_loss":0.0,"damage_taken":0.0},{"damage_healed":0.0,"max_hp_gain":0.0,"max_hp_loss":0.0,"gold_gain":0.0,"event_name":"Mushrooms","player_choice":"Fought Mushrooms","floor":10.0,"gold_loss":0.0,"damage_taken":0.0}],"is_beta":false,"boss_relics":[{"not_picked":["Philosopher\u0027s Stone","Ectoplasm"],"picked":"Velvet Choker"}],"items_purged_floors":[],"is_endless":false,"potions_floor_spawned":[10,16,18],"killed_by":"Gremlin Leader","ascension_level":6}}