{"host":"zq15pup7vna0uxo1","time":1613499738,"event":{"mods":["BaseMod","Bestiary","Colored Map","Downfall","Minty Spire (QoL Compilation)","Replay The Spire","StSLib"],"gold_per_floor":[116,134,147,159,176,176,205,220,267,267,282,294,294,294,294,425,425,448,448,467,8,8,8,8,8],"floor_reached":24,"language":"ENG","playtime":851,"items_purged":["Strike_B+1"],"score":220,"play_id":"e0386f95-431a-4c45-9ec3-a983a0d918ce","local_time":"20210216192218","is_ascension_mode":true,"campfire_choices":[{"data":"Dualcast","floor":6,"key":"SMITH"},{"floor":10,"key":"REST"},{"floor":13,"key":"REST"},{"data":"Ball Lightning","floor":15,"key":"SMITH"},{"data":"FIFO Queue","floor":23,"key":"SMITH"}],"circlet_count":0,"master_deck":["Strike_B+1","Strike_B+1","Strike_B+1","Defend_B+1","Defend_B+1","Defend_B+1","Defend_B+1","Zap+1","Dualcast+1","Conserve Battery","Ball Lightning+1","Chill","ReplayRNGCard","Heatsinks+1","FIFO Queue+1"],"relics":["Cracked Core","Singing Bowl","Ancient Tea Set","Golden Idol","Philosopher\u0027s Stone","Durian","Sundial"],"acts_visited":["Exordium","TheCity"],"potions_floor_usage":[16,16,18],"damage_taken":[{"damage":1,"enemies":"Cultist","floor":1,"turns":3},{"damage":2,"enemies":"2 Louse","floor":2,"turns":2},{"damage":2,"enemies":"Jaw Worm","floor":3,"turns":2},{"damage":20,"enemies":"Exordium Wildlife","floor":4,"turns":5},{"damage":11,"enemies":"Looter","floor":5,"turns":3},{"damage":22,"enemies":"Lagavulin","floor":7,"turns":7},{"damage":4,"enemies":"Exordium Thugs","floor":8,"turns":5},{"damage":7,"enemies":"2 Fungi Beasts","floor":11,"turns":3},{"damage":6,"enemies":"Blue Slaver","floor":12,"turns":3},{"damage":46,"enemies":"The Guardian","floor":16,"turns":11},{"damage":28,"enemies":"2 Thieves","floor":18,"turns":4},{"damage":0,"enemies":"Chosen","floor":20,"turns":4},{"damage":56,"enemies":"Slavers","floor":24,"turns":4}],"seed_played":"3826128113786643066","potions_obtained":[{"floor":2,"key":"Languid Potion"},{"floor":5,"key":"Slimebound:ThreeZeroPotion"},{"floor":8,"key":"DuplicationPotion"},{"floor":12,"key":"Energy Potion"}],"is_trial":false,"path_per_floor":["M","M","M","M","M","R","E","M","T","R","M","M","R","?","R","B",null,"M","?","M","$","?","R","E"],"character_chosen":"DEFECT","items_purchased":["FIFO Queue","Durian"],"campfire_rested":2,"item_purchase_floors":[21,21],"current_hp_per_floor":[74,72,70,50,39,39,19,15,15,38,33,27,50,50,50,4,73,45,45,47,52,52,52,0,0],"gold":8,"neow_bonus":"UPGRADE_CARD","is_daily":false,"chose_seed":false,"campfire_upgraded":3,"win_rate":0.0,"timestamp":1613499738,"path_taken":["M","?","M","?","?","R","E","M","T","R","M","M","R","?","R","BOSS","M","?","M","$","?","R","E"],"items_purchased_type":["Card","Relic"],"build_version":"2020-12-22","purchased_purges":1,"victory":false,"max_hp_per_floor":[75,75,75,75,75,75,77,77,77,77,79,79,79,73,73,73,73,73,73,75,80,80,80,80,80],"card_choices":[{"not_picked":["Hologram","Recycle"],"picked":"Conserve Battery","floor":1},{"not_picked":["Sweeping Beam","Streamline","Beam Cell"],"picked":"SKIP","floor":2},{"not_picked":["Beam Cell","Streamline","Rebound"],"picked":"SKIP","floor":3},{"not_picked":["Steam Power","Barrage","Compile Driver"],"picked":"SKIP","floor":4},{"not_picked":["ReplayGash","Steam","Undo"],"picked":"SKIP","floor":5},{"not_picked":["Hologram","Rebound","Blizzard"],"picked":"Singing Bowl","floor":7},{"not_picked":["Barrage","Tempest"],"picked":"Ball Lightning","floor":8},{"not_picked":["Hyperbeam","Heatsinks","Cold Snap"],"picked":"Singing Bowl","floor":11},{"not_picked":["Consume","Glacier"],"picked":"Chill","floor":12},{"not_picked":["Reboot","Hyperbeam"],"picked":"ReplayRNGCard","floor":16},{"not_picked":["Skim+1","Hologram"],"picked":"Heatsinks+1","floor":18},{"not_picked":["FTL","Steam+1","Skim"],"picked":"Singing Bowl","floor":20}],"player_experience":1197601,"relics_obtained":[{"floor":7,"key":"Singing Bowl"},{"floor":9,"key":"Ancient Tea Set"}],"event_choices":[{"damage_healed":0,"gold_gain":0,"player_choice":"Lose Max HP","damage_taken":0,"relics_obtained":["Golden Idol"],"max_hp_gain":0,"max_hp_loss":6,"event_name":"Golden Idol","floor":14,"gold_loss":0},{"damage_healed":0,"gold_gain":0,"player_choice":"Simplicity","damage_taken":0,"max_hp_gain":0,"max_hp_loss":0,"event_name":"Back to Basics","floor":19,"gold_loss":0,"cards_upgraded":["Strike_B","Strike_B","Strike_B","Strike_B","Defend_B","Defend_B","Defend_B","Defend_B"]}],"is_beta":false,"boss_relics":[{"not_picked":["Coffee Dripper","Empty Cage"],"picked":"Philosopher\u0027s Stone"}],"items_purged_floors":[21],"is_endless":false,"potions_floor_spawned":[2,5,8,12],"killed_by":"Slavers","ascension_level":2}}