{"host":"yhb8ksledtv3f5bl","time":1613458132,"event":{"mods":["AchievementEnabler","Act Like it!","BaseMod","Better Match","Better Note","BetterRewards","Colored Map","Colored Powertips","Downfall","Energized Spire","Googly Eyes","Hubris","Mimic Mod","Minty Spire (QoL Compilation)","Quick Restart","Retaliation","Spire Birthday Party","StSLib"],"gold_per_floor":[110,110,29,29,29,29,60,73,96,21,41,41,55,55,55,153,153,167,167,185,185,195,195,119,119,119,119,119],"floor_reached":27,"language":"ENG","playtime":1150,"items_purged":[],"score":209,"play_id":"0c68feea-9142-4830-889f-48912558a405","local_time":"20210215234852","is_ascension_mode":false,"campfire_choices":[{"data":"hubris:Ukulele","floor":6,"key":"SMITH"},{"data":"Defragment","floor":12,"key":"SMITH"},{"floor":15,"key":"REST"},{"floor":23,"key":"REST"},{"data":"Creative AI","floor":25,"key":"SMITH"}],"circlet_count":0,"master_deck":["Strike_B","Strike_B","Strike_B","Strike_B","Defend_B","Defend_B","Defend_B","Defend_B","Zap+1","Sweeping Beam","Redo","hubris:Ukulele+1","Defragment+1","Genetic Algorithm+1","Reprogram+1","Turbo+1","Ball Lightning","Echo Form","Creative AI+1","Rebound","hubris:Ukulele","Self Repair"],"relics":["Cracked Core","hubris:SoftwareUpdate","Toxic Egg 2","Nuclear Battery","Nloth\u0027s Gift","Incense Burner"],"acts_visited":["Exordium","TheCity"],"potions_floor_usage":[],"damage_taken":[{"damage":5,"enemies":"Small Slimes","floor":1,"turns":4},{"damage":14,"enemies":"Gremlin Nob","floor":7,"turns":3},{"damage":0,"enemies":"Cultist","floor":8,"turns":3},{"damage":1,"enemies":"Jaw Worm","floor":11,"turns":3},{"damage":9,"enemies":"Large Slime","floor":13,"turns":5},{"damage":27,"enemies":"The Guardian","floor":16,"turns":7},{"damage":30,"enemies":"3 Byrds","floor":18,"turns":4},{"damage":10,"enemies":"Spheric Guardian","floor":20,"turns":3},{"damage":21,"enemies":"Centurion and Healer","floor":22,"turns":6},{"damage":44,"enemies":"3 Cultists","floor":27,"turns":5}],"seed_played":"4203614990805045483","potions_obtained":[{"floor":7,"key":"Explosive Potion"},{"floor":8,"key":"Block Potion"},{"floor":13,"key":"DistilledChaos"}],"is_trial":false,"path_per_floor":["M","?","$","?","$","R","E","M","T","?","M","R","M","$","R","B",null,"M","?","M","?","M","R","$","R","T","M"],"character_chosen":"DEFECT","items_purchased":["hubris:Ukulele","Self Repair"],"campfire_rested":2,"item_purchase_floors":[3,24],"current_hp_per_floor":[70,70,70,70,70,70,56,56,56,56,55,55,46,46,68,41,75,45,45,35,35,14,36,36,36,36,0,0],"gold":119,"neow_bonus":"TRANSFORM_CARD","is_daily":false,"chose_seed":false,"campfire_upgraded":3,"win_rate":0.0,"timestamp":1613458132,"path_taken":["M","?","?","?","$","R","E","M","T","?","M","R","M","$","R","BOSS","M","?","M","?","M","R","$","R","T","M"],"items_purchased_type":["Card","Card"],"build_version":"2020-12-22","purchased_purges":0,"victory":false,"max_hp_per_floor":[75,75,75,75,75,75,75,75,75,75,75,75,75,75,75,75,75,75,75,75,75,75,75,75,75,75,75,75],"card_choices":[{"not_picked":["Steam","Compile Driver"],"picked":"Redo","floor":1},{"not_picked":["Streamline","Fission+1"],"picked":"Defragment","floor":7},{"not_picked":["Doom and Gloom","Double Energy+1"],"picked":"Genetic Algorithm+1","floor":8},{"not_picked":["Chill+1","Genetic Algorithm+1"],"picked":"Reprogram+1","floor":10},{"not_picked":["Cold Snap","Redo+1"],"picked":"Turbo+1","floor":11},{"not_picked":["Sweeping Beam","Doom and Gloom"],"picked":"Ball Lightning","floor":13},{"not_picked":["Seek+1","Machine Learning"],"picked":"Echo Form","floor":16},{"not_picked":["Turbo+1","Force Field+1"],"picked":"Coolheaded+1","floor":18},{"not_picked":["Hologram+1","Steam+1"],"picked":"Rebound","floor":20},{"not_picked":["Recycle+1","Aggregate+1"],"picked":"hubris:Ukulele","floor":22}],"player_experience":209412,"relics_obtained":[{"floor":7,"key":"Toxic Egg 2"},{"floor":9,"key":"DataDisk"},{"floor":26,"key":"Incense Burner"}],"event_choices":[{"damage_healed":0,"gold_gain":0,"player_choice":"Upgraded","damage_taken":0,"max_hp_gain":0,"max_hp_loss":0,"event_name":"Upgrade Shrine","floor":2,"gold_loss":0,"cards_upgraded":["Zap"]},{"damage_healed":0,"gold_gain":0,"player_choice":"2","damage_taken":0,"max_hp_gain":0,"max_hp_loss":0,"event_name":"betterMatch:BetterMatch","floor":10,"gold_loss":0,"cards_obtained":["betterMatch:UncommonCard"]},{"damage_healed":0,"gold_gain":0,"cards_transformed":["Coolheaded"],"player_choice":"Transformed","damage_taken":0,"max_hp_gain":0,"max_hp_loss":0,"event_name":"Transmorgrifier","floor":19,"gold_loss":0,"cards_obtained":["Creative AI"]},{"damage_healed":0,"gold_gain":0,"player_choice":"Traded Relic","damage_taken":0,"relics_obtained":["Nloth\u0027s Gift"],"max_hp_gain":0,"max_hp_loss":0,"event_name":"N\u0027loth","floor":21,"relics_lost":["DataDisk"],"gold_loss":0}],"is_beta":false,"boss_relics":[{"not_picked":["bronze:MakeshiftBattery","energizedSpire:SpiderWeb"],"picked":"Nuclear Battery"}],"items_purged_floors":[],"is_endless":false,"potions_floor_spawned":[7,8,13],"killed_by":"3 Cultists","ascension_level":0}}