{"host":"pc7bizyp7423q6r6","time":1613454424,"event":{"mods":["BaseMod","Better Note","Block Reminder","Emptier Cage","Minty Spire (QoL Compilation)","Rare Cards Sparkle","Relic Stats","StSLib"],"gold_per_floor":[116,166,180,180,192,192,227,227,227,64,64,64,64],"floor_reached":12,"language":"ENG","playtime":277,"items_purged":["Strike_R"],"score":152,"play_id":"b22d073f-d28c-497c-b438-6ae64693ceb3","local_time":"20210215234704","is_ascension_mode":true,"campfire_choices":[{"data":"Uppercut","floor":6,"key":"SMITH"},{"data":"True Grit","floor":8,"key":"SMITH"}],"circlet_count":0,"master_deck":["AscendersBane","Strike_R","Strike_R","Strike_R","Defend_R","Defend_R","Defend_R","Defend_R","Bash","Uppercut+1","True Grit+1","Twin Strike","Fire Breathing"],"relics":["Burning Blood","NeowsBlessing","Self Forming Clay","Darkstone Periapt"],"acts_visited":["Exordium"],"potions_floor_usage":[7],"damage_taken":[{"damage":0.0,"enemies":"Jaw Worm","floor":1.0,"turns":1.0},{"damage":0,"enemies":"Cultist","floor":3,"turns":1},{"damage":0,"enemies":"2 Louse","floor":5,"turns":1},{"damage":38,"enemies":"3 Sentries","floor":7,"turns":8},{"damage":37,"enemies":"Gremlin Nob","floor":12,"turns":4}],"seed_played":"-4331594905839580690","potions_obtained":[{"floor":1.0,"key":"DuplicationPotion"},{"floor":3,"key":"DuplicationPotion"}],"is_trial":false,"path_per_floor":["M","?","M","?","M","R","E","R","T","$","?","E"],"character_chosen":"IRONCLAD","items_purchased":["Fire Breathing"],"campfire_rested":0,"item_purchase_floors":[10],"current_hp_per_floor":[74,67,73,69,75,75,43,43,43,43,36,0,0],"gold":64,"neow_bonus":"THREE_ENEMY_KILL","is_daily":false,"chose_seed":false,"campfire_upgraded":2,"win_rate":0.0,"timestamp":1613454424,"path_taken":["M","?","?","?","?","R","E","R","T","$","?","E"],"items_purchased_type":["Card"],"build_version":"2020-12-22","purchased_purges":1,"victory":false,"max_hp_per_floor":[75,75,75,75,75,75,75,75,75,75,75,75,75],"relic_stats":{"Darkstone Periapt":0,"counters":[5,15],"Self Forming Clay":[6],"obtain_stats":[{"Darkstone Periapt":9,"NeowsBlessing":0,"Self Forming Clay":7,"Burning Blood":0},{"Darkstone Periapt":4,"NeowsBlessing":0,"Self Forming Clay":4,"Burning Blood":0},{"Darkstone Periapt":11,"NeowsBlessing":0,"Self Forming Clay":11,"Burning Blood":0}],"Burning Blood":24},"card_choices":[{"not_picked":["Headbutt","Clothesline"],"picked":"Uppercut","floor":1.0},{"not_picked":["Havoc","Armaments"],"picked":"True Grit","floor":3},{"not_picked":["Wild Strike","Clash","Dark Embrace"],"picked":"SKIP","floor":5},{"not_picked":["Corruption","Wild Strike"],"picked":"Twin Strike","floor":7}],"player_experience":1680337,"relics_obtained":[{"floor":7,"key":"Self Forming Clay"},{"floor":9,"key":"Darkstone Periapt"}],"event_choices":[{"damage_healed":0,"gold_gain":50,"player_choice":"Touch","damage_taken":7,"max_hp_gain":0,"max_hp_loss":0,"event_name":"FaceTrader","floor":2,"gold_loss":0},{"damage_healed":0,"gold_gain":0,"player_choice":"Bought 0 Potions","damage_taken":0,"max_hp_gain":0,"max_hp_loss":0,"event_name":"The Woman in Blue","floor":4,"gold_loss":0},{"cards_removed":["Strike_R"],"damage_healed":0,"gold_gain":0,"player_choice":"Card Removal","damage_taken":7,"max_hp_gain":0,"max_hp_loss":0,"event_name":"Golden Wing","floor":11,"gold_loss":0}],"is_beta":false,"boss_relics":[],"items_purged_floors":[10],"is_endless":false,"potions_floor_spawned":[1,3],"killed_by":"Gremlin Nob","ascension_level":20}}