{"host":"m0bekkrd201b63ug","time":1613443626,"event":{"mods":["AchievementEnabler","BaseMod","Colored Powertips","Highlight Path","Minty Spire (QoL Compilation)","Rare Cards Sparkle","StSLib","SuperFastMode","everything is the same but u backflip on backflip","slay the spire mod where everything is the same but ironclad has a cowboy hat"],"gold_per_floor":[212,132,148,168,179,179,213,226,252,252,272,319,330,42,42,144,144,163,163,178,88,108,108,108,108,108,125,141,141,176,101,101,206,206,225,225,243,254,254,254,280,280,280,280,280],"floor_reached":44,"language":"ENG","playtime":1627,"items_purged":[],"score":666,"play_id":"a804650b-789c-42ea-ba43-c3d6a942dcc0","local_time":"20210216004706","is_ascension_mode":true,"campfire_choices":[{"floor":6.0,"key":"REST"},{"floor":15.0,"key":"REST"},{"floor":23.0,"key":"REST"},{"data":"Zap","floor":25.0,"key":"SMITH"},{"floor":29.0,"key":"REST"},{"data":"Defragment","floor":32.0,"key":"SMITH"},{"floor":40.0,"key":"REST"},{"floor":42,"key":"REST"}],"circlet_count":0,"master_deck":["Strike_B+1","Defend_B+1","Defend_B+1","Defend_B+1","Defend_B+1","Zap+1","Dualcast","Conserve Battery","White Noise","Auto Shields+1","Streamline","Seek","Ball Lightning","Electrodynamics","Thunder Strike","Leap","Chill+1","Fission+1","Defragment+1","Fission","Ball Lightning+1","Ball Lightning+1","Hologram+1","Ball Lightning+1"],"relics":["Cracked Core","Potion Belt","Nunchaku","Odd Mushroom","Bronze Scales","Prayer Wheel","SlaversCollar","Regal Pillow","Vajra","Nuclear Battery","Toy Ornithopter","Thread and Needle"],"acts_visited":["Exordium","TheCity","TheBeyond"],"potions_floor_usage":[41],"damage_taken":[{"damage":2.0,"enemies":"Jaw Worm","floor":1.0,"turns":4.0},{"damage":7.0,"enemies":"Small Slimes","floor":3.0,"turns":3.0},{"damage":10.0,"enemies":"Cultist","floor":4.0,"turns":4.0},{"damage":14.0,"enemies":"3 Louse","floor":5.0,"turns":4.0},{"damage":17.0,"enemies":"3 Sentries","floor":7.0,"turns":7.0},{"damage":2.0,"enemies":"Large Slime","floor":8.0,"turns":5.0},{"damage":17.0,"enemies":"The Mushroom Lair","floor":11.0,"turns":5.0},{"damage":0.0,"enemies":"Red Slaver","floor":13.0,"turns":3.0},{"damage":12.0,"enemies":"Hexaghost","floor":16.0,"turns":9.0},{"damage":7.0,"enemies":"Shell Parasite","floor":18.0,"turns":6.0},{"damage":32.0,"enemies":"2 Thieves","floor":20.0,"turns":4.0},{"damage":9.0,"enemies":"Sentry and Sphere","floor":22.0,"turns":5.0},{"damage":17.0,"enemies":"Snake Plant","floor":27.0,"turns":5.0},{"damage":0.0,"enemies":"Snecko","floor":28.0,"turns":6.0},{"damage":13.0,"enemies":"Gremlin Leader","floor":30.0,"turns":4.0},{"damage":31.0,"enemies":"Champ","floor":33.0,"turns":10.0},{"damage":10.0,"enemies":"Orb Walker","floor":35.0,"turns":4.0},{"damage":30.0,"enemies":"3 Darklings","floor":37.0,"turns":4.0},{"damage":6.0,"enemies":"Spire Growth","floor":38.0,"turns":5.0},{"damage":41,"enemies":"Giant Head","floor":41,"turns":7},{"damage":90,"enemies":"Transient","floor":44,"turns":5}],"seed_played":"-6845970972838382988","potions_obtained":[{"floor":3.0,"key":"Fire Potion"},{"floor":4.0,"key":"Ancient Potion"},{"floor":7.0,"key":"Weak Potion"},{"floor":11.0,"key":"Swift Potion"},{"floor":16.0,"key":"Swift Potion"},{"floor":22.0,"key":"Block Potion"},{"floor":30.0,"key":"DuplicationPotion"},{"floor":33.0,"key":"PotionOfCapacity"}],"is_trial":false,"path_per_floor":["M","$","M","M","M","R","E","M","T","?","?","T","M","$","R","B",null,"M","?","M","?","M","R","?","R","T","M","M","R","E","?","R","B",null,"M","?","M","M","?","R","E","R","T","M"],"character_chosen":"DEFECT","items_purchased":["White Noise","Prayer Wheel"],"campfire_rested":6,"item_purchase_floors":[2,14],"current_hp_per_floor":[66,66,59,49,35,57,40,38,38,23,6,6,6,6,28,16,60,53,53,21,21,12,34,34,34,34,17,17,54,41,41,41,10,59,49,49,19,13,13,50,9,46,46,0,0],"gold":280,"neow_bonus":"HUNDRED_GOLD","is_daily":false,"chose_seed":false,"campfire_upgraded":2,"win_rate":0.0,"timestamp":1613443626,"path_taken":["M","$","M","M","M","R","E","M","T","?","?","?","M","$","R","BOSS","M","?","M","?","?","R","?","R","T","M","M","R","E","?","R","BOSS","M","?","?","M","?","R","E","R","T","?"],"items_purchased_type":["Card","Relic"],"build_version":"2020-12-22","purchased_purges":0,"victory":false,"max_hp_per_floor":[75,75,75,75,75,75,75,75,75,75,75,75,75,75,75,75,75,75,75,75,75,75,75,75,75,75,75,75,75,75,75,75,75,75,75,75,75,75,75,75,75,75,75,75,75],"card_choices":[{"not_picked":["Steam Power","Steam"],"picked":"Conserve Battery","floor":1.0},{"not_picked":["Aggregate","Beam Cell"],"picked":"Auto Shields","floor":3.0},{"not_picked":["Self Repair","Redo","Tempest"],"picked":"SKIP","floor":4.0},{"not_picked":["Go for the Eyes","Coolheaded"],"picked":"Streamline","floor":5.0},{"not_picked":["Melter","Conserve Battery"],"picked":"Seek","floor":7.0},{"not_picked":["Turbo","Hologram"],"picked":"Ball Lightning","floor":8.0},{"not_picked":["Beam Cell","Chill"],"picked":"Electrodynamics","floor":11.0},{"not_picked":["Conserve Battery","Barrage","Auto Shields"],"picked":"SKIP","floor":13.0},{"not_picked":["Core Surge","Fission"],"picked":"Thunder Strike","floor":16.0},{"not_picked":["Darkness","BootSequence"],"picked":"Leap","floor":18.0},{"not_picked":["Sweeping Beam","Scrape","Beam Cell"],"picked":"SKIP","floor":18.0},{"not_picked":["Hyperbeam","Turbo+1"],"picked":"Chill+1","floor":20.0},{"not_picked":["Rebound","Conserve Battery","Ball Lightning+1"],"picked":"SKIP","floor":20.0},{"not_picked":["Stack+1","Scrape","Tempest"],"picked":"SKIP","floor":22.0},{"not_picked":["Beam Cell","Aggregate","Gash+1"],"picked":"SKIP","floor":22.0},{"not_picked":["Ball Lightning","Go for the Eyes","Steam"],"picked":"SKIP","floor":27.0},{"not_picked":["Double Energy","Scrape","Hologram"],"picked":"SKIP","floor":27.0},{"not_picked":["Redo","Barrage"],"picked":"Fission","floor":28.0},{"not_picked":["Cold Snap","Gash","Chaos"],"picked":"SKIP","floor":28.0},{"not_picked":["White Noise","Lockon+1"],"picked":"Defragment","floor":30.0},{"not_picked":["Hyperbeam","Buffer"],"picked":"Fission","floor":33.0},{"not_picked":["Genetic Algorithm+1","Aggregate+1"],"picked":"Ball Lightning+1","floor":35.0},{"not_picked":["Auto Shields","Recycle"],"picked":"Ball Lightning+1","floor":35.0},{"not_picked":["Sweeping Beam","Gash+1","Stack"],"picked":"SKIP","floor":37.0},{"not_picked":["Compile Driver+1","Turbo+1","Hologram+1"],"picked":"SKIP","floor":37.0},{"not_picked":["Compile Driver+1","Turbo+1"],"picked":"Hologram+1","floor":37.0},{"not_picked":["Sweeping Beam","Gash+1","Stack"],"picked":"SKIP","floor":37.0},{"not_picked":["Machine Learning","Heatsinks","Redo+1"],"picked":"SKIP","floor":38.0},{"not_picked":["Redo","Go for the Eyes","Heatsinks+1"],"picked":"SKIP","floor":38.0},{"not_picked":["Barrage","Go for the Eyes"],"picked":"Ball Lightning+1","floor":41}],"player_experience":283111,"relics_obtained":[{"floor":7.0,"key":"Potion Belt"},{"floor":9.0,"key":"Nunchaku"},{"floor":11.0,"key":"Odd Mushroom"},{"floor":12.0,"key":"Bronze Scales"},{"floor":26.0,"key":"Regal Pillow"},{"floor":30.0,"key":"Vajra"},{"floor":41,"key":"Toy Ornithopter"},{"floor":43,"key":"Thread and Needle"}],"event_choices":[{"damage_healed":0.0,"max_hp_gain":0.0,"max_hp_loss":0.0,"gold_gain":0.0,"event_name":"Shining Light","player_choice":"Entered Light","floor":10.0,"gold_loss":0.0,"damage_taken":15.0,"cards_upgraded":["Defend_B","Auto Shields"]},{"damage_healed":0.0,"max_hp_gain":0.0,"max_hp_loss":0.0,"gold_gain":0.0,"event_name":"Mushrooms","player_choice":"Fought Mushrooms","floor":11.0,"gold_loss":0.0,"damage_taken":0.0},{"damage_healed":0.0,"max_hp_gain":0.0,"max_hp_loss":0.0,"gold_gain":0.0,"event_name":"Vampires","player_choice":"Ignored","floor":19.0,"gold_loss":0.0,"damage_taken":0.0},{"cards_removed":["Strike_B"],"damage_healed":0.0,"max_hp_gain":0.0,"max_hp_loss":0.0,"gold_gain":0.0,"event_name":"Designer","player_choice":"Upgrade and Remove","floor":21.0,"gold_loss":90.0,"damage_taken":0.0,"cards_upgraded":["Strike_B"]},{"damage_healed":0.0,"max_hp_gain":0.0,"max_hp_loss":0.0,"gold_gain":0.0,"event_name":"Back to Basics","player_choice":"Simplicity","floor":24.0,"gold_loss":0.0,"damage_taken":0.0,"cards_upgraded":["Strike_B","Strike_B","Defend_B","Defend_B","Defend_B"]},{"cards_removed":["Strike_B"],"damage_healed":0.0,"max_hp_gain":0.0,"max_hp_loss":0.0,"gold_gain":0.0,"event_name":"Beggar","player_choice":"Gave Gold","floor":31.0,"gold_loss":75.0,"damage_taken":0.0},{"damage_healed":0.0,"max_hp_gain":0.0,"max_hp_loss":0.0,"gold_gain":0.0,"event_name":"Accursed Blacksmith","player_choice":"Forge","floor":36.0,"gold_loss":0.0,"damage_taken":0.0,"cards_upgraded":["Fission"]},{"cards_removed":["Strike_B"],"damage_healed":0.0,"max_hp_gain":0.0,"max_hp_loss":0.0,"gold_gain":0.0,"event_name":"Wheel of Change","player_choice":"Card Removal","floor":39.0,"gold_loss":0.0,"damage_taken":0.0}],"is_beta":false,"boss_relics":[{"not_picked":["Busted Crown","SacredBark"],"picked":"SlaversCollar"},{"not_picked":["Black Star","FrozenCore"],"picked":"Nuclear Battery"}],"items_purged_floors":[],"is_endless":false,"potions_floor_spawned":[3,4,7,11,16,22,30,33],"killed_by":"Transient","ascension_level":8}}