{"host":"pdq28s6637cpsst2","time":1613447121,"event":{"mods":["BaseMod","Colored Map","Colored Powertips","Highlight Path","Minty Spire (QoL Compilation)","Permanent Neow","Quick Restart","StSLib"],"gold_per_floor":[414,414,431,84,104,130,30,64,64,64,81,120,129,156,156,266,266,288,285,34,43,43,85,94,123,177,202,230,18,31,58,58,58,58],"floor_reached":33,"language":"ENG","playtime":3611,"items_purged":["Strike_R","Strike_R","Strike_R","Strike_R"],"score":390,"play_id":"b014032e-1d4a-4be7-bc03-5196d2b25ac3","local_time":"20210215224521","is_ascension_mode":true,"campfire_choices":[{"floor":13,"key":"REST"},{"data":"Dark Embrace","floor":15,"key":"SMITH"},{"floor":24,"key":"REST"},{"data":"Warcry","floor":32,"key":"SMITH"}],"circlet_count":0,"master_deck":["Strike_R","Defend_R","Defend_R","Defend_R","Defend_R","Bash+1","Thunderclap","Pommel Strike","Metallicize","Pummel","Whirlwind","Warcry","Dark Embrace+1","Shrug It Off","Shrug It Off","Seeing Red","Reaper","Fiend Fire","Inflame","Warcry+1","Feel No Pain","Rampage","Writhe","Cleave","Impervious","Seeing Red","Metallicize","Dual Wield+1"],"relics":["Burning Blood","Old Coin","Vajra","Dream Catcher","Blue Candle","CeramicFish","Mark of Pain","Sundial","Potion Belt","Akabeko","MealTicket","Matryoshka"],"acts_visited":["Exordium","TheCity"],"potions_floor_usage":[6,12,12,16,23,27,28,31],"damage_taken":[{"damage":0,"enemies":"Small Slimes","floor":1,"turns":3},{"damage":0,"enemies":"Cultist","floor":3,"turns":4},{"damage":0,"enemies":"2 Louse","floor":5,"turns":3},{"damage":26,"enemies":"Gremlin Nob","floor":6,"turns":4},{"damage":19,"enemies":"3 Sentries","floor":8,"turns":6},{"damage":0,"enemies":"2 Fungi Beasts","floor":11,"turns":3},{"damage":22,"enemies":"Lagavulin","floor":12,"turns":8},{"damage":6,"enemies":"Red Slaver","floor":14,"turns":5},{"damage":43,"enemies":"Slime Boss","floor":16,"turns":11},{"damage":28,"enemies":"Chosen","floor":18,"turns":5},{"damage":13,"enemies":"2 Thieves","floor":19,"turns":4},{"damage":60,"enemies":"Slavers","floor":23,"turns":6},{"damage":33,"enemies":"Gremlin Leader","floor":25,"turns":9},{"damage":12,"enemies":"Snecko","floor":27,"turns":5},{"damage":6,"enemies":"Slavers","floor":28,"turns":4},{"damage":3,"enemies":"Sentry and Sphere","floor":30,"turns":3},{"damage":2,"enemies":"Shelled Parasite and Fungi","floor":31,"turns":4},{"damage":76,"enemies":"Champ","floor":33,"turns":14}],"seed_played":"-7719651187623415985","potions_obtained":[{"floor":3,"key":"Swift Potion"},{"floor":6,"key":"SpeedPotion"},{"floor":8,"key":"Block Potion"},{"floor":14,"key":"HeartOfIron"},{"floor":19,"key":"BlessingOfTheForge"},{"floor":25,"key":"Swift Potion"},{"floor":27,"key":"SkillPotion"},{"floor":28,"key":"DistilledChaos"}],"is_trial":false,"path_per_floor":["M","?","M","$","M","E","$","E","T","$","M","E","R","M","R","B",null,"M","M","$","?","?","E","R","E","T","M","E","$","M","M","R","B"],"character_chosen":"IRONCLAD","items_purchased":["Vajra","Metallicize","Pummel","Feel No Pain","Rampage","Metallicize"],"campfire_rested":2,"item_purchase_floors":[4,4,4,20,20,29],"current_hp_per_floor":[72,72,72,72,72,52,52,39,39,39,45,29,50,50,50,22,72,50,60,60,60,60,30,51,39,39,33,33,48,51,55,55,0,0],"gold":58,"neow_bonus":"ONE_RARE_RELIC","is_daily":false,"chose_seed":false,"campfire_upgraded":2,"win_rate":0.0,"timestamp":1613447121,"path_taken":["M","?","M","$","M","E","?","E","T","$","M","E","R","M","R","BOSS","M","M","$","?","?","E","R","E","T","M","E","$","M","M","R","BOSS"],"items_purchased_type":["Relic","Card","Card","Card","Card","Card"],"build_version":"2020-12-22","purchased_purges":4,"victory":false,"max_hp_per_floor":[72,72,72,72,72,72,72,72,72,72,72,72,72,72,72,72,72,72,72,72,72,72,72,72,72,72,72,72,72,72,72,72,72,72],"card_choices":[{"not_picked":["Heavy Blade","Wild Strike"],"picked":"Thunderclap","floor":1},{"not_picked":["Seeing Red","True Grit"],"picked":"Pommel Strike","floor":3},{"not_picked":["Ghostly Armor","Infernal Blade"],"picked":"Whirlwind","floor":5},{"not_picked":["Barricade","Heavy Blade"],"picked":"Warcry","floor":6},{"not_picked":["Sentinel","Reckless Charge"],"picked":"Dark Embrace","floor":8},{"not_picked":["True Grit","Pommel Strike"],"picked":"Shrug It Off","floor":11},{"not_picked":["Dropkick","Thunderclap"],"picked":"Shrug It Off","floor":12},{"not_picked":["Cleave","Headbutt"],"picked":"Seeing Red","floor":13},{"not_picked":["Headbutt","Perfected Strike"],"picked":"Reaper","floor":14},{"not_picked":["Barricade","Reaper"],"picked":"Fiend Fire","floor":16},{"not_picked":["Armaments","Iron Wave"],"picked":"Inflame","floor":18},{"not_picked":["Clothesline+1","Headbutt"],"picked":"Warcry","floor":19},{"not_picked":["Heavy Blade","Iron Wave"],"picked":"Cleave","floor":23},{"not_picked":["Headbutt","Wild Strike"],"picked":"Impervious","floor":24},{"not_picked":["Rampage","Shrug It Off","Anger"],"picked":"SKIP","floor":25},{"not_picked":["Sever Soul","Cleave+1"],"picked":"Seeing Red","floor":27},{"not_picked":["Fiend Fire","Entrench","Blood for Blood"],"picked":"SKIP","floor":28},{"not_picked":["Headbutt","Iron Wave","Sword Boomerang"],"picked":"SKIP","floor":30},{"not_picked":["Clash","Shrug It Off"],"picked":"Dual Wield+1","floor":31}],"player_experience":224896,"relics_obtained":[{"floor":6,"key":"Dream Catcher"},{"floor":8,"key":"Blue Candle"},{"floor":12,"key":"CeramicFish"},{"floor":23,"key":"Potion Belt"},{"floor":25,"key":"Akabeko"},{"floor":26,"key":"MealTicket"},{"floor":28,"key":"Matryoshka"}],"event_choices":[{"damage_healed":0,"gold_gain":0,"player_choice":"Upgraded","damage_taken":0,"max_hp_gain":0,"max_hp_loss":0,"event_name":"Upgrade Shrine","floor":2,"gold_loss":0,"cards_upgraded":["Bash"]},{"damage_healed":0,"gold_gain":0,"player_choice":"Opened","damage_taken":0,"relics_obtained":["Sundial"],"max_hp_gain":0,"max_hp_loss":0,"event_name":"The Mausoleum","floor":21,"gold_loss":0,"cards_obtained":["Writhe"]},{"damage_healed":0,"gold_gain":0,"player_choice":"Ignored","damage_taken":0,"max_hp_gain":0,"max_hp_loss":0,"event_name":"Vampires","floor":22,"gold_loss":0}],"is_beta":false,"boss_relics":[{"not_picked":["Tiny House","Fusion Hammer"],"picked":"Mark of Pain"}],"items_purged_floors":[4,7,20,29],"is_endless":false,"potions_floor_spawned":[3,6,8,14,19,25,27,28],"killed_by":"Champ","ascension_level":4}}