{"host":"dlyy4wv9zatha4f7","time":1613493801,"event":{"mods":["BaseMod","Better Third Choice","Colored Map","GifTheSpireLib","Minty Spire (QoL Compilation)","Spicy Shops","StSLib","Stuff the Spire","SuperFastMode","Unceasing Turn Reminder"],"gold_per_floor":[111,123,51,51,67,92,92,119,119,149,149,149,174,187,187,287,287,304,304,229,249,26,26,54,82,137,166,182,193,225,243,243,342,342,353,368,381,603,209,209,254,279,306,332,332,37,69,69,69,69],"floor_reached":51,"language":"ENG","playtime":2600,"items_purged":["Strike_R+1","Strike_R+1","StuffTheSpire:CuriosityCurse"],"score":1559,"play_id":"35156ecb-2f4f-45ad-a5bd-3ead885fc7e5","local_time":"20210216184321","is_ascension_mode":true,"campfire_choices":[{"data":"Armaments","floor":7.0,"key":"SMITH"},{"data":"StuffTheSpire:Slingshot","floor":12.0,"key":"SMITH"},{"data":"Uppercut","floor":15.0,"key":"SMITH"},{"data":"Clothesline","floor":23.0,"key":"SMITH"},{"data":"Battle Trance","floor":32.0,"key":"SMITH"},{"data":"Exhume","floor":40.0,"key":"SMITH"},{"data":"Limit Break","floor":49,"key":"SMITH"}],"circlet_count":0,"master_deck":["Strike_R+1","Strike_R+1","Defend_R+1","Defend_R+1","Defend_R+1","Defend_R+1","Bash","StuffTheSpire:Slingshot+1","Clothesline+1","Pummel","Demon Form+1","Bloodletting+1","Armaments+1","Uppercut+1","Thunderclap","Anger","Pummel","Ghostly Armor","Offering+1","Inflame","Exhume+1","Pommel Strike+1","Battle Trance+1","Limit Break+1","Shame","Inflame","StuffTheSpire:Pyroclast+1"],"relics":["Burning Blood","NeowsBlessing","Orrery","Regal Pillow","StuffTheSpire:Wildfire","Kunai","Letter Opener","Oddly Smooth Stone","Philosopher\u0027s Stone","War Paint","Bottled Lightning","Red Mask","Centennial Puzzle","Singing Bowl","Orichalcum","Cursed Key","Charon\u0027s Ashes","Vajra","Gambling Chip","StuffTheSpire:Barrel","Bag of Preparation","Paper Frog","Pear","StuffTheSpire:Mouthbags","StrikeDummy"],"acts_visited":["Exordium","TheCity","TheBeyond"],"potions_floor_usage":[50],"damage_taken":[{"damage":0.0,"enemies":"Small Slimes","floor":1.0,"turns":1.0},{"damage":0.0,"enemies":"Cultist","floor":2.0,"turns":1.0},{"damage":0.0,"enemies":"Jaw Worm","floor":5.0,"turns":1.0},{"damage":8.0,"enemies":"Gremlin Nob","floor":6.0,"turns":3.0},{"damage":30.0,"enemies":"3 Sentries","floor":8.0,"turns":7.0},{"damage":12.0,"enemies":"Lagavulin","floor":10.0,"turns":5.0},{"damage":12.0,"enemies":"Gremlin Nob","floor":13.0,"turns":4.0},{"damage":0.0,"enemies":"3 Louse","floor":14.0,"turns":3.0},{"damage":22.0,"enemies":"Hexaghost","floor":16.0,"turns":7.0},{"damage":9.0,"enemies":"2 Thieves","floor":18.0,"turns":3.0},{"damage":6.0,"enemies":"Chosen","floor":21.0,"turns":3.0},{"damage":9.0,"enemies":"Slavers","floor":24.0,"turns":3.0},{"damage":9.0,"enemies":"Masked Bandits","floor":25.0,"turns":2.0},{"damage":9.0,"enemies":"Gremlin Leader","floor":27.0,"turns":3.0},{"damage":20.0,"enemies":"Centurion and Healer","floor":28.0,"turns":3.0},{"damage":9.0,"enemies":"Cultist and Chosen","floor":29.0,"turns":3.0},{"damage":9.0,"enemies":"Book of Stabbing","floor":30.0,"turns":1.0},{"damage":6.0,"enemies":"Snake Plant","floor":31.0,"turns":3.0},{"damage":12.0,"enemies":"Champ","floor":33.0,"turns":6.0},{"damage":6.0,"enemies":"3 Shapes","floor":35.0,"turns":3.0},{"damage":7.0,"enemies":"3 Darklings","floor":36.0,"turns":3.0},{"damage":23.0,"enemies":"Writhing Mass","floor":37.0,"turns":6.0},{"damage":17.0,"enemies":"2 Orb Walkers","floor":41.0,"turns":4.0},{"damage":9.0,"enemies":"Reptomancer","floor":42.0,"turns":1.0},{"damage":12.0,"enemies":"Giant Head","floor":44.0,"turns":5.0},{"damage":9,"enemies":"Reptomancer","floor":47,"turns":2},{"damage":15,"enemies":"Awakened One","floor":50,"turns":2}],"seed_played":"5526451614955741748","potions_obtained":[{"floor":2.0,"key":"FearPotion"},{"floor":5.0,"key":"ColorlessPotion"},{"floor":8.0,"key":"Regen Potion"},{"floor":10.0,"key":"Block Potion"},{"floor":16.0,"key":"AttackPotion"},{"floor":18.0,"key":"Fire Potion"},{"floor":21.0,"key":"DuplicationPotion"},{"floor":25.0,"key":"SteroidPotion"},{"floor":29.0,"key":"BloodPotion"},{"floor":31.0,"key":"SteroidPotion"},{"floor":33.0,"key":"Strength Potion"},{"floor":41.0,"key":"Ancient Potion"}],"is_trial":false,"path_per_floor":["M","M","$","?","M","E","R","E","T","E","?","R","E","M","R","B",null,"M","?","?","M","$","R","E","?","T","E","M","M","E","M","R","B",null,"M","M","M","?","$","R","?","E","T","E","?","$","E","$","R","B",null],"character_chosen":"IRONCLAD","items_purchased":["Orrery","War Paint","Charon\u0027s Ashes","Vajra","StuffTheSpire:Mouthbags","SneckoOil"],"campfire_rested":0,"item_purchase_floors":[3,22,39,39,46,46],"current_hp_per_floor":[78,80,80,80,80,78,78,54,54,60,60,60,54,60,60,44,71,68,68,68,68,68,68,65,62,62,59,47,46,43,43,43,37,72,74,73,75,75,75,75,66,65,65,59,69,69,76,76,76,67],"gold":69,"neow_bonus":"THREE_ENEMY_KILL","is_daily":false,"chose_seed":false,"campfire_upgraded":7,"win_rate":0.0,"timestamp":1613493801,"path_taken":["M","M","$","?","?","E","R","E","T","E","?","R","E","?","R","BOSS","M","?","?","M","$","R","E","?","T","E","?","M","E","M","R","BOSS","M","M","M","?","$","R","?","E","T","E","?","$","E","?","R","BOSS"],"items_purchased_type":["Relic","Relic","Relic","Relic","Relic","Potion"],"build_version":"2020-12-22","purchased_purges":3,"victory":true,"max_hp_per_floor":[80,80,80,80,80,80,80,80,80,80,80,80,80,80,80,80,80,80,80,80,80,80,80,80,80,80,80,82,84,84,84,84,84,84,86,86,88,88,88,88,90,92,92,92,102,102,104,104,104,104],"card_choices":[{"not_picked":["Perfected Strike","Combust"],"picked":"StuffTheSpire:Slingshot","floor":1.0},{"not_picked":["Headbutt","StuffTheSpire:Incineration"],"picked":"Clothesline","floor":2.0},{"not_picked":["Feel No Pain","Headbutt"],"picked":"Pummel","floor":3.0},{"not_picked":["Warcry","Heavy Blade"],"picked":"Demon Form","floor":3.0},{"not_picked":["Blood for Blood","Rampage"],"picked":"Bloodletting","floor":3.0},{"not_picked":["Flex","Clash"],"picked":"Armaments","floor":3.0},{"not_picked":["Armaments","Twin Strike"],"picked":"Uppercut","floor":3.0},{"not_picked":["Ghostly Armor","Perfected Strike"],"picked":"Thunderclap","floor":5.0},{"not_picked":["Body Slam","Wild Strike"],"picked":"Anger","floor":6.0},{"not_picked":["Second Wind","Clash","Blood for Blood"],"picked":"SKIP","floor":8.0},{"not_picked":["Pommel Strike","Clash"],"picked":"Pummel","floor":10.0},{"not_picked":["Iron Wave","Wild Strike","Perfected Strike"],"picked":"SKIP","floor":13.0},{"not_picked":["Rupture","Infernal Blade"],"picked":"Ghostly Armor","floor":14.0},{"not_picked":["Double Tap","Limit Break"],"picked":"Offering","floor":16.0},{"not_picked":["Pommel Strike","StuffTheSpire:Incineration+1","Blood for Blood"],"picked":"SKIP","floor":18.0},{"not_picked":["Twin Strike+1","Perfected Strike"],"picked":"Inflame","floor":21.0},{"not_picked":["Anger+1","Iron Wave","Body Slam"],"picked":"SKIP","floor":24.0},{"not_picked":["Anger+1","Iron Wave","Body Slam"],"picked":"SKIP","floor":24.0},{"not_picked":["Sever Soul","Clothesline+1"],"picked":"Exhume","floor":27.0},{"not_picked":["Cleave","Rampage","Headbutt"],"picked":"Singing Bowl","floor":28.0},{"not_picked":["Pummel","Wild Strike","StuffTheSpire:RockThrow+1"],"picked":"Singing Bowl","floor":29.0},{"not_picked":["Anger","Pummel"],"picked":"Pommel Strike+1","floor":30.0},{"not_picked":["Fire Breathing+1","Havoc+1"],"picked":"Battle Trance","floor":31.0},{"not_picked":["Brutality","Feed"],"picked":"Limit Break","floor":33.0},{"not_picked":["Twin Strike","Armaments","Anger+1"],"picked":"Singing Bowl","floor":35.0},{"not_picked":["Iron Wave","Armaments"],"picked":"StuffTheSpire:Pyroclast+1","floor":36.0},{"not_picked":["StuffTheSpire:Incineration+1","Clothesline+1","Body Slam+1"],"picked":"Singing Bowl","floor":37.0},{"not_picked":["Cleave+1","Clothesline+1","Flame Barrier"],"picked":"Singing Bowl","floor":41.0},{"not_picked":["Cleave","StuffTheSpire:Pyroclast","Havoc+1"],"picked":"Singing Bowl","floor":42.0},{"not_picked":["Shrug It Off","StuffTheSpire:BloodClot"],"picked":"Inflame","floor":44.0},{"not_picked":["Iron Wave","Seeing Red+1","Dropkick+1"],"picked":"Singing Bowl","floor":47}],"player_experience":2288437,"relics_obtained":[{"floor":6.0,"key":"Regal Pillow"},{"floor":8.0,"key":"StuffTheSpire:Wildfire"},{"floor":9.0,"key":"Kunai"},{"floor":10.0,"key":"Letter Opener"},{"floor":13.0,"key":"Oddly Smooth Stone"},{"floor":24.0,"key":"Bottled Lightning"},{"floor":25.0,"key":"Red Mask"},{"floor":26.0,"key":"Centennial Puzzle"},{"floor":27.0,"key":"Singing Bowl"},{"floor":30.0,"key":"Orichalcum"},{"floor":41.0,"key":"Gambling Chip"},{"floor":42.0,"key":"StuffTheSpire:Barrel"},{"floor":43.0,"key":"Bag of Preparation"},{"floor":44.0,"key":"Paper Frog"},{"floor":47,"key":"StrikeDummy"}],"event_choices":[{"damage_healed":0.0,"max_hp_gain":0.0,"max_hp_loss":0.0,"gold_gain":0.0,"event_name":"Match and Keep!","player_choice":"0 cards matched","floor":4.0,"gold_loss":0.0,"damage_taken":0.0,"cards_obtained":[]},{"damage_healed":0.0,"max_hp_gain":0.0,"max_hp_loss":0.0,"gold_gain":0.0,"event_name":"Upgrade Shrine","player_choice":"Upgraded","floor":11.0,"gold_loss":0.0,"damage_taken":0.0,"cards_upgraded":["Demon Form"]},{"damage_healed":0.0,"max_hp_gain":0.0,"max_hp_loss":9.0,"gold_gain":0.0,"event_name":"betterThird:BetterWriting","player_choice":"Simplicity","floor":19.0,"gold_loss":0.0,"damage_taken":0.0},{"cards_removed":["Strike_R"],"damage_healed":0.0,"max_hp_gain":0.0,"max_hp_loss":0.0,"gold_gain":0.0,"event_name":"Beggar","player_choice":"Gave Gold","floor":20.0,"gold_loss":75.0,"damage_taken":0.0},{"damage_healed":0.0,"max_hp_gain":0.0,"max_hp_loss":0.0,"gold_gain":0.0,"event_name":"Masked Bandits","player_choice":"Fought Bandits","floor":25.0,"gold_loss":0.0,"damage_taken":0.0},{"damage_healed":0.0,"max_hp_gain":0.0,"max_hp_loss":0.0,"gold_gain":222.0,"event_name":"Tomb of Lord Red Mask","player_choice":"Wore Mask","floor":38.0,"gold_loss":0.0,"damage_taken":0.0},{"damage_healed":0.0,"max_hp_gain":0.0,"max_hp_loss":0.0,"gold_gain":0.0,"event_name":"Mysterious Sphere","player_choice":"Fight","floor":41.0,"gold_loss":0.0,"damage_taken":0.0}],"is_beta":false,"boss_relics":[{"not_picked":["Busted Crown","Runic Dome"],"picked":"Philosopher\u0027s Stone"},{"not_picked":["Snecko Eye","Mark of Pain"],"picked":"Cursed Key"}],"items_purged_floors":[22,39,46],"is_endless":false,"potions_floor_spawned":[2,5,8,10,16,18,21,25,29,31,33,41],"ascension_level":7}}