{"host":"ippeulvg90hectqg","time":1613485892,"event":{"mods":["BaseMod","Downfall","Hermit","Infinite Spire","Lobotomy","Minty Spire (QoL Compilation)","Replay The Spire","StSLib","The Saiyan"],"gold_per_floor":[113,128,53,66,76,76,86,120,132,156,168,180,212,242,340,352,352],"floor_reached":16,"language":"ZHS","playtime":736,"items_purged":["hermit:Strike_Hermit"],"score":106,"play_id":"e1c00cc7-05a5-4f0a-a36c-e3e1dc158e01","local_time":"20210216223132","is_ascension_mode":false,"campfire_choices":[{"data":"hermit:PistolWhip","floor":6.0,"key":"SMITH"}],"circlet_count":0,"master_deck":["hermit:Strike_Hermit","hermit:Strike_Hermit","hermit:Strike_Hermit","hermit:Defend_Hermit","hermit:Defend_Hermit","hermit:Defend_Hermit","hermit:Snapshot","hermit:Covet","hermit:Adapt","hermit:PistolWhip+1","hermit:SprayPray","hermit:FlashPowder","hermit:Quickdraw","hermit:Glare","hermit:LoneWolf","hermit:WideOpen","hermit:BodyArmor"],"relics":["hermit:Momento","MawBank","Question Card"],"acts_visited":["Exordium"],"potions_floor_usage":[],"damage_taken":[{"damage":1.0,"enemies":"Cultist","floor":1.0,"turns":3.0},{"damage":3.0,"enemies":"Small Slimes","floor":2.0,"turns":3.0},{"damage":0.0,"enemies":"2 Louse","floor":4.0,"turns":2.0},{"damage":10.0,"enemies":"Looter","floor":5.0,"turns":3.0},{"damage":5.0,"enemies":"Large Slime","floor":7.0,"turns":5.0},{"damage":16.0,"enemies":"3 Sentries","floor":8.0,"turns":11.0},{"damage":7.0,"enemies":"3 Louse","floor":10.0,"turns":3.0},{"damage":4,"enemies":"Lots of Slimes","floor":13,"turns":5},{"damage":1,"enemies":"Exordium Thugs","floor":14,"turns":5},{"damage":30,"enemies":"Slime Boss","floor":16,"turns":3}],"seed_played":"-7073454087593827309","potions_obtained":[{"floor":7.0,"key":"Venom Potion"},{"floor":8.0,"key":"PowerPotion"}],"is_trial":false,"path_per_floor":["M","M","$","M","M","R","M","E","T","M","?","$","M","M","R","B"],"character_chosen":"HERMIT","items_purchased":[],"campfire_rested":0,"item_purchase_floors":[],"current_hp_per_floor":[74,71,71,71,61,61,56,40,40,33,33,33,29,28,28,0,0],"gold":352,"neow_bonus":"TRANSFORM_CARD","is_daily":false,"chose_seed":false,"campfire_upgraded":1,"win_rate":0.0,"timestamp":1613485892,"path_taken":["M","M","?","M","M","R","M","E","T","M","?","$","M","M","R","BOSS"],"items_purchased_type":[],"build_version":"2020-12-22","purchased_purges":1,"victory":false,"max_hp_per_floor":[75,75,75,75,75,75,75,75,75,75,75,75,75,75,75,75,75],"card_choices":[{"not_picked":["hermit:Snipe","hermit:ItchyTrigger"],"picked":"hermit:PistolWhip","floor":1.0},{"not_picked":["hermit:Desperado","hermit:Maintenance"],"picked":"hermit:SprayPray","floor":2.0},{"not_picked":["hermit:WideOpen","hermit:BodyArmor"],"picked":"hermit:FlashPowder","floor":4.0},{"not_picked":["hermit:Horror","hermit:SprayPray","hermit:WideOpen"],"picked":"SKIP","floor":5.0},{"not_picked":["hermit:ShadowCloak","hermit:TakeCover"],"picked":"hermit:Quickdraw","floor":7.0},{"not_picked":["hermit:SprayPray","hermit:Coalescence"],"picked":"hermit:Glare","floor":8.0},{"not_picked":["hermit:Scavenge","hermit:Magnum","hermit:Combo"],"picked":"hermit:LoneWolf","floor":10.0},{"not_picked":["hermit:Feint","hermit:BodyArmor","hermit:HoleUp"],"picked":"hermit:WideOpen","floor":13},{"not_picked":["hermit:Coalescence","hermit:Snipe","hermit:WideOpen"],"picked":"hermit:BodyArmor","floor":14}],"player_experience":589297,"relics_obtained":[{"floor":8.0,"key":"MawBank"},{"floor":9.0,"key":"Question Card"}],"event_choices":[],"is_beta":false,"boss_relics":[],"items_purged_floors":[3],"is_endless":false,"potions_floor_spawned":[7,8],"killed_by":"Slime Boss","ascension_level":0}}