{"host":"b6kqr6ulwax9qd8q","time":1613443498,"event":{"mods":["BaseMod","Minty Spire (QoL Compilation)"],"gold_per_floor":[112,112,112,135,150,185,185,223,250,273,291,1,1,16,16,145,145,170,170,14,0,24,58,10,29,76,131,143,186,216,228,240,378,390,418,445,478,191,191,231,231,250,304,17,55,74,93,126,126,126],"floor_reached":51,"language":"ENG","playtime":5748,"items_purged":[],"score":995,"play_id":"f6966da2-69d7-49cd-9b67-99d61d7270f0","local_time":"20210215214458","is_ascension_mode":true,"campfire_choices":[{"data":"Wallop","floor":7,"key":"SMITH"},{"floor":15,"key":"REST"},{"data":"TalkToTheHand","floor":28,"key":"SMITH"},{"floor":32,"key":"REST"},{"floor":41,"key":"REST"},{"floor":49,"key":"REST"}],"circlet_count":0,"master_deck":["Eruption+1","Vigilance","WheelKick","Wallop+1","MentalFortress","BowlingBash","FearNoEvil","EmptyBody","Omniscience","Blasphemy","Pray","Perseverance","Crescendo","WheelKick","DeceiveReality","MentalFortress","FlurryOfBlows+1","TalkToTheHand+1","LikeWater","TalkToTheHand+1","EmptyFist+1","MasterReality","CrushJoints","ClearTheMind","CutThroughFate+1","TalkToTheHand+1","FlurryOfBlows+1","Establishment","WindmillStrike+1","Halt+1"],"relics":["PureWater","NeowsBlessing","Golden Idol","Whetstone","MealTicket","Toy Ornithopter","Shuriken","Pandora\u0027s Box","Sundial","MawBank","Blue Candle","Omamori","Fusion Hammer","Lee\u0027s Waffle","StrikeDummy","Bag of Preparation","Strawberry","Akabeko","Bottled Tornado"],"acts_visited":["Exordium","TheCity","TheBeyond"],"potions_floor_usage":[6,8,14,16,16,23,29,36,50],"damage_taken":[{"damage":0,"enemies":"2 Louse","floor":1,"turns":2},{"damage":0,"enemies":"Small Slimes","floor":4,"turns":1},{"damage":0,"enemies":"Cultist","floor":5,"turns":1},{"damage":24,"enemies":"Gremlin Nob","floor":6,"turns":4},{"damage":36,"enemies":"Lagavulin","floor":8,"turns":3},{"damage":3,"enemies":"Blue Slaver","floor":10,"turns":2},{"damage":6,"enemies":"Lots of Slimes","floor":11,"turns":3},{"damage":0,"enemies":"Large Slime","floor":14,"turns":3},{"damage":0,"enemies":"Slime Boss","floor":16,"turns":4},{"damage":0,"enemies":"Spheric Guardian","floor":18,"turns":5},{"damage":0,"enemies":"Chosen","floor":22,"turns":4},{"damage":24,"enemies":"Gremlin Leader","floor":23,"turns":4},{"damage":0,"enemies":"Snecko","floor":25,"turns":5},{"damage":22,"enemies":"Book of Stabbing","floor":27,"turns":8},{"damage":0,"enemies":"Slavers","floor":29,"turns":3},{"damage":21,"enemies":"Snake Plant","floor":30,"turns":3},{"damage":0,"enemies":"Collector","floor":33,"turns":11},{"damage":9,"enemies":"3 Shapes","floor":35,"turns":4},{"damage":25,"enemies":"3 Darklings","floor":36,"turns":3},{"damage":32,"enemies":"Spire Growth","floor":37,"turns":4},{"damage":30,"enemies":"Nemesis","floor":40,"turns":5},{"damage":11,"enemies":"Maw","floor":42,"turns":5},{"damage":7,"enemies":"Giant Head","floor":45,"turns":9},{"damage":0,"enemies":"Sphere and 2 Shapes","floor":46,"turns":3},{"damage":0,"enemies":"Spire Growth","floor":47,"turns":4},{"damage":16,"enemies":"Nemesis","floor":48,"turns":5},{"damage":40,"enemies":"Awakened One","floor":50,"turns":10}],"seed_played":"4183830474177115564","potions_obtained":[{"floor":1,"key":"PowerPotion"},{"floor":5,"key":"AttackPotion"},{"floor":11,"key":"Energy Potion"},{"floor":14,"key":"Fire Potion"},{"floor":25,"key":"SteroidPotion"},{"floor":27,"key":"DistilledChaos"},{"floor":33,"key":"SkillPotion"},{"floor":40,"key":"Ancient Potion"},{"floor":42,"key":"Ambrosia"}],"is_trial":false,"path_per_floor":["M","?","?","M","M","E","R","E","T","M","M","$","?","M","R","B",null,"M","?","$","?","M","E","$","M","T","E","R","E","M","?","R","B",null,"M","M","M","$","?","E","R","M","T","$","E","M","M","E","R","B",null],"character_chosen":"WATCHER","items_purchased":["Shuriken","PowerPotion","LikeWater","TalkToTheHand","BottledMiracle","CrushJoints","Lee\u0027s Waffle","EntropicBrew","BottledMiracle","Establishment","Strawberry"],"campfire_rested":4,"item_purchase_floors":[12,12,20,20,20,24,38,38,38,44,44],"current_hp_per_floor":[72,72,72,72,72,48,48,12,12,9,3,18,18,23,44,54,72,72,72,72,72,72,48,63,63,63,41,41,46,25,25,46,46,72,63,43,11,79,79,49,72,61,61,83,76,76,76,60,85,50],"gold":126,"neow_bonus":"THREE_ENEMY_KILL","is_daily":false,"chose_seed":false,"campfire_upgraded":2,"win_rate":0.0,"timestamp":1613443498,"path_taken":["M","?","?","M","?","E","R","E","T","M","M","$","?","?","R","BOSS","M","?","$","?","M","E","$","M","T","E","R","E","M","?","R","BOSS","M","M","?","?","?","E","R","?","T","$","E","M","M","E","R","BOSS"],"items_purchased_type":["Relic","Potion","Card","Card","Potion","Card","Relic","Potion","Potion","Card","Relic"],"build_version":"2020-12-22","purchased_purges":0,"victory":true,"max_hp_per_floor":[72,72,72,72,72,72,72,72,72,72,72,72,72,72,72,72,72,72,72,72,72,72,72,72,72,72,72,72,72,72,72,72,72,72,72,72,72,79,79,79,79,79,79,86,86,86,86,86,86,86],"card_choices":[{"not_picked":["Conclude","ThirdEye","FlyingSleeves"],"picked":"SKIP","floor":1},{"not_picked":["ClearTheMind","BowlingBash"],"picked":"Wallop","floor":4},{"not_picked":["SashWhip","EmptyMind"],"picked":"MentalFortress","floor":5},{"not_picked":["Prostrate","Sanctity"],"picked":"BowlingBash","floor":6},{"not_picked":["Omniscience","Nirvana"],"picked":"FearNoEvil","floor":8},{"not_picked":["Evaluate","InnerPeace","Collect"],"picked":"SKIP","floor":10},{"not_picked":["Indignation","Adaptation"],"picked":"EmptyBody","floor":11},{"not_picked":["Nirvana","Protect","Consecrate"],"picked":"SKIP","floor":14},{"not_picked":["MasterReality","Establishment"],"picked":"Omniscience","floor":16},{"not_picked":["CrushJoints+1","PathToVictory"],"picked":"FlurryOfBlows+1","floor":18},{"not_picked":["Wallop","JustLucky+1"],"picked":"EmptyFist+1","floor":22},{"not_picked":["EmptyFist","BowlingBash"],"picked":"MasterReality","floor":23},{"not_picked":["PathToVictory","Pray+1"],"picked":"ClearTheMind","floor":25},{"not_picked":["EmptyMind","FlyingSleeves","CarveReality"],"picked":"SKIP","floor":27},{"not_picked":["FlyingSleeves","Vault"],"picked":"CutThroughFate+1","floor":29},{"not_picked":["WheelKick+1","EmptyBody+1"],"picked":"TalkToTheHand+1","floor":30},{"not_picked":["FlyingSleeves","MentalFortress"],"picked":"FlurryOfBlows+1","floor":35},{"not_picked":["EmptyBody","SignatureMove","JustLucky"],"picked":"SKIP","floor":36},{"not_picked":["Conclude","EmptyFist","CarveReality+1"],"picked":"SKIP","floor":37},{"not_picked":["InnerPeace+1","WindmillStrike","Consecrate+1"],"picked":"SKIP","floor":40},{"not_picked":["Prostrate+1","CutThroughFate","BowlingBash+1"],"picked":"SKIP","floor":42},{"not_picked":["ForeignInfluence","BowlingBash+1","Collect+1"],"picked":"SKIP","floor":45},{"not_picked":["Prostrate+1","CrushJoints","SpiritShield"],"picked":"SKIP","floor":46},{"not_picked":["Consecrate+1","PathToVictory"],"picked":"WindmillStrike+1","floor":47},{"not_picked":["Fasting2","BowlingBash"],"picked":"Halt+1","floor":48}],"player_experience":606521,"relics_obtained":[{"floor":6,"key":"Whetstone"},{"floor":8,"key":"MealTicket"},{"floor":9,"key":"Toy Ornithopter"},{"floor":23,"key":"Sundial"},{"floor":26,"key":"MawBank"},{"floor":27,"key":"Blue Candle"},{"floor":29,"key":"Omamori"},{"floor":40,"key":"StrikeDummy"},{"floor":43,"key":"Bag of Preparation"},{"floor":45,"key":"Akabeko"},{"floor":48,"key":"Bottled Tornado"}],"event_choices":[{"damage_healed":0,"gold_gain":0,"player_choice":"Take Wound","damage_taken":0,"relics_obtained":["Golden Idol"],"max_hp_gain":0,"max_hp_loss":0,"event_name":"Golden Idol","floor":2,"gold_loss":0,"cards_obtained":["Injury"]},{"damage_healed":0,"gold_gain":0,"cards_transformed":["Defend_P"],"player_choice":"Transformed","damage_taken":0,"max_hp_gain":0,"max_hp_loss":0,"event_name":"Transmorgrifier","floor":3,"gold_loss":0,"cards_obtained":["WheelKick"]},{"cards_removed":["Injury"],"damage_healed":0,"gold_gain":0,"player_choice":"Purged","damage_taken":0,"max_hp_gain":0,"max_hp_loss":0,"event_name":"Purifier","floor":13,"gold_loss":0},{"damage_healed":0,"gold_gain":0,"player_choice":"Read","damage_taken":0,"max_hp_gain":0,"max_hp_loss":0,"event_name":"The Library","floor":19,"gold_loss":0,"cards_obtained":["TalkToTheHand"]},{"damage_healed":0,"gold_gain":0,"player_choice":"Paid Fearfully","damage_taken":0,"max_hp_gain":0,"max_hp_loss":0,"event_name":"Masked Bandits","floor":21,"gold_loss":14},{"damage_healed":0,"gold_gain":0,"player_choice":"Forge","damage_taken":0,"max_hp_gain":0,"max_hp_loss":0,"event_name":"Accursed Blacksmith","floor":31,"gold_loss":0,"cards_upgraded":["TalkToTheHand"]},{"damage_healed":0,"gold_gain":0,"player_choice":"Bought 0 Potions","damage_taken":0,"max_hp_gain":0,"max_hp_loss":0,"event_name":"The Woman in Blue","floor":39,"gold_loss":0}],"is_beta":false,"boss_relics":[{"not_picked":["Runic Dome","SlaversCollar"],"picked":"Pandora\u0027s Box"},{"not_picked":["Astrolabe","Calling Bell"],"picked":"Fusion Hammer"}],"items_purged_floors":[],"is_endless":false,"potions_floor_spawned":[1,5,11,14,25,27,33,40,42,45,47],"ascension_level":2}}