{"host":"ypzi5hvah0ucsg44","time":1613475131,"event":{"mods":["BaseMod","Colored Map","Downfall","Googly Eyes","Minty Spire (QoL Compilation)","Quick Restart","Replay The Spire","StSLib","The Construct"],"gold_per_floor":[99,109,120,138,138,138,138,138,138,138,171,171,196,214,233,328,328,428,446,459,519,533,558,558,558,576,604,619,463,479,629,649,649,649,649],"floor_reached":33,"language":"ENG","playtime":5065,"items_purged":[],"score":326,"play_id":"90080828-8fcb-446c-b07a-bd21ac45f30f","local_time":"20210216033211","is_ascension_mode":false,"campfire_choices":[{"data":"hexamod:Firestarter","floor":6,"key":"SMITH"},{"data":"hexamod:Sear","floor":10,"key":"SMITH"},{"data":"hexamod:ThermalTransfer","floor":12,"key":"SMITH"},{"floor":25,"key":"REST"}],"circlet_count":0,"master_deck":["hexamod:Strike","hexamod:Strike","hexamod:Strike","hexamod:Strike","hexamod:Defend","hexamod:Defend","hexamod:Defend","hexamod:Sear+1","hexamod:Float","hexamod:Firestarter+1","hexamod:AdvancingGuard","hexamod:PhantomFireball","hexamod:FirstSeal","hexamod:FourthSeal","hexamod:ThermalTransfer+1","hexamod:RadiantFlame","hexamod:FastForward","hexamod:SoulSteal","hexamod:GhostOfSpirePresent","hexamod:SpectersWail+1","hexamod:EmpoweredFlame+1","hexamod:StepThrough+1","hexamod:NightmareGuise","hexamod:EtherealExpedition","hexamod:HauntingEcho+1","hexamod:HeatCrush","hexamod:TimeOfNeed","hexamod:NightmareStrike","hexamod:BurningTouch+1","hexamod:ForkedFlame","hexamod:InspiringFlames+1","hexamod:SpectersWail"],"relics":["hexamod:UnbrokenSoul","Kunai","Bottled Lightning","Orichalcum","downfall:CloakOfManyFaces","CultistMask","FaceOfCleric","NlothsMask","GremlinMask","SsserpentHead","Happy Flower","Juzu Bracelet"],"acts_visited":["Exordium","TheCity"],"potions_floor_usage":[15,16,18,21,23,27,32,33],"damage_taken":[{"damage":0,"enemies":"Cultist","floor":2,"turns":3},{"damage":0,"enemies":"Small Slimes","floor":3,"turns":4},{"damage":0,"enemies":"2 Louse","floor":4,"turns":3},{"damage":41,"enemies":"Gremlin Nob","floor":11,"turns":6},{"damage":14,"enemies":"3 Sentries","floor":13,"turns":9},{"damage":11,"enemies":"Large Slime","floor":14,"turns":5},{"damage":10,"enemies":"Exordium Thugs","floor":15,"turns":4},{"damage":25,"enemies":"WA_ARCHETYPE_RETAIN","floor":16,"turns":6},{"damage":28,"enemies":"downfall:FaceTrader","floor":18,"turns":8},{"damage":12,"enemies":"Chosen","floor":19,"turns":6},{"damage":21,"enemies":"downfall:LooterAlt2","floor":20,"turns":3},{"damage":8,"enemies":"Centurion and Healer","floor":21,"turns":4},{"damage":26,"enemies":"Shelled Parasite and Fungi","floor":22,"turns":6},{"damage":22,"enemies":"Gremlin Leader","floor":23,"turns":7},{"damage":15,"enemies":"Snecko","floor":26,"turns":5},{"damage":33,"enemies":"Book of Stabbing","floor":27,"turns":6},{"damage":23,"enemies":"Snake Plant","floor":28,"turns":4},{"damage":0,"enemies":"downfall:FleeingMerchant","floor":29,"turns":4},{"damage":7,"enemies":"Centurion and Healer","floor":30,"turns":6},{"damage":12,"enemies":"Shelled Parasite and Fungi","floor":32,"turns":5},{"damage":43,"enemies":"IC_MUSHROOM_ARCHETYPE","floor":33,"turns":6}],"seed_played":"9189973100773996453","potions_obtained":[{"floor":2,"key":"Dexterity Potion"},{"floor":3,"key":"Doom Potion"},{"floor":11,"key":"Swift Potion"},{"floor":14,"key":"LiquidBronze"},{"floor":15,"key":"hexamod:EctoCoolerPotion"},{"floor":15,"key":"Ancient Potion"},{"floor":16,"key":"Block Potion"},{"floor":18,"key":"Reflective Coating"},{"floor":18,"key":"champ:CounterPotion"},{"floor":21,"key":"FairyPotion"},{"floor":22,"key":"SkillPotion"},{"floor":23,"key":"FearPotion"},{"floor":26,"key":"Fire Potion"},{"floor":27,"key":"FairyPotion"},{"floor":28,"key":"BlessingOfTheForge"},{"floor":30,"key":"Swift Potion"}],"is_trial":false,"path_per_floor":["R_BF","M","M","M","?","R","T","?","?","R","E","R","E","M","M","B",null,"R_BF","M","M","M","M","E","T","R","M","E","M","$","M","?","M","B"],"character_chosen":"THE_SPIRIT","items_purchased":["hexamod:ForkedFlame"],"campfire_rested":1,"item_purchase_floors":[29],"current_hp_per_floor":[77,77,77,77,82,82,82,75,82,82,48,48,41,37,34,9,82,61,57,37,37,19,33,33,59,52,27,12,20,14,14,10,0,0,0],"gold":649,"neow_bonus":"TEN_PERCENT_HP_BONUS","is_daily":false,"chose_seed":false,"campfire_upgraded":3,"win_rate":0.0,"timestamp":1613475131,"path_taken":["R_BF","M","?","M","?","R","T","?","?","R","E","R","E","M","M","BOSS","R_BF","M","M","?","M","E","T","R","M","E","M","$","M","?","M","BOSS"],"items_purchased_type":["Card"],"build_version":"2020-12-22","purchased_purges":0,"victory":false,"max_hp_per_floor":[77,77,77,77,82,82,82,82,82,82,82,82,82,82,82,82,82,82,83,84,85,86,87,87,87,88,89,90,91,92,92,93,93,93,93],"card_choices":[{"not_picked":["hexamod:SpectralAdrenaline","hexamod:InspiringFlames"],"picked":"hexamod:AdvancingGuard","floor":2},{"not_picked":["hexamod:GhostLash","hexamod:BacktrackSmack"],"picked":"hexamod:PhantomFireball","floor":3},{"not_picked":["hexamod:ShieldOfDarkness","hexamod:ThermalTransfer"],"picked":"hexamod:HeatShield","floor":4},{"not_picked":["hexamod:ShieldOfDarkness","hexamod:SwordOfDarkness"],"picked":"hexamod:ThermalTransfer","floor":11},{"not_picked":["hexamod:AdvancingGuard","hexamod:ChargedBarrage"],"picked":"hexamod:RadiantFlame","floor":13},{"not_picked":["hexamod:GhostLash","hexamod:GhostShield"],"picked":"hexamod:FastForward","floor":14},{"not_picked":["hexamod:CatchUp","hexamod:ThermalTransfer"],"picked":"hexamod:SoulSteal","floor":15},{"not_picked":["hexamod:TimeWarp","hexamod:TurnItUp"],"picked":"hexamod:GhostOfSpirePresent","floor":16},{"not_picked":["hexamod:InspiringFlames","hexamod:ExtraCrispy"],"picked":"hexamod:SpectersWail+1","floor":18},{"not_picked":["hexamod:PhantomFireball+1","hexamod:HauntingEcho"],"picked":"hexamod:EmpoweredFlame+1","floor":19},{"not_picked":["hexamod:HeatMetal+1","hexamod:EtherealExpedition"],"picked":"hexamod:StepThrough+1","floor":20},{"not_picked":["hexamod:Hexaguard","hexamod:GhostLash"],"picked":"hexamod:NightmareGuise","floor":21},{"not_picked":["hexamod:BacktrackSmack","hexamod:PhantomCloak+1"],"picked":"hexamod:EtherealExpedition","floor":22},{"not_picked":["hexamod:SpectralAdrenaline","hexamod:ThermalTransfer"],"picked":"hexamod:HauntingEcho+1","floor":23},{"not_picked":["hexamod:Hexaguard","hexamod:ShieldOfDarkness+1"],"picked":"hexamod:HeatCrush","floor":26},{"not_picked":["hexamod:TimeWarp","hexamod:ThermalTransfer"],"picked":"hexamod:TimeOfNeed","floor":27},{"not_picked":["hexamod:GhostflameBarrier","hexamod:ShieldOfDarkness"],"picked":"hexamod:NightmareStrike","floor":28},{"not_picked":["hexamod:GhostOfSpirePast","hexamod:ThermalTransfer+1"],"picked":"hexamod:BurningTouch+1","floor":29},{"not_picked":["hexamod:RetreatToShadows","hexamod:GhostOfSpireFuture+1"],"picked":"hexamod:InspiringFlames+1","floor":30},{"not_picked":["hexamod:AdvancingGuard+1","hexamod:SwordOfDarkness"],"picked":"hexamod:SpectersWail","floor":32}],"player_experience":122866,"relics_obtained":[{"floor":7,"key":"Kunai"},{"floor":11,"key":"Bottled Lightning"},{"floor":13,"key":"Orichalcum"},{"floor":18,"key":"downfall:CloakOfManyFaces"},{"floor":23,"key":"Happy Flower"},{"floor":27,"key":"Juzu Bracelet"}],"event_choices":[{"damage_healed":0,"gold_gain":0,"player_choice":"Donut","damage_taken":0,"max_hp_gain":5,"max_hp_loss":0,"event_name":"Big Fish","floor":5,"gold_loss":0},{"cards_removed":["hexamod:HeatShield"],"damage_healed":7,"gold_gain":0,"player_choice":"Offered Uncommon","damage_taken":0,"max_hp_gain":0,"max_hp_loss":0,"event_name":"Bonfire Elementals","floor":9,"gold_loss":0}],"is_beta":false,"boss_relics":[{"not_picked":["Replay:Ancient Bell","Cursed Key"],"picked":"hexamod:UnbrokenSoul"}],"items_purged_floors":[],"is_endless":false,"potions_floor_spawned":[2,3,15,18,23,26,27,28,30],"killed_by":"IC_MUSHROOM_ARCHETYPE","ascension_level":0}}