{"host":"ifvrsrzj00f2ebkn","time":1613474919,"event":{"mods":["BaseMod","Colored Map","Colored Powertips","Minty Spire (QoL Compilation)","Random Character Button","Shop Mod","StSLib"],"gold_per_floor":[113,113,113,125,425,425,439,199,199,232,264,290,165,198,198,295,295,312,8,8,41,55,85,114,114,140,165,200,233,258,287,287,385,385,403,455,505,538,551,551,136,162,187,219,246,78,112,145,145,145],"floor_reached":51,"language":"ENG","playtime":6356,"items_purged":["Regret","Dodge and Roll","Wraith Form v2","Seeing Red","Brutality"],"score":1814,"play_id":"17b64578-f72a-4ece-9257-6af2194e4a6e","local_time":"20210216192839","daily_mods":["SealedDeck","Red Cards","Green Cards","Blue Cards","Colorless Cards","Heirloom","Time Dilation","Flight","DeadlyEvents","Elite Swarm"],"is_ascension_mode":true,"campfire_choices":[{"data":"Bandage Up","floor":6,"key":"SMITH"},{"data":"Apotheosis","floor":15,"key":"SMITH"},{"data":"Hyperbeam","floor":25,"key":"SMITH"},{"floor":32,"key":"REST"},{"data":"1","floor":40,"key":"LIFT"},{"data":"2","floor":49,"key":"LIFT"}],"circlet_count":0,"master_deck":["Leg Sweep","BootSequence","BootSequence","Bandage Up+1","Shrug It Off","Cleave","Apotheosis+1","Hyperbeam+1","Glass Knife","Conserve Battery","Bandage Up","Noxious Fumes","Panache","Barricade","Hyperbeam","Leap","Flying Knee","Hyperbeam"],"relics":["Ring of the Snake","Du-Vu Doll","Old Coin","Meat on the Bone","Oddly Smooth Stone","Vajra","Orichalcum","Toy Ornithopter","SlaversCollar","The Courier","StoneCalendar","Gambling Chip","Snake Skull","Girya","Happy Flower","Gremlin Horn","Prayer Wheel","Smiling Mask","Fusion Hammer","Ice Cream","Bird Faced Urn","Darkstone Periapt","Bag of Marbles","HornCleat","Bronze Scales","Lantern","Dream Catcher","Regal Pillow","Frozen Eye","MealTicket","Pen Nib"],"acts_visited":["Exordium","TheCity","TheBeyond"],"potions_floor_usage":[16,16,16,21,22,29,33,36,36,50,50,50],"damage_taken":[{"damage":0,"enemies":"Cultist","floor":1,"turns":5},{"damage":0,"enemies":"2 Louse","floor":4,"turns":2},{"damage":10,"enemies":"Small Slimes","floor":7,"turns":5},{"damage":0,"enemies":"Lagavulin","floor":10,"turns":12},{"damage":8,"enemies":"Gremlin Nob","floor":11,"turns":9},{"damage":3,"enemies":"3 Sentries","floor":12,"turns":3},{"damage":14,"enemies":"Lagavulin","floor":14,"turns":5},{"damage":0,"enemies":"The Guardian","floor":16,"turns":9},{"damage":17,"enemies":"3 Byrds","floor":18,"turns":6},{"damage":17,"enemies":"Book of Stabbing","floor":21,"turns":6},{"damage":4,"enemies":"2 Thieves","floor":22,"turns":4},{"damage":0,"enemies":"Gremlin Leader","floor":23,"turns":4},{"damage":16,"enemies":"Book of Stabbing","floor":24,"turns":7},{"damage":11,"enemies":"Slavers","floor":27,"turns":4},{"damage":3,"enemies":"Book of Stabbing","floor":28,"turns":4},{"damage":12,"enemies":"Slavers","floor":29,"turns":3},{"damage":30,"enemies":"Book of Stabbing","floor":30,"turns":6},{"damage":0,"enemies":"Slavers","floor":31,"turns":2},{"damage":0,"enemies":"Collector","floor":33,"turns":7},{"damage":12,"enemies":"Orb Walker","floor":35,"turns":4},{"damage":47,"enemies":"2 Orb Walkers","floor":36,"turns":4},{"damage":0,"enemies":"Mind Bloom Boss Battle","floor":37,"turns":2},{"damage":3,"enemies":"Reptomancer","floor":38,"turns":4},{"damage":0,"enemies":"3 Shapes","floor":39,"turns":3},{"damage":0,"enemies":"Giant Head","floor":42,"turns":7},{"damage":3,"enemies":"Nemesis","floor":44,"turns":5},{"damage":1,"enemies":"Giant Head","floor":45,"turns":6},{"damage":0,"enemies":"Reptomancer","floor":47,"turns":1},{"damage":0,"enemies":"Nemesis","floor":48,"turns":5},{"damage":11,"enemies":"Donu and Deca","floor":50,"turns":6}],"seed_played":"2340064016323628738","potions_obtained":[{"floor":1,"key":"ColorlessPotion"},{"floor":11,"key":"Poison Potion"},{"floor":14,"key":"Strength Potion"},{"floor":16,"key":"AttackPotion"},{"floor":21,"key":"DuplicationPotion"},{"floor":27,"key":"Fire Potion"},{"floor":28,"key":"FearPotion"},{"floor":30,"key":"EssenceOfSteel"},{"floor":31,"key":"PowerPotion"},{"floor":37,"key":"PowerPotion"},{"floor":38,"key":"Block Potion"},{"floor":42,"key":"FearPotion"}],"is_trial":true,"path_per_floor":["M","?","?","M","?","R","M","$","T","E","E","E","$","E","R","B",null,"M","$","?","E","M","E","E","R","T","E","E","E","E","E","R","B",null,"M","?","?","E","M","R","$","E","T","E","E","$","E","E","R","B",null],"character_chosen":"THE_SILENT","items_purchased":["Apotheosis","Conserve Battery","Bandage Up","Noxious Fumes","Flying Knee","Bag of Marbles","HornCleat","Frozen Eye"],"campfire_rested":1,"item_purchase_floors":[8,13,19,19,41,41,41,46],"current_hp_per_floor":[67,60,60,64,64,64,60,60,60,66,62,65,65,56,56,70,70,53,53,53,51,62,70,58,58,58,59,66,61,41,47,68,70,70,62,46,58,67,70,70,70,70,70,70,70,70,70,70,70,70],"gold":145,"neow_bonus":"","is_daily":false,"chose_seed":false,"campfire_upgraded":3,"win_rate":0.0,"timestamp":1613474919,"path_taken":["M","?","?","?","?","R","?","$","T","E","E","E","$","E","R","BOSS","M","$","?","?","?","E","E","R","T","E","E","E","E","E","R","BOSS","M","?","?","?","?","R","$","E","T","E","E","$","E","?","R","BOSS"],"items_purchased_type":["Card","Card","Card","Card","Card","Relic","Relic","Relic"],"build_version":"2020-12-22","purchased_purges":5,"victory":true,"max_hp_per_floor":[70,70,70,70,70,70,70,70,70,70,70,70,70,70,70,70,70,70,70,70,70,70,70,70,70,70,70,70,70,70,70,70,70,70,70,70,70,70,70,70,70,70,70,70,70,70,70,70,70,70],"card_choices":[{"not_picked":["Uppercut","Heavy Blade"],"picked":"Seeing Red","floor":1},{"not_picked":["Dagger Throw","Glacier","Whirlwind"],"picked":"SKIP","floor":4},{"not_picked":["Blood for Blood","Armaments","Blizzard"],"picked":"SKIP","floor":7},{"not_picked":["HandOfGreed","Electrodynamics","Feed"],"picked":"SKIP","floor":10},{"not_picked":["HandOfGreed","Electrodynamics","Feed"],"picked":"SKIP","floor":10},{"not_picked":["Exhume","Adrenaline"],"picked":"Hyperbeam","floor":11},{"not_picked":["Fission","Feed"],"picked":"Glass Knife","floor":12},{"not_picked":["Reboot","Violence","Berserk"],"picked":"SKIP","floor":14},{"not_picked":["After Image","All For One"],"picked":"Wraith Form v2","floor":16},{"not_picked":["Clash","Good Instincts","Eviscerate+1"],"picked":"SKIP","floor":18},{"not_picked":["Venomology","HandOfGreed"],"picked":"Brutality","floor":21},{"not_picked":["Coolheaded","Acrobatics+1","Barrage"],"picked":"SKIP","floor":22},{"not_picked":["Biased Cognition","Fission","Amplify"],"picked":"SKIP","floor":23},{"not_picked":["Adrenaline","Bludgeon"],"picked":"Panache","floor":24},{"not_picked":["Meteor Strike","Magnetism","Grand Finale"],"picked":"SKIP","floor":27},{"not_picked":["Core Surge","Secret Weapon","Apotheosis"],"picked":"SKIP","floor":28},{"not_picked":["Burst","Juggernaut"],"picked":"Barricade","floor":29},{"not_picked":["A Thousand Cuts","Machine Learning","All For One"],"picked":"SKIP","floor":30},{"not_picked":["A Thousand Cuts","Juggernaut","Envenom"],"picked":"SKIP","floor":31},{"not_picked":["Electrodynamics","Rainbow"],"picked":"Hyperbeam","floor":33},{"not_picked":["Noxious Fumes","Capacitor","Beam Cell+1"],"picked":"SKIP","floor":35},{"not_picked":["Steam+1","Barrage","Enlightenment+1"],"picked":"SKIP","floor":35},{"not_picked":["Offering","Meteor Strike","Amplify"],"picked":"SKIP","floor":38},{"not_picked":["Poisoned Stab","Genetic Algorithm"],"picked":"Leap","floor":39},{"not_picked":["Seeing Red+1","Redo+1","Acrobatics+1"],"picked":"SKIP","floor":39},{"not_picked":["Secret Weapon","Grand Finale","Core Surge"],"picked":"SKIP","floor":42},{"not_picked":["Reboot","Feed","Master of Strategy"],"picked":"SKIP","floor":44},{"not_picked":["Secret Technique","Limit Break"],"picked":"Hyperbeam","floor":45},{"not_picked":["Reaper","Master of Strategy","Machine Learning"],"picked":"SKIP","floor":47},{"not_picked":["Double Tap","Bullet Time","A Thousand Cuts"],"picked":"SKIP","floor":48}],"player_experience":96678,"relics_obtained":[{"floor":9,"key":"Meat on the Bone"},{"floor":10,"key":"Oddly Smooth Stone"},{"floor":11,"key":"Vajra"},{"floor":12,"key":"Orichalcum"},{"floor":14,"key":"Toy Ornithopter"},{"floor":21,"key":"The Courier"},{"floor":23,"key":"StoneCalendar"},{"floor":24,"key":"Gambling Chip"},{"floor":26,"key":"Snake Skull"},{"floor":27,"key":"Girya"},{"floor":28,"key":"Happy Flower"},{"floor":29,"key":"Gremlin Horn"},{"floor":30,"key":"Prayer Wheel"},{"floor":31,"key":"Smiling Mask"},{"floor":36,"key":"Ice Cream"},{"floor":37,"key":"Bird Faced Urn"},{"floor":38,"key":"Darkstone Periapt"},{"floor":42,"key":"Bronze Scales"},{"floor":43,"key":"Lantern"},{"floor":44,"key":"Dream Catcher"},{"floor":45,"key":"Regal Pillow"},{"floor":47,"key":"MealTicket"},{"floor":48,"key":"Pen Nib"}],"event_choices":[{"cards_removed":["Cloak And Dagger"],"damage_healed":0,"gold_gain":0,"player_choice":"Card Removal","damage_taken":7,"max_hp_gain":0,"max_hp_loss":0,"event_name":"Golden Wing","floor":2,"gold_loss":0},{"cards_removed":["Deflect"],"damage_healed":0,"gold_gain":0,"player_choice":"Purged","damage_taken":0,"max_hp_gain":0,"max_hp_loss":0,"event_name":"Purifier","floor":3,"gold_loss":0},{"damage_healed":0,"gold_gain":0,"player_choice":"Box","damage_taken":0,"relics_obtained":["Old Coin"],"max_hp_gain":0,"max_hp_loss":0,"event_name":"Big Fish","floor":5,"gold_loss":0,"cards_obtained":["Regret"]},{"cards_removed":["Iron Wave"],"damage_healed":0,"gold_gain":0,"player_choice":"Purged","damage_taken":0,"max_hp_gain":0,"max_hp_loss":0,"event_name":"Purifier","floor":20,"gold_loss":0},{"damage_healed":0,"gold_gain":0,"player_choice":"Fight","damage_taken":0,"max_hp_gain":0,"max_hp_loss":0,"event_name":"Mysterious Sphere","floor":36,"gold_loss":0},{"damage_healed":0,"gold_gain":0,"player_choice":"Fight","damage_taken":0,"max_hp_gain":0,"max_hp_loss":0,"event_name":"MindBloom","floor":37,"gold_loss":0}],"is_beta":false,"boss_relics":[{"not_picked":["Ectoplasm","SacredBark"],"picked":"SlaversCollar"},{"not_picked":["Snecko Eye","Coffee Dripper"],"picked":"Fusion Hammer"}],"items_purged_floors":[8,13,19,41,46],"is_endless":false,"potions_floor_spawned":[1,11,14,16,21,27,28,30,31,37,38,42,45,48],"ascension_level":9}}