{"host":"tr0r177cvmpvg89h","time":1613473364,"event":{"mods":["BaseMod","Colored Map","DeckTracker","Minty Spire (QoL Compilation)","StSLib","SuperFastMode"],"gold_per_floor":[115,65,65,83,258,258,287,2,84,84,101,120,120,120,120,222,222,237,237,237,254,27,27,40,51,51,64,76,88,103,115,115,115,115],"floor_reached":33,"language":"KOR","playtime":2661,"items_purged":["Defend_R"],"score":301,"play_id":"cc3086b5-f704-48d8-8c88-fffe61790987","local_time":"20210216200244","is_ascension_mode":false,"campfire_choices":[{"data":"Trip","floor":6,"key":"SMITH"},{"data":"Headbutt","floor":10,"key":"SMITH"},{"data":"True Grit","floor":15,"key":"SMITH"},{"data":"Infernal Blade","floor":23,"key":"SMITH"},{"data":"Double Tap","floor":32,"key":"SMITH"}],"circlet_count":0,"master_deck":["Strike_R+1","Strike_R","Strike_R+1","Defend_R+1","Defend_R","Defend_R+1","Bash","Trip+1","Headbutt+1","Battle Trance","Doubt","True Grit+1","Infernal Blade+1","Feed","CurseOfTheBell","Fire Breathing","Ghostly Armor+1","Anger","Infernal Blade+1","Flex","Dropkick","Whirlwind+1","Double Tap+1"],"relics":["Burning Blood","Mercury Hourglass","Pocketwatch","Mango","Meat on the Bone","Whetstone","Calling Bell","War Paint","Eternal Feather","Magic Flower","Centennial Puzzle","Thread and Needle"],"acts_visited":["Exordium","TheCity"],"potions_floor_usage":[16,16,24,29,29,33],"damage_taken":[{"damage":2,"enemies":"2 Louse","floor":1,"turns":3},{"damage":1,"enemies":"Jaw Worm","floor":4,"turns":3},{"damage":49,"enemies":"Lagavulin","floor":7,"turns":8},{"damage":0,"enemies":"Cultist","floor":11,"turns":2},{"damage":8,"enemies":"2 Fungi Beasts","floor":12,"turns":3},{"damage":42,"enemies":"Hexaghost","floor":16,"turns":8},{"damage":20,"enemies":"2 Thieves","floor":18,"turns":3},{"damage":18,"enemies":"Spheric Guardian","floor":21,"turns":5},{"damage":34,"enemies":"Snecko","floor":24,"turns":5},{"damage":18,"enemies":"Snake Plant","floor":25,"turns":5},{"damage":13,"enemies":"Sentry and Sphere","floor":27,"turns":4},{"damage":2,"enemies":"Shelled Parasite and Fungi","floor":28,"turns":3},{"damage":8,"enemies":"3 Cultists","floor":29,"turns":4},{"damage":18,"enemies":"Snake Plant","floor":30,"turns":4},{"damage":4,"enemies":"Snecko","floor":31,"turns":3},{"damage":94,"enemies":"Champ","floor":33,"turns":11}],"seed_played":"2675767049773475232","potions_obtained":[{"floor":7,"key":"ColorlessPotion"},{"floor":11,"key":"FearPotion"},{"floor":12,"key":"Block Potion"},{"floor":18,"key":"LiquidBronze"},{"floor":21,"key":"EntropicBrew"},{"floor":27,"key":"EntropicBrew"}],"is_trial":false,"path_per_floor":["M","?","T","M","?","R","E","$","T","R","M","M","T","?","R","B",null,"M","?","?","M","$","R","M","M","T","M","M","M","M","M","R","B"],"character_chosen":"IRONCLAD","items_purchased":["Mango","Centennial Puzzle"],"campfire_rested":0,"item_purchase_floors":[8,22],"current_hp_per_floor":[80,80,80,80,80,80,37,51,51,51,57,55,55,60,60,36,99,91,91,91,82,82,91,71,67,67,68,75,81,72,77,89,0,0],"gold":115,"neow_bonus":"RANDOM_COLORLESS","is_daily":false,"chose_seed":false,"campfire_upgraded":5,"win_rate":0.0,"timestamp":1613473364,"path_taken":["M","?","?","?","?","R","E","?","T","R","M","M","?","?","R","BOSS","M","?","?","M","$","R","M","M","T","M","M","M","?","M","R","BOSS"],"items_purchased_type":["Relic","Relic"],"build_version":"2020-12-22","purchased_purges":1,"victory":false,"max_hp_per_floor":[80,80,80,80,80,80,80,94,94,94,94,94,94,99,99,99,99,102,102,102,102,102,102,105,108,108,111,111,114,114,114,114,114,114],"card_choices":[{"not_picked":["Impatience","Panacea"],"picked":"Trip","floor":0},{"not_picked":["Thunderclap","Shrug It Off"],"picked":"Headbutt","floor":1},{"not_picked":["Flex","Wild Strike"],"picked":"Battle Trance","floor":4},{"not_picked":["Armaments","Havoc","Shrug It Off"],"picked":"SKIP","floor":7},{"not_picked":["Flex","Perfected Strike"],"picked":"True Grit","floor":11},{"not_picked":["Reckless Charge","Havoc"],"picked":"Infernal Blade","floor":12},{"not_picked":["Offering","Reaper"],"picked":"Feed","floor":16},{"not_picked":["Havoc","Heavy Blade"],"picked":"Fire Breathing","floor":18},{"not_picked":["Feel No Pain","Cleave","Wild Strike"],"picked":"SKIP","floor":21},{"not_picked":["Blood for Blood+1","Battle Trance"],"picked":"Ghostly Armor+1","floor":24},{"not_picked":["Heavy Blade","Feed"],"picked":"Anger","floor":25},{"not_picked":["Pummel+1","Iron Wave+1"],"picked":"Infernal Blade+1","floor":27},{"not_picked":["Havoc","Pommel Strike+1"],"picked":"Flex","floor":28},{"not_picked":["Metallicize","Clash"],"picked":"Dropkick","floor":29},{"not_picked":["Carnage","Havoc"],"picked":"Whirlwind+1","floor":30},{"not_picked":["Warcry","Flex"],"picked":"Double Tap","floor":31}],"player_experience":54486,"relics_obtained":[{"floor":3,"key":"Mercury Hourglass"},{"floor":7,"key":"Pocketwatch"},{"floor":9,"key":"Meat on the Bone"},{"floor":13,"key":"Whetstone"},{"floor":17,"key":"War Paint"},{"floor":17,"key":"Eternal Feather"},{"floor":17,"key":"Magic Flower"},{"floor":26,"key":"Thread and Needle"}],"event_choices":[{"cards_removed":["Strike_R"],"damage_healed":0,"gold_gain":0,"player_choice":"Card Removal","damage_taken":0,"max_hp_gain":0,"max_hp_loss":0,"event_name":"The Cleric","floor":2,"gold_loss":50},{"damage_healed":0,"gold_gain":175,"player_choice":"AGREE","damage_taken":0,"max_hp_gain":0,"max_hp_loss":0,"event_name":"Liars Game","floor":5,"gold_loss":0,"cards_obtained":["Doubt"]},{"damage_healed":0,"gold_gain":0,"player_choice":"Donut","damage_taken":0,"max_hp_gain":5,"max_hp_loss":0,"event_name":"Big Fish","floor":14,"gold_loss":0},{"damage_healed":0,"gold_gain":0,"player_choice":"Ignored","damage_taken":0,"max_hp_gain":0,"max_hp_loss":0,"event_name":"Ghosts","floor":19,"gold_loss":0},{"cards_removed":["Strike_R"],"damage_healed":0,"gold_gain":0,"player_choice":"Offered Basic","damage_taken":0,"max_hp_gain":0,"max_hp_loss":0,"event_name":"Bonfire Elementals","floor":20,"gold_loss":0}],"is_beta":false,"boss_relics":[{"not_picked":["Astrolabe","Sozu"],"picked":"Calling Bell"}],"items_purged_floors":[22],"is_endless":false,"potions_floor_spawned":[7,11,12,18,21,27,28],"killed_by":"Champ","ascension_level":0}}