{"host":"mvk4cyf8p31hksyn","time":1613473530,"event":{"mods":["BaseMod","Block Reminder","Colored Map","Highlight Path","Minty Spire (QoL Compilation)","Relic Sorter"],"gold_per_floor":[113,124,124,137,34,34,69,69,115,136,180,180,105,55,55,184,184,199,21,21,37,56,56,100,124,124,139,174,193,68,99,99,223,223,242,242,182,207,227,227,258,281,329,279,80,80,80,113,113,113,113,113,43,83,83],"floor_reached":56,"language":"ENG","playtime":2552,"items_purged":["Strike_G","Strike_G","Strike_G","Defend_G","Acrobatics"],"score":1374,"play_id":"886481d5-4762-44f0-893b-2f6cf9c972ba","local_time":"20210216120530","is_ascension_mode":true,"campfire_choices":[{"data":"Dagger Spray","floor":6,"key":"SMITH"},{"data":"Predator","floor":8,"key":"SMITH"},{"data":"Neutralize","floor":12,"key":"SMITH"},{"data":"Leg Sweep","floor":15,"key":"SMITH"},{"data":"Catalyst","floor":23,"key":"SMITH"},{"data":"Bouncing Flask","floor":32,"key":"SMITH"},{"floor":40,"key":"RECALL"},{"data":"Noxious Fumes","floor":47,"key":"SMITH"},{"floor":49,"key":"REST"},{"data":"Cloak And Dagger","floor":52,"key":"SMITH"}],"circlet_count":0,"master_deck":["Defend_G","Survivor","Neutralize+1","Predator+1","Dagger Spray+1","After Image","Leg Sweep+1","Corpse Explosion","Deadly Poison+1","Catalyst+1","Cloak And Dagger+1","Bouncing Flask+1","Blade Dance","Dodge and Roll+1","Well Laid Plans","After Image","Deadly Poison+1","Noxious Fumes+1","PiercingWail+1","Footwork","Adrenaline+1"],"relics":["Sozu","Golden Idol","Omamori","Matryoshka","Juzu Bracelet","MealTicket","Bird Faced Urn","Empty Cage","Centennial Puzzle","Strawberry","Paper Crane","Toy Ornithopter","Smiling Mask","Black Star","Art of War","InkBottle","Bag of Preparation","Toxic Egg 2","Potion Belt","Ginger","Ornamental Fan"],"acts_visited":["Exordium","TheCity","TheBeyond","TheEnding"],"potions_floor_usage":[],"damage_taken":[{"damage":0,"enemies":"Jaw Worm","floor":1,"turns":5},{"damage":1,"enemies":"Cultist","floor":2,"turns":5},{"damage":0,"enemies":"Small Slimes","floor":4,"turns":3},{"damage":13,"enemies":"3 Sentries","floor":7,"turns":8},{"damage":2,"enemies":"Red Slaver","floor":10,"turns":4},{"damage":17,"enemies":"Gremlin Nob","floor":11,"turns":4},{"damage":0,"enemies":"The Guardian","floor":16,"turns":13},{"damage":5,"enemies":"3 Byrds","floor":18,"turns":3},{"damage":1,"enemies":"Shell Parasite","floor":21,"turns":4},{"damage":10,"enemies":"Shelled Parasite and Fungi","floor":22,"turns":4},{"damage":10,"enemies":"Gremlin Leader","floor":24,"turns":5},{"damage":17,"enemies":"Sentry and Sphere","floor":25,"turns":5},{"damage":17,"enemies":"Chosen and Byrds","floor":27,"turns":5},{"damage":8,"enemies":"Slavers","floor":28,"turns":3},{"damage":6,"enemies":"Snake Plant","floor":29,"turns":3},{"damage":1,"enemies":"Book of Stabbing","floor":31,"turns":5},{"damage":2,"enemies":"Champ","floor":33,"turns":9},{"damage":0,"enemies":"Orb Walker","floor":35,"turns":5},{"damage":4,"enemies":"3 Darklings","floor":38,"turns":3},{"damage":7,"enemies":"Maw","floor":39,"turns":5},{"damage":22,"enemies":"Nemesis","floor":41,"turns":9},{"damage":11,"enemies":"4 Shapes","floor":42,"turns":5},{"damage":28,"enemies":"Reptomancer","floor":48,"turns":5},{"damage":16,"enemies":"Donu and Deca","floor":50,"turns":8},{"damage":9,"enemies":"Shield and Spear","floor":54,"turns":6},{"damage":44,"enemies":"The Heart","floor":55,"turns":9}],"seed_played":"5865277100246226428","potions_obtained":[],"is_trial":false,"path_per_floor":["M","M","?","M","?","R","E","R","T","M","E","R","$","?","R","B",null,"M","$","?","M","M","R","E","M","T","M","E","M","$","E","R","B",null,"M","?","?","M","M","R","E","M","T","$","$","?","R","E","R","B",null,"R","$","E","B",null],"character_chosen":"THE_SILENT","items_purchased":["Catalyst","Bag of Preparation","Footwork"],"campfire_rested":1,"item_purchase_floors":[19,45,53],"current_hp_per_floor":[70,69,52,52,52,52,39,39,39,37,20,20,35,35,35,37,70,65,70,70,69,60,60,52,37,44,29,23,19,34,37,37,39,77,77,77,77,73,70,70,54,49,49,64,77,77,77,53,76,67,77,77,77,74,34],"gold":83,"neow_bonus":"BOSS_RELIC","is_daily":false,"chose_seed":false,"campfire_upgraded":8,"win_rate":0.0,"timestamp":1613473530,"path_taken":["M","M","?","M","?","R","E","R","T","M","E","R","$","?","R","BOSS","M","$","?","M","M","R","E","M","T","M","E","M","$","E","R","BOSS","M","?","?","M","M","R","E","M","T","?","$","?","R","E","R","BOSS","R","$","E","BOSS"],"items_purchased_type":["Card","Relic","Card"],"build_version":"2020-12-22","purchased_purges":5,"victory":true,"max_hp_per_floor":[70,70,70,70,70,70,70,70,70,70,70,70,70,70,70,70,70,70,70,70,70,70,70,70,70,77,77,77,77,77,77,77,77,77,77,77,77,77,77,77,77,77,77,77,77,77,77,77,77,77,77,77,77,77,77],"card_choices":[{"not_picked":["Bane","Tactician"],"picked":"Acrobatics","floor":1},{"not_picked":["Poisoned Stab","Deflect"],"picked":"Predator","floor":2},{"not_picked":["Cloak And Dagger","Backflip"],"picked":"Dagger Spray","floor":4},{"not_picked":["Slice","Storm of Steel"],"picked":"After Image","floor":7},{"not_picked":["Poisoned Stab","Dagger Throw"],"picked":"Leg Sweep","floor":10},{"not_picked":["Calculated Gamble","Bane","Skewer"],"picked":"SKIP","floor":11},{"not_picked":["Bullet Time","Burst"],"picked":"Corpse Explosion","floor":16},{"not_picked":["Deflect","Slice+1"],"picked":"Deadly Poison+1","floor":18},{"not_picked":["Dagger Throw+1","Slice","PiercingWail"],"picked":"SKIP","floor":21},{"not_picked":["Leg Sweep","Blade Dance"],"picked":"Cloak And Dagger","floor":22},{"not_picked":["Masterful Stab+1","Flying Knee"],"picked":"Bouncing Flask","floor":24},{"not_picked":["Bullet Time","Accuracy"],"picked":"Blade Dance","floor":25},{"not_picked":["Cloak And Dagger","Choke"],"picked":"Dodge and Roll+1","floor":27},{"not_picked":["Finisher","Blade Dance"],"picked":"Well Laid Plans","floor":28},{"not_picked":["Slice","Acrobatics","Flechettes"],"picked":"SKIP","floor":29},{"not_picked":["Deflect","Calculated Gamble","Prepared"],"picked":"SKIP","floor":31},{"not_picked":["Storm of Steel","Phantasmal Killer"],"picked":"After Image","floor":33},{"not_picked":["Bane+1","Deflect"],"picked":"Deadly Poison+1","floor":35},{"not_picked":["Bouncing Flask","Riddle With Holes","Leg Sweep+1"],"picked":"SKIP","floor":38},{"not_picked":["Poisoned Stab+1","Underhanded Strike","Deadly Poison+1"],"picked":"SKIP","floor":39},{"not_picked":["Dodge and Roll+1","Caltrops+1","Masterful Stab+1"],"picked":"SKIP","floor":41},{"not_picked":["Flying Knee+1","Eviscerate+1"],"picked":"Sucker Punch+1","floor":42},{"not_picked":["Heel Hook","Well Laid Plans+1"],"picked":"PiercingWail+1","floor":48},{"not_picked":["Deadly Poison+1","PiercingWail+1"],"picked":"Adrenaline+1","floor":54}],"player_experience":858216,"relics_obtained":[{"floor":7,"key":"Matryoshka"},{"floor":9,"key":"Juzu Bracelet"},{"floor":9,"key":"MealTicket"},{"floor":11,"key":"Bird Faced Urn"},{"floor":24,"key":"Centennial Puzzle"},{"floor":26,"key":"Strawberry"},{"floor":26,"key":"Paper Crane"},{"floor":28,"key":"Toy Ornithopter"},{"floor":31,"key":"Smiling Mask"},{"floor":41,"key":"Art of War"},{"floor":41,"key":"InkBottle"},{"floor":48,"key":"Toxic Egg 2"},{"floor":48,"key":"Potion Belt"},{"floor":54,"key":"Ginger"},{"floor":54,"key":"Ornamental Fan"}],"event_choices":[{"damage_healed":0,"gold_gain":0,"player_choice":"Take Damage","damage_taken":17,"relics_obtained":["Golden Idol"],"max_hp_gain":0,"max_hp_loss":0,"event_name":"Golden Idol","floor":3,"gold_loss":0},{"damage_healed":0,"gold_gain":0,"player_choice":"Paid Gold","damage_taken":0,"relics_obtained":["Omamori"],"max_hp_gain":0,"max_hp_loss":0,"event_name":"WeMeetAgain","floor":5,"gold_loss":103},{"cards_removed":["Defend_G"],"damage_healed":0,"gold_gain":0,"player_choice":"Card Removal","damage_taken":0,"max_hp_gain":0,"max_hp_loss":0,"event_name":"The Cleric","floor":14,"gold_loss":50},{"cards_removed":["Defend_G"],"damage_healed":0,"gold_gain":0,"player_choice":"Elegance","damage_taken":0,"max_hp_gain":0,"max_hp_loss":0,"event_name":"Back to Basics","floor":20,"gold_loss":0},{"damage_healed":0,"gold_gain":0,"player_choice":"Bought 0 Potions","damage_taken":0,"max_hp_gain":0,"max_hp_loss":0,"event_name":"The Woman in Blue","floor":36,"gold_loss":0},{"cards_removed":["Strike_G"],"damage_healed":0,"gold_gain":0,"player_choice":"Single Remove","damage_taken":0,"max_hp_gain":0,"max_hp_loss":0,"event_name":"Designer","floor":37,"gold_loss":60},{"cards_removed":["Sucker Punch"],"damage_healed":0,"gold_gain":0,"player_choice":"Took Card","damage_taken":0,"max_hp_gain":0,"max_hp_loss":0,"event_name":"NoteForYourself","floor":46,"gold_loss":0,"cards_obtained":["Noxious Fumes"]}],"is_beta":false,"boss_relics":[{"not_picked":["Fusion Hammer","Tiny House"],"picked":"Empty Cage"},{"not_picked":["Pandora\u0027s Box","HoveringKite"],"picked":"Black Star"}],"items_purged_floors":[13,19,30,44,45],"is_endless":false,"potions_floor_spawned":[2,7,11,22,27,28,29,33,38,39,48],"ascension_level":1}}