{"host":"96dqtlax74dz00hw","time":1613505277,"event":{"mods":["Bard","BaseMod","Better Altar","ChefMod","Colored Powertips","Downfall","Hermit","Minty Spire (QoL Compilation)","Permanent Neow","Rare Cards Sparkle","StSLib","The Cursed","The Disciple","The Edgeheg","The IronCluck","The Problem Sleuth"],"gold_per_floor":[99,110,110,20,30,30,80,98,98,112,9,19,19,46,60,60,60,60],"floor_reached":16,"language":"ENG","playtime":941,"items_purged":["Pain"],"score":102,"play_id":"aa05ab58-bd7a-4d99-8d9f-90d5250286d6","local_time":"20210216115437","is_ascension_mode":false,"campfire_choices":[{"floor":1,"key":"RECALL"},{"data":"champ:Taunt","floor":6,"key":"SMITH"},{"data":"Finesse","floor":9,"key":"SMITH"},{"data":"champ:HeavySlash","floor":13,"key":"SMITH"}],"circlet_count":0,"master_deck":["champ:Strike","champ:Strike","champ:Strike","champ:Strike","champ:Defend","champ:Defend","champ:Defend","champ:Defend","champ:Execute","champ:Taunt+1","Finesse","champ:CrownThrow","Finesse+1","champ:CrownThrow","champ:DefensiveShout","champ:FanOfKnives","champ:HeavySlash+1","champ:Duel","champ:StanceDance","champ:Duel","champ:FlashCut","champ:FancyFootwork","champ:PreciseThrust"],"relics":["champ:ChampionCrown","Guardian:PocketSentry","Pen Nib"],"acts_visited":["Exordium"],"potions_floor_usage":[14,16],"damage_taken":[{"damage":25,"enemies":"Small Slimes","floor":2,"turns":5},{"damage":28,"enemies":"downfall:FleeingMerchant","floor":4,"turns":4},{"damage":0,"enemies":"Cultist","floor":5,"turns":3},{"damage":0,"enemies":"2 Louse","floor":8,"turns":2},{"damage":17,"enemies":"Red Slaver","floor":10,"turns":3},{"damage":18,"enemies":"downfall:FleeingMerchant","floor":11,"turns":4},{"damage":10,"enemies":"downfall:LooterAlt","floor":12,"turns":2},{"damage":16,"enemies":"3 Sentries","floor":14,"turns":6},{"damage":0,"enemies":"3 Louse","floor":15,"turns":1},{"damage":52,"enemies":"WA_ARCHETYPE_RETAIN","floor":16,"turns":7}],"seed_played":"641886781347199030","potions_obtained":[{"floor":12,"key":"Dexterity Potion"},{"floor":15,"key":"sneckomod:MuddlingPotion"}],"is_trial":false,"path_per_floor":["R","M","?","$","M","R","T","M","R","M","$","M","R","E","M","B"],"character_chosen":"THE_CHAMP","items_purchased":["champ:StanceDance","champ:Duel"],"campfire_rested":0,"item_purchase_floors":[11,11],"current_hp_per_floor":[90,85,85,77,77,77,77,77,77,75,67,57,57,51,51,0,0,0],"gold":60,"neow_bonus":"RANDOM_COLORLESS","is_daily":false,"chose_seed":false,"campfire_upgraded":3,"win_rate":0.0,"timestamp":1613505277,"path_taken":["R","M","?","$","M","R","T","M","R","M","$","?","R","E","M","BOSS"],"items_purchased_type":["Card","Card"],"build_version":"2020-12-22","purchased_purges":1,"victory":false,"max_hp_per_floor":[90,90,90,90,90,90,90,90,90,90,90,90,90,90,90,90,90,90],"card_choices":[{"not_picked":["Dark Shackles","Good Instincts"],"picked":"Finesse","floor":0},{"not_picked":["champ:GladiatorStyle","champ:AdrenalArmor"],"picked":"champ:CrownThrow","floor":2},{"not_picked":["champ:PreciseThrust","champ:Shatter"],"picked":"champ:DefensiveShout","floor":4},{"not_picked":["champ:BerserkersShout","champ:Shatter"],"picked":"champ:FanOfKnives","floor":5},{"not_picked":["champ:Backstep","champ:PreemptiveStrike","champ:TornadoPunch"],"picked":"SKIP","floor":8},{"not_picked":["champ:EnGarde","champ:Backstep"],"picked":"champ:HeavySlash","floor":10},{"not_picked":["champ:Shatter","champ:FancyFootwork"],"picked":"champ:Duel","floor":11},{"not_picked":["champ:EnragedBash","champ:BladeFlurry"],"picked":"champ:FlashCut","floor":12},{"not_picked":["champ:BerserkersShout","champ:HeartStrike"],"picked":"champ:FancyFootwork","floor":14},{"not_picked":["champ:FanOfKnives","champ:BladeFlurry"],"picked":"champ:PreciseThrust","floor":15}],"player_experience":925102,"relics_obtained":[{"floor":7,"key":"Guardian:PocketSentry"},{"floor":14,"key":"Pen Nib"}],"event_choices":[],"is_beta":false,"boss_relics":[],"items_purged_floors":[4],"is_endless":false,"potions_floor_spawned":[12,15],"killed_by":"WA_ARCHETYPE_RETAIN","ascension_level":0}}