{"host":"psh83vqabmtchp5z","time":1613444752,"event":{"mods":["AchievementEnabler","Aspiration","BaseMod","Better Altar","Better Match","Better Skull","Better Third Choice","Better Vampires","BetterRewards","Challenge The Spire","Conspire","Downfall","Gold Saver","Lobotomy","LobotomyExtend","Minty Spire (QoL Compilation)","Quick Restart","Relic Filter","Replay The Spire","Shop Mod","Spicy Shops","StSLib","óô»ðÖ¸ÄÏ"],"gold_per_floor":[1006,1025,1040,80,30,65,80,180,203,203,214,226,226,236,236,338,338,338,79,79,79,79,79],"floor_reached":22,"language":"ZHS","playtime":3028,"items_purged":["Decay"],"score":234,"play_id":"7d4c5f48-8b5e-469e-aca4-c79d6f9bb93e","local_time":"20210216110551","is_ascension_mode":false,"campfire_choices":[{"floor":10.0,"key":"REST"}],"circlet_count":0,"master_deck":["Apo_Pray","Apo_SoulSlash","Apo_Charge","Apo_Charge","Apo_Charge","Apo_Charge","Apo_Beam","Apo_Beam","Apo_Beam","Apo_Execute","Apo_Slash","Apo_Slash","Apo_SoulSlash","Apotheosis","ReplayTheSpireMod:IOU"],"relics":["CogitoBucket","aspiration:Nostalgia","m_GuardianBlood","LetterFromLob","Gremlin Food","Chemical X","conspire:TreasureMap","Replay:Baseball","aspiration:Lifesprig","Blue Doll","TreeSap","Ring of Chaos","ApostleMask","Lantern","ReplayTheSpireMod:CursedCoin","Gambling Chip","Frozen Egg 2"],"acts_visited":["Exordium","TheCity"],"potions_floor_usage":[],"damage_taken":[{"damage":12.0,"enemies":"Small Slimes","floor":1.0,"turns":4.0},{"damage":14.0,"enemies":"Jaw Worm","floor":2.0,"turns":4.0},{"damage":9.0,"enemies":"Cultist","floor":3.0,"turns":4.0},{"damage":29.0,"enemies":"Lagavulin","floor":6.0,"turns":6.0},{"damage":11.0,"enemies":"Blue Slaver","floor":7.0,"turns":4.0},{"damage":38.0,"enemies":"Exordium Wildlife","floor":11.0,"turns":6.0},{"damage":24.0,"enemies":"Exordium Thugs","floor":12.0,"turns":4.0},{"damage":13.0,"enemies":"Looter","floor":14.0,"turns":3.0},{"damage":21.0,"enemies":"Fading Forest","floor":16.0,"turns":11.0},{"damage":77,"enemies":"Spheric Guardian","floor":22,"turns":4}],"seed_played":"-2873915713981530417","potions_obtained":[{"floor":1.0,"key":"FairyPotion"},{"floor":3.0,"key":"PowerPotion"},{"floor":7.0,"key":"SmokeBomb"}],"is_trial":false,"path_per_floor":["M","M","M","$","?","E","M","?","T","R","M","M","R","M","R","B",null,"M","$","?","T","M"],"character_chosen":"Angela","items_purchased":["Gremlin Food","Chemical X","conspire:TreasureMap","Inflame","Spot Weakness","Thunderclap","Replay:Baseball","Apotheosis","Lantern","ReplayTheSpireMod:CursedCoin","Gambling Chip"],"campfire_rested":1,"item_purchase_floors":[4,4,4,4,4,4,4,19,19,19,19],"current_hp_per_floor":[64,58,56,56,56,36,32,32,32,53,26,23,23,36,36,70,70,70,70,70,70,0,0],"gold":79,"neow_bonus":"NOSTALGIA","is_daily":false,"chose_seed":false,"campfire_upgraded":0,"win_rate":0.0,"timestamp":1613444751,"path_taken":["M","M","M","$","?","E","M","?","T","R","?","M","R","M","R","BOSS","M","$","?","?","?"],"items_purchased_type":["Relic","Relic","Relic","Card","Card","Card","Relic","Card","Card","Relic","Relic"],"build_version":"2020-12-22","purchased_purges":1,"victory":false,"max_hp_per_floor":[70,70,70,70,70,70,70,70,70,70,70,70,70,70,70,70,70,70,70,70,70,70,70],"card_choices":[{"not_picked":["Amita"],"picked":"Wingbeat","floor":1.0},{"not_picked":["PunishingBird","Wellcheers"],"picked":"Bloodbath","floor":1.0},{"not_picked":["Entrench"],"picked":"Regret_ego","floor":1.0},{"not_picked":["Heavy Blade"],"picked":"Wingbeat","floor":2.0},{"not_picked":["Rudolta","PunishingBird"],"picked":"PlagueDoctor","floor":2.0},{"not_picked":["Lantern"],"picked":"CherryBlossom","floor":2.0},{"not_picked":["TodaysExpression"],"picked":"CherryBlossom","floor":3.0},{"not_picked":["WallGazer","OldLady"],"picked":"VoidDream","floor":3.0},{"not_picked":["Discord"],"picked":"Spore","floor":3.0},{"not_picked":["CherryBlossom"],"picked":"Spot Weakness","floor":6.0},{"not_picked":["WallGazer","UniverseFragment"],"picked":"FairyFestival","floor":6.0},{"not_picked":["Heavy Blade","GrinderMk4"],"picked":"SKIP","floor":6.0},{"not_picked":["Variant","MHz"],"picked":"UniverseFragment","floor":7.0},{"not_picked":["Loneliness","Gaze"],"picked":"SKIP","floor":7.0},{"not_picked":["WristCuter","SwordSharpenedByTears"],"picked":"SKIP","floor":7.0},{"not_picked":["QueenBee","MHz"],"picked":"DreamingCurrent","floor":11.0},{"not_picked":["SomewhereSpear"],"picked":"Heaven","floor":11.0},{"not_picked":["BeautyBeast","PunishingBird"],"picked":"CherryBlossoms","floor":12.0},{"not_picked":["Soda"],"picked":"Guardian:WeakpointTargeting","floor":12.0},{"not_picked":["OSAHOGD","MHz"],"picked":"MeatLantern","floor":14.0},{"not_picked":["ReplayTheSpireMod:Muscle Training"],"picked":"Guardian:FloatingOrbs","floor":14.0},{"not_picked":["Mimicry"],"picked":"ParadiseLost","floor":16.0},{"not_picked":["Scorched","CrumblingArmor"],"picked":"LittleHelper","floor":16.0},{"not_picked":["Adoration"],"picked":"Limit Break","floor":16.0}],"player_experience":780426,"relics_obtained":[{"floor":1.0,"key":"LetterFromLob"},{"floor":6.0,"key":"aspiration:Lifesprig"},{"floor":9.0,"key":"Blue Doll"},{"floor":21.0,"key":"Frozen Egg 2"}],"event_choices":[{"cards_removed":["SpecialBullet"],"damage_healed":0.0,"max_hp_gain":0.0,"max_hp_loss":0.0,"gold_gain":0.0,"event_name":"The Cleric","player_choice":"Card Removal","floor":5.0,"gold_loss":50.0,"damage_taken":0.0},{"damage_healed":0.0,"max_hp_gain":0.0,"max_hp_loss":0.0,"gold_gain":100.0,"event_name":"Golden Shrine","player_choice":"Pray","floor":8.0,"gold_loss":0.0,"damage_taken":0.0},{"damage_healed":0.0,"max_hp_gain":0.0,"max_hp_loss":0.0,"gold_gain":0.0,"event_name":"Vampires","player_choice":"Became a vampire","floor":20.0,"gold_loss":0.0,"damage_taken":0.0,"cards_obtained":[]}],"is_beta":false,"boss_relics":[{"not_picked":["Snecko Eye","Ectoplasm"],"picked":"Ring of Chaos"}],"items_purged_floors":[4],"is_endless":false,"potions_floor_spawned":[1,3,7,12],"killed_by":"Spheric Guardian","ascension_level":0}}