{"host":"sc0o2qwpf9j16a4i","time":1613472745,"event":{"mods":["AchievementEnabler","BaseMod","BetterRewards","Block Reminder","Colored Map","Colored Powertips","Custom Start","Highlight Path","Minty Spire (QoL Compilation)","Relic Stats"],"gold_per_floor":[116,127,127,127,6,46,46,81,107,107,140,140,140,165,165,295,295,319,42,42,42,42,95,140,178,204,238,252,252,270,4,4,132,132,152,190,190,208,208,542,170,209,233,294,317,22,38,69,69,69],"floor_reached":51,"language":"ENG","playtime":2312,"items_purged":[],"score":1121,"play_id":"4b8c72dd-79e0-467e-b534-3c9ced2332d2","local_time":"20210216125225","daily_mods":["Allstar","Colorless Cards","Binary"],"is_ascension_mode":false,"campfire_choices":[{"data":"Clothesline","floor":7.0,"key":"SMITH"},{"data":"Disarm","floor":10.0,"key":"SMITH"},{"floor":15.0,"key":"REST"},{"data":"Pommel Strike","floor":29.0,"key":"SMITH"},{"data":"Feed","floor":32.0,"key":"SMITH"},{"data":"Feel No Pain","floor":49,"key":"SMITH"}],"circlet_count":0,"master_deck":["Strike_R+1","Strike_R+1","Strike_R+1","Defend_R+1","Defend_R+1","Defend_R+1","Defend_R+1","Bash","Purity+1","Purity","Mind Blast+1","Madness+1","Panache","Disarm+1","Sword Boomerang","Injury","Spot Weakness+1","Clothesline+1","Pommel Strike+1","Spot Weakness+1","Battle Trance+1","Sword Boomerang","HandOfGreed+1","Feel No Pain","Evolve","Dual Wield+1","Rupture","Transmutation+1","Ghostly+1","Ghostly+1","Ghostly+1","Ghostly+1","Ghostly+1","Anger","Pommel Strike+1","Battle Trance+1","Havoc+1","Wild Strike","Madness+1","Feed+1","Impervious+1","Shrug It Off+1","Apotheosis+1","Pommel Strike+1","Pummel+1","Madness+1","Madness+1","Flash of Steel+1","Havoc+1","Purity+1","Pummel+1","Jack Of All Trades+1","Pummel","Feel No Pain+1","True Grit+1","Dual Wield+1","Dramatic Entrance","Headbutt"],"relics":["Burning Blood","Golden Idol","Bronze Scales","Toxic Egg 2","Oddly Smooth Stone","Nunchaku","Mark of Pain","OrangePellets","Lizard Tail","Vajra","Smiling Mask","Black Star","Old Coin","Anchor","Membership Card","Dead Branch","FossilizedHelix","Lantern","Whetstone","Ice Cream","War Paint","Chemical X","Akabeko","Toy Ornithopter","Eternal Feather"],"acts_visited":["Exordium","TheCity","TheBeyond"],"potions_floor_usage":[42,42,50,50],"damage_taken":[{"damage":20.0,"enemies":"Jaw Worm","floor":1.0,"turns":6.0},{"damage":3.0,"enemies":"Small Slimes","floor":2.0,"turns":4.0},{"damage":14.0,"enemies":"Lagavulin","floor":6.0,"turns":7.0},{"damage":34.0,"enemies":"3 Sentries","floor":8.0,"turns":7.0},{"damage":11.0,"enemies":"Lagavulin","floor":11.0,"turns":6.0},{"damage":0.0,"enemies":"2 Louse","floor":14.0,"turns":1.0},{"damage":0.0,"enemies":"The Guardian","floor":16.0,"turns":12.0},{"damage":15.0,"enemies":"Shell Parasite","floor":18.0,"turns":2.0},{"damage":19.0,"enemies":"Slavers","floor":23.0,"turns":4.0},{"damage":11.0,"enemies":"2 Thieves","floor":24.0,"turns":3.0},{"damage":5.0,"enemies":"Cultist and Chosen","floor":25.0,"turns":7.0},{"damage":3.0,"enemies":"Book of Stabbing","floor":27.0,"turns":4.0},{"damage":1.0,"enemies":"3 Cultists","floor":28.0,"turns":3.0},{"damage":2.0,"enemies":"Shelled Parasite and Fungi","floor":30.0,"turns":4.0},{"damage":4.0,"enemies":"Collector","floor":33.0,"turns":10.0},{"damage":23.0,"enemies":"3 Darklings","floor":35.0,"turns":10.0},{"damage":2.0,"enemies":"3 Shapes","floor":36.0,"turns":4.0},{"damage":18.0,"enemies":"Writhing Mass","floor":38.0,"turns":6.0},{"damage":1.0,"enemies":"Reptomancer","floor":40.0,"turns":7.0},{"damage":10,"enemies":"Nemesis","floor":42,"turns":3},{"damage":0,"enemies":"Giant Head","floor":44,"turns":6},{"damage":0,"enemies":"Spire Growth","floor":45,"turns":5},{"damage":0,"enemies":"Maw","floor":47,"turns":4},{"damage":0,"enemies":"Nemesis","floor":48,"turns":3},{"damage":12,"enemies":"Time Eater","floor":50,"turns":9}],"seed_played":"-6249317250916596364","potions_obtained":[{"floor":1.0,"key":"BlessingOfTheForge"},{"floor":6.0,"key":"Dexterity Potion"},{"floor":11.0,"key":"GamblersBrew"},{"floor":14.0,"key":"SpeedPotion"},{"floor":23.0,"key":"SkillPotion"},{"floor":24.0,"key":"Block Potion"},{"floor":30.0,"key":"Fire Potion"},{"floor":33.0,"key":"LiquidMemories"},{"floor":35.0,"key":"GamblersBrew"},{"floor":44,"key":"SteroidPotion"},{"floor":48,"key":"Explosive Potion"}],"is_trial":true,"path_per_floor":["M","M","?","?","$","E","R","E","T","R","E","?","?","M","R","B",null,"M","$","?","?","?","E","M","M","T","E","M","R","M","$","R","B",null,"M","M","?","M","?","E","$","E","T","E","M","$","M","E","R","B",null],"character_chosen":"IRONCLAD","items_purchased":["Spot Weakness","Clothesline","OrangePellets","Evolve","Dual Wield+1","Feed","Impervious+1","Shrug It Off+1","Membership Card","Dead Branch","Havoc+1","Purity+1","Feel No Pain","True Grit+1","Dual Wield+1","Chemical X","Akabeko","Dramatic Entrance"],"campfire_rested":1,"item_purchase_floors":[5,5,19,19,19,31,31,31,41,41,41,41,46,46,46,46,46,46],"current_hp_per_floor":[66,69,69,69,69,61,61,33,33,33,28,12,12,18,42,48,80,71,71,71,40,40,27,22,23,23,26,31,31,35,35,35,37,40,27,31,25,13,13,18,18,14,14,20,26,26,36,42,48,47],"gold":69,"neow_bonus":"","is_daily":false,"chose_seed":false,"campfire_upgraded":5,"win_rate":0.0,"timestamp":1613472745,"path_taken":["M","M","?","?","$","E","R","E","T","R","E","?","?","?","R","BOSS","M","$","?","?","?","E","M","M","T","E","M","R","M","$","R","BOSS","M","M","?","M","?","E","?","E","T","E","M","$","?","E","R","BOSS"],"items_purchased_type":["Card","Card","Relic","Card","Card","Card","Card","Card","Relic","Relic","Card","Card","Card","Card","Card","Relic","Relic","Card"],"build_version":"2020-12-22","purchased_purges":0,"victory":true,"max_hp_per_floor":[80,80,80,80,80,80,80,80,80,80,80,80,80,80,80,80,80,80,80,80,40,40,40,40,40,40,40,40,40,40,40,40,40,40,44,44,44,44,44,44,44,44,44,44,44,44,48,48,48,48],"relic_stats":{"counters":[25,137],"Golden Idol":187,"Dead Branch":[95],"Eternal Feather":6,"Whetstone":["HandOfGreed","Pommel Strike"],"War Paint":["Spot Weakness","Purity"],"Smiling Mask":0,"Burning Blood":150,"OrangePellets":[15],"Nunchaku":[18],"Lizard Tail":0,"Bronze Scales":[340],"Black Star":4,"Chemical X":[3],"obtain_stats":[{"Ice Cream":44,"Lantern":42,"Vajra":26,"Whetstone":43,"Smiling Mask":27,"Burning Blood":0,"Old Coin":40,"Nunchaku":11,"Lizard Tail":23,"Chemical X":46,"Toxic Egg 2":8,"Golden Idol":3,"Dead Branch":41,"Oddly Smooth Stone":9,"Eternal Feather":48,"War Paint":44,"Akabeko":46,"OrangePellets":19,"Anchor":40,"Bronze Scales":6,"Mark of Pain":17,"Black Star":34,"Membership Card":41,"FossilizedHelix":42,"Toy Ornithopter":48},{"Ice Cream":21,"Lantern":20,"Vajra":11,"Whetstone":20,"Smiling Mask":12,"Burning Blood":0,"Old Coin":19,"Nunchaku":5,"Lizard Tail":9,"Chemical X":22,"Toxic Egg 2":4,"Golden Idol":2,"Dead Branch":19,"Oddly Smooth Stone":4,"Eternal Feather":24,"War Paint":21,"Akabeko":22,"OrangePellets":8,"Anchor":19,"Bronze Scales":3,"Mark of Pain":7,"Black Star":15,"Membership Card":19,"FossilizedHelix":20,"Toy Ornithopter":24},{"Ice Cream":116,"Lantern":110,"Vajra":59,"Whetstone":110,"Smiling Mask":63,"Burning Blood":0,"Old Coin":107,"Nunchaku":30,"Lizard Tail":49,"Chemical X":121,"Toxic Egg 2":24,"Golden Idol":10,"Dead Branch":107,"Oddly Smooth Stone":24,"Eternal Feather":128,"War Paint":116,"Akabeko":121,"OrangePellets":45,"Anchor":107,"Bronze Scales":17,"Mark of Pain":43,"Black Star":80,"Membership Card":107,"FossilizedHelix":110,"Toy Ornithopter":128}],"Toy Ornithopter":5},"card_choices":[{"not_picked":["Sever Soul"],"picked":"Disarm","floor":1.0},{"not_picked":["Thunderclap"],"picked":"Sword Boomerang","floor":2.0},{"not_picked":["Magnetism"],"picked":"Pommel Strike","floor":6.0},{"not_picked":["Dual Wield+1"],"picked":"Spot Weakness+1","floor":8.0},{"not_picked":["Clash"],"picked":"Battle Trance+1","floor":11.0},{"not_picked":["Havoc+1"],"picked":"Sword Boomerang","floor":14.0},{"not_picked":["Fiend Fire"],"picked":"HandOfGreed","floor":16.0},{"not_picked":["Iron Wave+1"],"picked":"Feel No Pain","floor":18.0},{"not_picked":["Clash"],"picked":"Anger","floor":23.0},{"not_picked":["Body Slam+1"],"picked":"Pommel Strike","floor":24.0},{"not_picked":["Thunderclap+1"],"picked":"Battle Trance+1","floor":25.0},{"not_picked":["Flex+1"],"picked":"Havoc+1","floor":27.0},{"not_picked":["Flex+1"],"picked":"Wild Strike","floor":28.0},{"not_picked":["Iron Wave"],"picked":"Madness+1","floor":30.0},{"not_picked":["Limit Break+1"],"picked":"Apotheosis+1","floor":33.0},{"not_picked":["Heavy Blade+1"],"picked":"Pommel Strike+1","floor":35.0},{"not_picked":["Armaments+1"],"picked":"Pummel+1","floor":36.0},{"not_picked":["Pommel Strike+1"],"picked":"Flash of Steel+1","floor":38.0},{"not_picked":["Madness+1","Heavy Blade"],"picked":"SKIP","floor":40.0},{"not_picked":["Inflame"],"picked":"Pummel+1","floor":42},{"not_picked":["Sword Boomerang+1"],"picked":"Jack Of All Trades+1","floor":44},{"not_picked":["Clash"],"picked":"Pummel","floor":45},{"not_picked":["Perfected Strike","Hemokinesis+1"],"picked":"SKIP","floor":47},{"not_picked":["Thunderclap"],"picked":"Headbutt","floor":48}],"player_experience":1430979,"relics_obtained":[{"floor":6.0,"key":"Bronze Scales"},{"floor":8.0,"key":"Toxic Egg 2"},{"floor":9.0,"key":"Oddly Smooth Stone"},{"floor":11.0,"key":"Nunchaku"},{"floor":23.0,"key":"Lizard Tail"},{"floor":26.0,"key":"Vajra"},{"floor":27.0,"key":"Smiling Mask"},{"floor":40.0,"key":"Old Coin"},{"floor":40.0,"key":"Anchor"},{"floor":42,"key":"FossilizedHelix"},{"floor":42,"key":"Lantern"},{"floor":43,"key":"Whetstone"},{"floor":44,"key":"Ice Cream"},{"floor":44,"key":"War Paint"},{"floor":48,"key":"Toy Ornithopter"},{"floor":48,"key":"Eternal Feather"}],"event_choices":[{"damage_healed":0.0,"max_hp_gain":0.0,"max_hp_loss":0.0,"gold_gain":0.0,"event_name":"Golden Idol","player_choice":"Take Wound","floor":3.0,"gold_loss":0.0,"damage_taken":0.0,"relics_obtained":["Golden Idol"],"cards_obtained":["Injury"]},{"damage_healed":0.0,"max_hp_gain":0.0,"max_hp_loss":0.0,"gold_gain":0.0,"event_name":"The Cleric","player_choice":"Leave","floor":4.0,"gold_loss":0.0,"damage_taken":0.0},{"damage_healed":0.0,"max_hp_gain":0.0,"max_hp_loss":0.0,"gold_gain":0.0,"event_name":"Shining Light","player_choice":"Entered Light","floor":12.0,"gold_loss":0.0,"damage_taken":16.0,"cards_upgraded":["Strike_R","Mind Blast"]},{"damage_healed":0.0,"max_hp_gain":0.0,"max_hp_loss":0.0,"gold_gain":0.0,"event_name":"Living Wall","player_choice":"Grow","floor":13.0,"gold_loss":0.0,"damage_taken":0.0,"cards_upgraded":["Madness"]},{"damage_healed":0.0,"max_hp_gain":0.0,"max_hp_loss":0.0,"gold_gain":0.0,"cards_transformed":["Strike_R","Strike_R"],"event_name":"Drug Dealer","player_choice":"Became Test Subject","floor":20.0,"gold_loss":0.0,"damage_taken":0.0,"cards_obtained":["Rupture","Transmutation"]},{"damage_healed":0.0,"max_hp_gain":0.0,"max_hp_loss":40.0,"gold_gain":0.0,"event_name":"Ghosts","player_choice":"Became a Ghost","floor":21.0,"gold_loss":0.0,"damage_taken":0.0,"cards_obtained":["Ghostly","Ghostly","Ghostly","Ghostly","Ghostly"]},{"damage_healed":0.0,"max_hp_gain":0.0,"max_hp_loss":0.0,"gold_gain":0.0,"event_name":"Back to Basics","player_choice":"Simplicity","floor":22.0,"gold_loss":0.0,"damage_taken":0.0,"cards_upgraded":["Strike_R","Strike_R","Defend_R","Defend_R","Defend_R","Defend_R"]},{"damage_healed":0.0,"max_hp_gain":0.0,"max_hp_loss":0.0,"gold_gain":0.0,"event_name":"Winding Halls","player_choice":"Embrace Madness","floor":37.0,"gold_loss":0.0,"damage_taken":6.0,"cards_obtained":["Madness","Madness"]},{"damage_healed":0.0,"max_hp_gain":0.0,"max_hp_loss":0.0,"gold_gain":0.0,"event_name":"Tomb of Lord Red Mask","player_choice":"Ignored","floor":39.0,"gold_loss":0.0,"damage_taken":0.0}],"is_beta":false,"boss_relics":[{"not_picked":["Busted Crown","Runic Dome"],"picked":"Mark of Pain"},{"not_picked":["Cursed Key","Coffee Dripper"],"picked":"Black Star"}],"items_purged_floors":[],"is_endless":false,"potions_floor_spawned":[1,6,11,14,23,24,30,33,35,36,44,48],"ascension_level":0}}