{"host":"eglukmwb6rueyn6u","time":1613495780,"event":{"mods":["BaseMod","Colored Map","Minty Spire (QoL Compilation)"],"gold_per_floor":[110,127,127,138,158,193,209,46,94,94,94,94,121,136,136,238,238,249,249,267,267,277,309,2,2,2,17,17,17,32,51,51,155,155,170,170,186,198,122,122,81,81,81,81,128,178,178,213,213,213,213],"floor_reached":50,"language":"ENG","playtime":3704,"items_purged":["Defend_G"],"score":515,"play_id":"85a12934-6a3f-4227-b024-51133c7523ce","local_time":"20210216191620","is_ascension_mode":false,"campfire_choices":[{"data":"Envenom","floor":10.0,"key":"SMITH"},{"data":"Dodge and Roll","floor":12.0,"key":"SMITH"},{"data":"Infinite Blades","floor":15.0,"key":"SMITH"},{"floor":25.0,"key":"REST"},{"floor":29.0,"key":"REST"},{"floor":32.0,"key":"REST"},{"floor":40.0,"key":"REST"},{"data":"Accuracy","floor":42.0,"key":"SMITH"},{"floor":49,"key":"RECALL"}],"circlet_count":0,"master_deck":["Strike_G","Strike_G","Strike_G+1","Defend_G+1","Defend_G+1","Survivor","Neutralize","Outmaneuver","Cloak And Dagger+1","Backstab","Dodge and Roll+1","Envenom+1","Deadly Poison+1","Phantasmal Killer+1","Infinite Blades+1","Poisoned Stab","Storm of Steel+1","Backflip+1","Blade Dance+1","Deflect+1","Accuracy+1","Blade Dance+1","Dodge and Roll+1","Catalyst+1","Deadly Poison+1","Tools of the Trade","Distraction+1","Unload+1","Riddle With Holes+1","Accuracy","Deadly Poison+1","Noxious Fumes","Caltrops","Secret Technique+1","Expertise+1","PiercingWail+1","Writhe","Dodge and Roll+1"],"relics":["Ring of the Snake","Toxic Egg 2","War Paint","Odd Mushroom","SlaversCollar","Question Card","OrangePellets","Sundial","Astrolabe","Ninja Scroll","Unceasing Top","Thread and Needle","Smiling Mask"],"acts_visited":["Exordium","TheCity","TheBeyond"],"potions_floor_usage":[],"damage_taken":[{"damage":0.0,"enemies":"Cultist","floor":1.0,"turns":4.0},{"damage":0.0,"enemies":"Small Slimes","floor":2.0,"turns":4.0},{"damage":0.0,"enemies":"Jaw Worm","floor":4.0,"turns":4.0},{"damage":0.0,"enemies":"Looter","floor":5.0,"turns":4.0},{"damage":21.0,"enemies":"3 Sentries","floor":6.0,"turns":14.0},{"damage":4.0,"enemies":"2 Fungi Beasts","floor":7.0,"turns":5.0},{"damage":3.0,"enemies":"The Mushroom Lair","floor":13.0,"turns":4.0},{"damage":0.0,"enemies":"Exordium Wildlife","floor":14.0,"turns":4.0},{"damage":8.0,"enemies":"Hexaghost","floor":16.0,"turns":8.0},{"damage":8.0,"enemies":"Spheric Guardian","floor":18.0,"turns":4.0},{"damage":2.0,"enemies":"Chosen","floor":20.0,"turns":4.0},{"damage":16.0,"enemies":"Sentry and Sphere","floor":22.0,"turns":4.0},{"damage":40.0,"enemies":"Book of Stabbing","floor":23.0,"turns":6.0},{"damage":10.0,"enemies":"Shelled Parasite and Fungi","floor":27.0,"turns":4.0},{"damage":9.0,"enemies":"Snecko","floor":30.0,"turns":4.0},{"damage":16.0,"enemies":"Snake Plant","floor":31.0,"turns":3.0},{"damage":28.0,"enemies":"Collector","floor":33.0,"turns":8.0},{"damage":31.0,"enemies":"3 Darklings","floor":35.0,"turns":5.0},{"damage":0.0,"enemies":"3 Shapes","floor":37.0,"turns":5.0},{"damage":10.0,"enemies":"Transient","floor":38.0,"turns":5.0},{"damage":10.0,"enemies":"2 Orb Walkers","floor":45.0,"turns":2.0},{"damage":4.0,"enemies":"Mind Bloom Boss Battle","floor":46.0,"turns":6.0},{"damage":26,"enemies":"Nemesis","floor":48,"turns":7},{"damage":34,"enemies":"Time Eater","floor":50,"turns":4}],"seed_played":"-4064909441791728478","potions_obtained":[{"floor":0.0,"key":"AttackPotion"},{"floor":0.0,"key":"BlessingOfTheForge"},{"floor":0.0,"key":"CunningPotion"},{"floor":6.0,"key":"Ancient Potion"},{"floor":22.0,"key":"Energy Potion"},{"floor":27.0,"key":"Poison Potion"},{"floor":30.0,"key":"GhostInAJar"},{"floor":38.0,"key":"SmokeBomb"},{"floor":45.0,"key":"BlessingOfTheForge"}],"is_trial":false,"path_per_floor":["M","M","?","M","M","E","M","$","T","R","?","R","?","M","R","B",null,"M","?","M","?","M","E","$","R","T","M","T","R","M","M","R","B",null,"M","?","M","M","$","R","$","R","T","?","?","?","?","E","R","B"],"character_chosen":"THE_SILENT","items_purchased":["Phantasmal Killer+1","Blade Dance+1","Dodge and Roll+1","OrangePellets","Noxious Fumes","Caltrops"],"campfire_rested":4,"item_purchase_floors":[8,24,24,24,39,41],"current_hp_per_floor":[70,70,70,70,70,49,45,45,45,45,31,31,28,28,28,20,70,62,62,60,60,44,4,4,25,25,15,15,36,27,11,32,4,70,39,39,39,29,29,50,50,50,50,50,40,36,54,28,28,0,0],"gold":213,"neow_bonus":"THREE_SMALL_POTIONS","is_daily":false,"chose_seed":false,"campfire_upgraded":4,"win_rate":0.0,"timestamp":1613495780,"path_taken":["M","M","?","M","?","E","M","$","T","R","?","R","?","M","R","BOSS","M","?","M","?","M","E","?","R","T","M","?","R","?","M","R","BOSS","M","?","M","M","$","R","$","R","T","?","?","?","?","E","R","BOSS"],"items_purchased_type":["Card","Card","Card","Relic","Card","Card"],"build_version":"2020-12-22","purchased_purges":1,"victory":false,"max_hp_per_floor":[70,70,70,70,70,70,70,70,70,70,70,70,70,70,70,70,70,70,70,70,70,70,70,70,70,70,70,70,70,70,70,70,70,70,70,70,70,70,70,70,70,70,70,70,70,70,70,70,70,70,70],"card_choices":[{"not_picked":["Dagger Throw","Flechettes"],"picked":"Outmaneuver","floor":1.0},{"not_picked":["Distraction","Dagger Spray"],"picked":"Cloak And Dagger","floor":2.0},{"not_picked":["Dagger Throw","Underhanded Strike"],"picked":"Backstab","floor":4.0},{"not_picked":["Slice","Bane"],"picked":"Dodge and Roll","floor":5.0},{"not_picked":["Blade Dance+1","Leg Sweep+1"],"picked":"Envenom","floor":6.0},{"not_picked":["PiercingWail+1","Predator"],"picked":"Deadly Poison+1","floor":7.0},{"not_picked":["Slice","Underhanded Strike"],"picked":"Infinite Blades","floor":13.0},{"not_picked":["Sucker Punch","Dagger Spray"],"picked":"Poisoned Stab","floor":14.0},{"not_picked":["Malaise+1","Doppelganger+1"],"picked":"Storm of Steel+1","floor":16.0},{"not_picked":["Leg Sweep+1","Flying Knee"],"picked":"Backflip+1","floor":18.0},{"not_picked":["Dagger Throw","Prepared+1"],"picked":"Deflect+1","floor":20.0},{"not_picked":["Acrobatics+1","Dagger Spray"],"picked":"Poisoned Stab+1","floor":22.0},{"not_picked":["Bullet Time+1","Crippling Poison+1"],"picked":"Accuracy","floor":23.0},{"not_picked":["Acrobatics+1","Bane","Sucker Punch+1"],"picked":"Catalyst+1","floor":27.0},{"not_picked":["Underhanded Strike","Dagger Throw","Sucker Punch+1","Endless Agony"],"picked":"SKIP","floor":30.0},{"not_picked":["Flying Knee","Bane","Prepared+1"],"picked":"Deadly Poison+1","floor":31.0},{"not_picked":["Storm of Steel+1","Envenom","Venomology+1"],"picked":"Tools of the Trade","floor":33.0},{"not_picked":["Flechettes+1","Heel Hook","Cloak And Dagger+1"],"picked":"Accuracy","floor":35.0},{"not_picked":["Acrobatics+1","Prepared+1","PiercingWail+1","Quick Slash+1"],"picked":"SKIP","floor":37.0},{"not_picked":["Prepared+1","Bane+1","Sucker Punch"],"picked":"Deadly Poison+1","floor":38.0},{"not_picked":["Jack Of All Trades+1","Blind+1","The Bomb+1"],"picked":"Secret Technique+1","floor":44.0},{"not_picked":["Noxious Fumes","Backflip+1","Sucker Punch+1"],"picked":"Expertise+1","floor":45.0},{"not_picked":["Prepared+1","Outmaneuver+1","Dash+1"],"picked":"PiercingWail+1","floor":46.0},{"not_picked":["PiercingWail+1","A Thousand Cuts","Outmaneuver+1"],"picked":"Dodge and Roll+1","floor":48}],"player_experience":72961,"relics_obtained":[{"floor":6.0,"key":"Toxic Egg 2"},{"floor":9.0,"key":"War Paint"},{"floor":13.0,"key":"Odd Mushroom"},{"floor":23.0,"key":"Question Card"},{"floor":28.0,"key":"Sundial"},{"floor":43.0,"key":"Ninja Scroll"},{"floor":45.0,"key":"Unceasing Top"},{"floor":46.0,"key":"Thread and Needle"},{"floor":48,"key":"Smiling Mask"}],"event_choices":[{"cards_removed":["Defend_G"],"damage_healed":0.0,"max_hp_gain":0.0,"max_hp_loss":0.0,"gold_gain":0.0,"event_name":"Bonfire Elementals","player_choice":"Offered Basic","floor":3.0,"gold_loss":0.0,"damage_taken":0.0},{"damage_healed":0.0,"max_hp_gain":0.0,"max_hp_loss":0.0,"gold_gain":0.0,"event_name":"Shining Light","player_choice":"Entered Light","floor":11.0,"gold_loss":0.0,"damage_taken":14.0,"cards_upgraded":["Defend_G","Strike_G"]},{"damage_healed":0.0,"max_hp_gain":0.0,"max_hp_loss":0.0,"gold_gain":0.0,"event_name":"Mushrooms","player_choice":"Fought Mushrooms","floor":13.0,"gold_loss":0.0,"damage_taken":0.0},{"damage_healed":0.0,"max_hp_gain":0.0,"max_hp_loss":0.0,"gold_gain":0.0,"event_name":"The Library","player_choice":"Read","floor":19.0,"gold_loss":0.0,"damage_taken":0.0,"cards_obtained":["Blade Dance"]},{"damage_healed":0.0,"max_hp_gain":0.0,"max_hp_loss":0.0,"gold_gain":0.0,"event_name":"Ghosts","player_choice":"Ignored","floor":21.0,"gold_loss":0.0,"damage_taken":0.0},{"cards_removed":["Poisoned Stab"],"damage_healed":0.0,"max_hp_gain":0.0,"max_hp_loss":0.0,"gold_gain":0.0,"event_name":"Falling","player_choice":"Removed Attack","floor":36.0,"gold_loss":0.0,"damage_taken":0.0},{"damage_healed":0.0,"max_hp_gain":0.0,"max_hp_loss":0.0,"gold_gain":0.0,"event_name":"SensoryStone","player_choice":"Memory 1","floor":44.0,"gold_loss":0.0,"damage_taken":0.0},{"damage_healed":0.0,"max_hp_gain":0.0,"max_hp_loss":0.0,"gold_gain":0.0,"event_name":"Mysterious Sphere","player_choice":"Fight","floor":45.0,"gold_loss":0.0,"damage_taken":0.0},{"damage_healed":0.0,"max_hp_gain":0.0,"max_hp_loss":0.0,"gold_gain":0.0,"event_name":"MindBloom","player_choice":"Fight","floor":46.0,"gold_loss":0.0,"damage_taken":0.0},{"damage_healed":18.0,"max_hp_gain":0.0,"max_hp_loss":0.0,"gold_gain":0.0,"event_name":"Winding Halls","player_choice":"Writhe","floor":47.0,"gold_loss":0.0,"damage_taken":0.0,"cards_obtained":["Writhe"]}],"is_beta":false,"boss_relics":[{"not_picked":["Ring of the Serpent","Philosopher\u0027s Stone"],"picked":"SlaversCollar"},{"not_picked":["Busted Crown","Black Star"],"picked":"Astrolabe"}],"items_purged_floors":[24],"is_endless":false,"potions_floor_spawned":[6,13,16,22,27,30,38,45],"killed_by":"Time Eater","ascension_level":0}}