{"host":"tyeg9214rgutn7tb","time":1613434074,"event":{"mods":["BaseMod","Colored Map","Custom Start","Downfall","Minty Spire (QoL Compilation)","StSLib"],"gold_per_floor":[99,110,140,140,159,171,197,228,228,59,59,44,44,69,82,183,183,183,202,202,221,246,273,299,332,347,373,373,386,412,424,436,536,536,236,252,262,112,129,140,165,165,211,238,238,73,88,115,135,135,135,172,30,30,30,30],"floor_reached":57,"language":"ENG","playtime":3281,"items_purged":["bronze:Strike","bronze:Strike"],"score":1984,"play_id":"303ffb52-8a5f-4214-9fef-b07b8ea04489","local_time":"20210216010754","is_ascension_mode":true,"campfire_choices":[{"data":"bronze:Goto","floor":1,"key":"SMITH"},{"data":"bronze:Frontload","floor":9,"key":"SMITH"},{"data":"bronze:RecursiveStrike","floor":11,"key":"SMITH"},{"floor":13,"key":"REST"},{"floor":18,"key":"RECALL"},{"data":"bronze:Boost","floor":35,"key":"SMITH"},{"data":"bronze:Flail","floor":42,"key":"SMITH"},{"floor":54,"key":"REST"}],"circlet_count":0,"master_deck":["bronze:Strike","bronze:Strike","bronze:Defend","bronze:Defend","bronze:Defend+1","bronze:Defend","bronze:Replicate","bronze:Constructor","bronze:Frontload+1","bronze:Branch","bronze:Flail","bronze:RecursiveStrike+1","bronze:Iterate+1","bronze:BronzeArmor","bronze:Constructor","bronze:Branch+1","bronze:InfiniteLoop","bronze:ForceShield+1","bronze:Flail+1","bronze:Repulsor","bronze:Invalidate+1","bronze:Boost+1","bronze:MaxOutput","bronze:Frontload+1","bronze:Fortify","expansioncontent:Chronoboost","bronze:FunctionCard","bronze:ItsAFeature","bronze:Frontload+1","expansioncontent:Chronoboost"],"relics":["bronze:BronzeCore","bronze:ProtectiveGoggles","bronze:BronzeIdol","Bag of Marbles","bronze:SilverBullet","Orrery","Boot","Snecko Eye","bronze:CableSpool","Red Mask","Calipers","War Paint","Whetstone","Blue Candle","bronze:DecasWashers","Philosopher\u0027s Stone","downfall:HeartBlessingRed","downfall:HeartBlessingGreen","downfall:HeartBlessingBlue","CeramicFish","ClockworkSouvenir","bronze:Mallet","TungstenRod","Art of War","DollysMirror"],"acts_visited":["Exordium","TheCity","TheBeyond","TheEnding"],"potions_floor_usage":[23,40,50,50],"damage_taken":[{"damage":2,"enemies":"2 Louse","floor":2,"turns":3},{"damage":0,"enemies":"Jaw Worm","floor":5,"turns":4},{"damage":0,"enemies":"Cultist","floor":6,"turns":3},{"damage":19,"enemies":"3 Sentries","floor":8,"turns":12},{"damage":0,"enemies":"downfall:FleeingMerchant","floor":10,"turns":4},{"damage":0,"enemies":"downfall:FleeingMerchant","floor":12,"turns":4},{"damage":0,"enemies":"Lagavulin","floor":14,"turns":8},{"damage":0,"enemies":"Red Slaver","floor":15,"turns":1},{"damage":9,"enemies":"IC_STATUS_ARCHETYPE","floor":16,"turns":5},{"damage":7,"enemies":"Chosen","floor":19,"turns":3},{"damage":0,"enemies":"Spheric Guardian","floor":21,"turns":4},{"damage":0,"enemies":"Masked Bandits","floor":22,"turns":1},{"damage":0,"enemies":"Gremlin Leader","floor":23,"turns":3},{"damage":0,"enemies":"Slavers","floor":25,"turns":1},{"damage":0,"enemies":"Snake Plant","floor":26,"turns":1},{"damage":0,"enemies":"Gremlin Leader","floor":27,"turns":2},{"damage":0,"enemies":"Shelled Parasite and Fungi","floor":29,"turns":4},{"damage":0,"enemies":"Slavers","floor":30,"turns":1},{"damage":0,"enemies":"Sentry and Sphere","floor":31,"turns":3},{"damage":3,"enemies":"Snecko","floor":32,"turns":3},{"damage":0,"enemies":"SI_MIRROR_ARCHETYPE","floor":33,"turns":8},{"damage":0,"enemies":"3 Shapes","floor":36,"turns":1},{"damage":0,"enemies":"Orb Walker","floor":37,"turns":1},{"damage":0,"enemies":"Spire Growth","floor":39,"turns":3},{"damage":0,"enemies":"Transient","floor":40,"turns":5},{"damage":0,"enemies":"downfall:FleeingMerchant","floor":43,"turns":3},{"damage":0,"enemies":"Jaw Worm Horde","floor":44,"turns":1},{"damage":0,"enemies":"3 Darklings","floor":47,"turns":4},{"damage":0,"enemies":"Nemesis","floor":48,"turns":3},{"damage":12,"enemies":"4 Shapes","floor":49,"turns":2},{"damage":23,"enemies":"WA_ARCHETYPE_DIVINITY","floor":50,"turns":11},{"damage":12,"enemies":"downfall:CharBossMerchant","floor":52,"turns":8},{"damage":0,"enemies":"downfall:NeowBoss","floor":55,"turns":15},{"damage":9,"enemies":"downfall:NeowBossFinal","floor":56,"turns":12}],"seed_played":"-1894160917141960245","potions_obtained":[{"floor":8,"key":"Explosive Potion"},{"floor":14,"key":"hexamod:SoulburnPotion"},{"floor":16,"key":"Energy Potion"},{"floor":19,"key":"FairyPotion"},{"floor":27,"key":"Swift Potion"},{"floor":40,"key":"Explosive Potion"},{"floor":44,"key":"SkillPotion"},{"floor":48,"key":"Fruit Juice"}],"is_trial":false,"path_per_floor":["R","M","?","?","M","M","T","E","R","$","R","$","R","E","M","B",null,"R","M","T","M","?","E","T","E","M","E","?","M","E","M","M","B",null,"R","M","M","?","M","M","T","R","$","M","?","$","M","E","M","B",null,"E","$","R","B","B",null],"character_chosen":"THE_AUTOMATON","items_purchased":["Orrery","ClockworkSouvenir","expansioncontent:Chronoboost","bronze:ItsAFeature","DollysMirror"],"campfire_rested":2,"item_purchase_floors":[10,43,43,46,53],"current_hp_per_floor":[63,61,61,61,61,61,61,42,42,42,42,42,63,63,63,54,66,66,59,59,59,59,59,59,59,59,59,54,54,54,54,51,51,65,75,75,75,90,90,90,90,90,90,90,90,90,90,90,78,60,86,74,74,95,95,86],"gold":30,"neow_bonus":"RANDOM_COMMON_RELIC","is_daily":false,"chose_seed":false,"campfire_upgraded":5,"win_rate":0.0,"timestamp":1613434074,"path_taken":["R","M","?","?","?","M","T","E","R","?","R","$","R","E","M","BOSS","R","M","?","M","?","E","T","E","M","E","?","M","E","M","M","BOSS","R","M","M","?","?","M","T","R","$","?","?","?","?","E","M","BOSS","E","$","R","BOSS","BOSS"],"items_purchased_type":["Relic","Relic","Card","Card","Relic"],"build_version":"2020-12-22","purchased_purges":2,"victory":true,"max_hp_per_floor":[70,70,70,70,70,70,70,70,70,70,70,70,70,70,70,70,70,70,70,70,70,70,70,70,70,70,70,70,70,70,70,70,70,70,80,80,80,90,90,90,90,90,90,90,90,90,90,90,90,95,95,95,95,95,95,95],"card_choices":[{"not_picked":["bronze:Separator","bronze:OilSpill"],"picked":"bronze:Constructor","floor":2},{"not_picked":["bronze:Invalidate","bronze:Backtrace"],"picked":"bronze:Frontload","floor":5},{"not_picked":["bronze:Overload","bronze:Allocate","bronze:ForLoop"],"picked":"SKIP","floor":6},{"not_picked":["bronze:ThunderWave","bronze:Invalidate"],"picked":"bronze:Branch","floor":8},{"not_picked":["bronze:WhirlingStrike","bronze:Safeguard","bronze:CloningBeam"],"picked":"SKIP","floor":10},{"not_picked":["bronze:DigitalCarnage","bronze:Frontload"],"picked":"bronze:Flail","floor":10},{"not_picked":["bronze:Shield","bronze:CloningBeam"],"picked":"bronze:RecursiveStrike","floor":10},{"not_picked":["bronze:Safeguard","bronze:ForLoop"],"picked":"bronze:Iterate","floor":10},{"not_picked":["bronze:Repulsor","bronze:Branch"],"picked":"bronze:BronzeArmor","floor":10},{"not_picked":["bronze:Turbo","bronze:Shell"],"picked":"bronze:Constructor","floor":10},{"not_picked":["bronze:DelayedGuard","bronze:InfiniteBeams"],"picked":"bronze:Branch","floor":12},{"not_picked":["bronze:BitShift","bronze:Refactor"],"picked":"bronze:InfiniteLoop","floor":14},{"not_picked":["bronze:CutThrough","bronze:BuggyMess"],"picked":"bronze:ForceShield","floor":15},{"not_picked":["bronze:Constructor+1","bronze:ForceShield"],"picked":"bronze:Flail","floor":19},{"not_picked":["bronze:OilSpill+1","bronze:Optimize+1"],"picked":"bronze:Repulsor","floor":21},{"not_picked":["bronze:Separator","bronze:ChosenStrike","bronze:BugBarrage"],"picked":"SKIP","floor":23},{"not_picked":["bronze:BronzeOrb","bronze:Turbo","bronze:DelayedSlice"],"picked":"SKIP","floor":25},{"not_picked":["bronze:DelayedSlice","bronze:Separator","bronze:FineTuning"],"picked":"SKIP","floor":26},{"not_picked":["bronze:OilSpill+1","bronze:WhirlingStrike","bronze:Shield"],"picked":"SKIP","floor":27},{"not_picked":["bronze:BronzeOrb","bronze:Invalidate+1","bronze:Deprecate"],"picked":"SKIP","floor":29},{"not_picked":["bronze:BronzeOrb","bronze:Deprecate"],"picked":"bronze:Invalidate+1","floor":29},{"not_picked":["bronze:ForceShield","bronze:Overload"],"picked":"bronze:Hardcode","floor":30},{"not_picked":["bronze:FollowUp","bronze:NullPointer+1","bronze:Separator"],"picked":"SKIP","floor":31},{"not_picked":["bronze:Turbo","bronze:Fortify"],"picked":"bronze:Boost","floor":32},{"not_picked":["bronze:MaxOutput","bronze:CutThrough","bronze:DarkDash"],"picked":"SKIP","floor":36},{"not_picked":["bronze:CutThrough","bronze:DarkDash"],"picked":"bronze:MaxOutput","floor":36},{"not_picked":["bronze:Repair+1","bronze:Safeguard"],"picked":"bronze:Frontload+1","floor":37},{"not_picked":["bronze:Invalidate+1","bronze:Shield+1","bronze:Return+1"],"picked":"SKIP","floor":39},{"not_picked":["bronze:Deprecate+1","bronze:DelayedSlice+1","bronze:BugBarrage+1"],"picked":"SKIP","floor":40},{"not_picked":["bronze:WhirlingStrike+1","bronze:BuggyMess"],"picked":"bronze:Fortify","floor":43},{"not_picked":["bronze:Deprecate","bronze:FineTuning","bronze:BronzeOrb+1"],"picked":"SKIP","floor":44},{"not_picked":["bronze:DelayedGuard","bronze:Separator","bronze:BitShift+1"],"picked":"SKIP","floor":47},{"not_picked":["bronze:Invalidate","bronze:Overload","bronze:ForLoop+1"],"picked":"SKIP","floor":48},{"not_picked":["bronze:Overload","bronze:DelayedSlice+1","bronze:BronzeArmor+1"],"picked":"SKIP","floor":49},{"not_picked":["bronze:ThunderWave","bronze:Turbo+1"],"picked":"bronze:Frontload+1","floor":52}],"player_experience":733900,"relics_obtained":[{"floor":7,"key":"Bag of Marbles"},{"floor":8,"key":"bronze:SilverBullet"},{"floor":14,"key":"Boot"},{"floor":20,"key":"bronze:CableSpool"},{"floor":22,"key":"Red Mask"},{"floor":23,"key":"Calipers"},{"floor":25,"key":"War Paint"},{"floor":27,"key":"Whetstone"},{"floor":30,"key":"bronze:DecasWashers"},{"floor":41,"key":"CeramicFish"},{"floor":45,"key":"bronze:Mallet"},{"floor":48,"key":"TungstenRod"},{"floor":52,"key":"Art of War"}],"event_choices":[{"damage_healed":0,"gold_gain":0,"player_choice":"Fought Bandits","damage_taken":0,"max_hp_gain":0,"max_hp_loss":0,"event_name":"Masked Bandits","floor":22,"gold_loss":0}],"is_beta":false,"boss_relics":[{"not_picked":["expansioncontent:StudyCardRelic","Cursed Key"],"picked":"Snecko Eye"},{"not_picked":["sneckomod:SneckoTalon","Black Star"],"picked":"Philosopher\u0027s Stone"}],"items_purged_floors":[43,46],"is_endless":false,"potions_floor_spawned":[8,14,16,19,21,22,27,31,32,36,40,44,48],"ascension_level":8}}