{"host":"pj7egx7jkoz18hom","time":1613514361,"event":{"mods":["AchievementEnabler","BaseMod","Keyboard Shortcuts","Minty Spire (QoL Compilation)","SuperFastMode"],"gold_per_floor":[119,137,312,325,335,335,367,367,420,436,446,446,466,477,477,477,477],"floor_reached":16,"language":"KOR","playtime":428,"items_purged":[],"score":117,"play_id":"6263f028-2a4f-4422-b777-ec4ce1808695","local_time":"20210217072601","is_ascension_mode":true,"campfire_choices":[{"data":"Redo","floor":6,"key":"SMITH"},{"floor":8,"key":"REST"},{"data":"Redo","floor":12,"key":"SMITH"},{"floor":15,"key":"REST"}],"circlet_count":0,"master_deck":["Strike_B","Strike_B","Strike_B","Strike_B","Defend_B","Defend_B","Defend_B","Defend_B","Zap","Dualcast","Redo+1","Redo+1","Defragment","Doubt","Rip and Tear","Rebound","Melter","Self Repair","Conserve Battery","Genetic Algorithm","Go for the Eyes"],"relics":["Cracked Core","Singing Bowl","Juzu Bracelet"],"acts_visited":["Exordium"],"potions_floor_usage":[7,11,16],"damage_taken":[{"damage":13,"enemies":"2 Louse","floor":1,"turns":2},{"damage":0,"enemies":"Small Slimes","floor":2,"turns":2},{"damage":7,"enemies":"Jaw Worm","floor":4,"turns":3},{"damage":7,"enemies":"3 Louse","floor":5,"turns":3},{"damage":16,"enemies":"Gremlin Nob","floor":7,"turns":3},{"damage":4,"enemies":"Red Slaver","floor":10,"turns":3},{"damage":21,"enemies":"Large Slime","floor":11,"turns":5},{"damage":14,"enemies":"Blue Slaver","floor":13,"turns":3},{"damage":11,"enemies":"3 Louse","floor":14,"turns":2},{"damage":53,"enemies":"Slime Boss","floor":16,"turns":5}],"seed_played":"3925961096599290994","potions_obtained":[{"floor":5,"key":"FearPotion"},{"floor":7,"key":"LiquidBronze"},{"floor":10,"key":"ColorlessPotion"},{"floor":11,"key":"LiquidBronze"},{"floor":13,"key":"PowerPotion"}],"is_trial":false,"path_per_floor":["M","M","?","M","M","R","E","R","T","M","M","R","M","M","R","B"],"character_chosen":"DEFECT","items_purchased":[],"campfire_rested":2,"item_purchase_floors":[],"current_hp_per_floor":[62,62,62,55,48,48,32,54,54,50,36,36,29,18,40,0,0],"gold":477,"neow_bonus":"THREE_CARDS","is_daily":false,"chose_seed":false,"campfire_upgraded":2,"win_rate":0.0,"timestamp":1613514361,"path_taken":["M","M","?","M","M","R","E","R","T","M","M","R","M","M","R","BOSS"],"items_purchased_type":[],"build_version":"2020-12-22","purchased_purges":0,"victory":false,"max_hp_per_floor":[75,75,75,75,75,75,75,75,75,75,75,75,75,75,75,75,75],"card_choices":[{"not_picked":["Force Field","Hello World"],"picked":"Redo","floor":0},{"not_picked":["Streamline","Force Field"],"picked":"Redo","floor":1},{"not_picked":["Redo","Turbo"],"picked":"Defragment","floor":2},{"not_picked":["Lockon","Steam"],"picked":"Rip and Tear","floor":4},{"not_picked":["Stack","Storm"],"picked":"Rebound","floor":5},{"not_picked":["Lockon","Creative AI"],"picked":"Melter","floor":7},{"not_picked":["Hello World","Sweeping Beam"],"picked":"Self Repair","floor":10},{"not_picked":["Sweeping Beam","Blizzard"],"picked":"Conserve Battery","floor":11},{"not_picked":["Stack","Cold Snap"],"picked":"Genetic Algorithm","floor":13},{"not_picked":["Hologram","Cold Snap"],"picked":"Go for the Eyes","floor":14}],"player_experience":121983,"relics_obtained":[{"floor":7,"key":"Singing Bowl"},{"floor":9,"key":"Juzu Bracelet"}],"event_choices":[{"damage_healed":0,"gold_gain":175,"player_choice":"AGREE","damage_taken":0,"max_hp_gain":0,"max_hp_loss":0,"event_name":"Liars Game","floor":3,"gold_loss":0,"cards_obtained":["Doubt"]}],"is_beta":false,"boss_relics":[],"items_purged_floors":[],"is_endless":false,"potions_floor_spawned":[5,7,10,11,13],"killed_by":"Slime Boss","ascension_level":2}}