{"host":"Ringo","time":1613476237,"event":{"mods":["BaseMod","Colored Map","Conspire","Dota2Spire","Hubris","Minty Spire (QoL Compilation)","Replay The Spire","StSLib","The Construct","[IsaacMod]ÒÔÈö¼âËþ","¡¾ÒÅÎï¿¨ÅÆ¡¿REMEMod"],"gold_per_floor":[119,137,233,249,259,311,336,368,368,399,434,461,493,521,521,595,595,607,618,635,667,210,242,242,274,345,380,59,89,118,136,136,207,207,220,234,253,253,295,322,341,366,366,395,312,346,61,96,96,114,114,264,298,308,339,113,148,171,198,227,261,288,320,320,320,320],"floor_reached":52,"language":"ZHS","playtime":2337,"items_purged":[],"score":4652,"play_id":"bfc09d85-9829-415c-99cd-0309a22243c1","local_time":"20210216195037","daily_mods":["SealedDeck","Vintage","Colorless Cards","Heirloom","Time Dilation","Flight","DeadlyEvents","Elite Swarm","Lethality","Binary"],"is_ascension_mode":true,"campfire_choices":[{"data":"ReplayUltimateDefense","floor":15.0,"key":"SMITH"},{"data":"Barricade","floor":32.0,"key":"SMITH"},{"data":"Armaments","floor":49.0,"key":"SMITH"},{"floor":49,"key":"DIG"}],"circlet_count":0,"master_deck":["AscendersBane","Thunderclap","Ghostly Armor","Good Instincts","hubris:CleavingFinish+1","Iron Wave","Flex+1","Sword Boomerang","Cleave","Replay:Undeath\u0027s Touch","conspire:Banana+1","construct:Reserves","Barricade+1","Offering","ReplayUltimateDefense+1","Limit Break","Secret Weapon","Panache","Shrug It Off","Impervious","hubris:ReadiedAction+1","ReplayTheSpireMod:LeadingStrike","Armaments+1","Heavy Blade+1","Feel No Pain","Poisoned Strike","Master of Strategy"],"relics":["Burning Blood","Busted Crown","HushsDoor","replay:Trail_Library","Void","Question Card","Strawberry","D6","Charon\u0027s Ashes","Bag of Preparation","Letter Opener","Bag of Marbles","SatanicBible","Orichalcum","Blood Vial","conspire:SpecialSausage","Mirror","YumHeart","Replay:Rubber Ducky","Red Mask","ReplayFunnel","Dota2Spire:DrumOfEndurance","Shovel","MutagenicStrength","conspire:TopHat","Shuriken","Tiny Chest","Pen Nib","MagicMushroom","ReplayTheSpireMod:Shallot","Replay:Multitool","Ancient Tea Set","Oddly Smooth Stone","Dota2Spire:ArmletOfMordiggian","Smiling Mask","Replay:Baseball","Bottled Tornado","Dota2Spire:UrnOfShadows","hubris:Metronome","ReplayTheSpireMod:Spearhead","HornCleat","Dota2Spire:EtherealBlade","SteamSale","Sling","Replay:Bottled Flurry","Dota2Spire:Butterfly","ReplayTheSpireMod:Lightbulb","MealTicket","Replay:Ringing Soul","Whetstone","Akabeko","Dota2Spire:PowerTreads"],"acts_visited":["Exordium","TheCity","TheBeyond"],"potions_floor_usage":[50,50,51,51],"damage_taken":[{"damage":0.0,"enemies":"2 Louse","floor":1.0,"turns":2.0},{"damage":0.0,"enemies":"Cultist","floor":2.0,"turns":2.0},{"damage":0.0,"enemies":"Jaw Worm","floor":5.0,"turns":1.0},{"damage":7.0,"enemies":"3 Sentries","floor":6.0,"turns":3.0},{"damage":0.0,"enemies":"Lagavulin","floor":7.0,"turns":2.0},{"damage":6.0,"enemies":"Gremlin Nob","floor":8.0,"turns":1.0},{"damage":0.0,"enemies":"Lagavulin","floor":10.0,"turns":1.0},{"damage":0.0,"enemies":"Gremlin Nob","floor":11.0,"turns":1.0},{"damage":0.0,"enemies":"3 Sentries","floor":12.0,"turns":1.0},{"damage":0.0,"enemies":"Lagavulin","floor":13.0,"turns":1.0},{"damage":0.0,"enemies":"3 Sentries","floor":14.0,"turns":1.0},{"damage":0.0,"enemies":"The Guardian","floor":16.0,"turns":1.0},{"damage":0.0,"enemies":"Chosen","floor":18.0,"turns":1.0},{"damage":0.0,"enemies":"Shell Parasite","floor":19.0,"turns":1.0},{"damage":0.0,"enemies":"Cultist and Chosen","floor":20.0,"turns":1.0},{"damage":0.0,"enemies":"Masked Bandits","floor":21.0,"turns":1.0},{"damage":0.0,"enemies":"Gremlin Leader","floor":23.0,"turns":3.0},{"damage":0.0,"enemies":"Slavers","floor":25.0,"turns":1.0},{"damage":0.0,"enemies":"Book of Stabbing","floor":27.0,"turns":1.0},{"damage":0.0,"enemies":"Gremlin Leader","floor":29.0,"turns":1.0},{"damage":0.0,"enemies":"Slavers","floor":30.0,"turns":3.0},{"damage":0.0,"enemies":"Snecko","floor":31.0,"turns":1.0},{"damage":0.0,"enemies":"Collector","floor":33.0,"turns":1.0},{"damage":6.0,"enemies":"Orb Walker","floor":35.0,"turns":2.0},{"damage":1.0,"enemies":"3 Shapes","floor":36.0,"turns":2.0},{"damage":0.0,"enemies":"3 Darklings","floor":37.0,"turns":4.0},{"damage":0.0,"enemies":"R_Hoarder","floor":40.0,"turns":1.0},{"damage":0.0,"enemies":"Writhing Mass","floor":41.0,"turns":2.0},{"damage":6.0,"enemies":"Giant Head","floor":44.0,"turns":4.0},{"damage":0.0,"enemies":"R_Hoarder","floor":46.0,"turns":4.0},{"damage":6.0,"enemies":"Giant Head","floor":48.0,"turns":3.0},{"damage":0.0,"enemies":"3 Darklings","floor":35.0,"turns":2.0},{"damage":0.0,"enemies":"Giant Head","floor":38.0,"turns":4.0},{"damage":0.0,"enemies":"3 Shapes","floor":39.0,"turns":2.0},{"damage":0.0,"enemies":"Nemesis","floor":40.0,"turns":1.0},{"damage":6.0,"enemies":"R_Hoarder","floor":42.0,"turns":2.0},{"damage":6,"enemies":"Giant Head","floor":44,"turns":1},{"damage":0,"enemies":"R_Hoarder","floor":45,"turns":5},{"damage":0,"enemies":"Nemesis","floor":46,"turns":1},{"damage":0,"enemies":"R_Hoarder","floor":47,"turns":1},{"damage":6,"enemies":"Giant Head","floor":48,"turns":2},{"damage":1,"enemies":"Donu and Deca","floor":50,"turns":2},{"damage":6,"enemies":"Awakened One","floor":51,"turns":3}],"seed_played":"196149714944190407","potions_obtained":[{"floor":6.0,"key":"PowerPotion"},{"floor":6.0,"key":"PowerPotion"},{"floor":7.0,"key":"DuplicationPotion"},{"floor":10.0,"key":"Elixir"},{"floor":11.0,"key":"Energy Potion"},{"floor":12.0,"key":"Weak Potion"},{"floor":16.0,"key":"Block Potion"},{"floor":40.0,"key":"EntropicBrew"}],"is_trial":true,"path_per_floor":["M","M","?","?","M","E","E","E","T","E","E","E","E","E","R","B",null,"M","M","M","?","$","E","?","E","T","E","$","E","E","M","R","B",null,"M","M","M","?","?","E","M","T","T","E","$","E","$","E","R","M","$","T","E","M","E","$","E","T","E","E","E","E","E","R","B","B",null],"character_chosen":"IRONCLAD","items_purchased":["ReplayFunnel","Dota2Spire:DrumOfEndurance","hubris:ReadiedAction+1","ReplayTheSpireMod:LeadingStrike","ForgetMeNow","Armaments","Feel No Pain","hubris:Metronome","Sling","Replay:Bottled Flurry"],"campfire_rested":0,"item_purchase_floors":[22,22,22,22,28,34,45,47,41,41],"current_hp_per_floor":[75,84,69,36,42,42,50,52,52,60,66,74,82,88,88,97,97,97,97,97,97,97,99,99,101,101,103,103,105,107,109,109,111,117,117,119,121,121,106,116,123,123,123,125,125,127,127,129,129,129,129,129,131,131,133,133,133,133,133,135,135,138,140,140,140,142],"gold":320,"neow_bonus":"","is_daily":false,"chose_seed":false,"campfire_upgraded":3,"win_rate":0.0,"timestamp":1613476237,"path_taken":["M","M","?","?","?","E","E","E","T","E","E","?","E","E","R","BOSS","M","M","M","?","$","E","?","E","T","E","$","E","E","M","R","BOSS","M","M","M","?","?","E","?","?","T","?","?","E","$","E","R","M","?","?","?","?","E","$","E","T","E","E","E","E","E","R","BOSS","BOSS"],"items_purchased_type":["Relic","Relic","Card","Card","Relic","Card","Card","Relic","Relic","Relic"],"build_version":"2020-12-18","purchased_purges":0,"victory":true,"max_hp_per_floor":[76,84,84,84,84,85,87,89,89,91,91,93,95,95,95,97,97,97,97,97,97,97,99,99,101,101,103,103,105,107,109,109,111,117,117,119,121,121,121,123,123,123,123,125,125,127,127,129,129,129,129,129,131,131,133,133,133,133,133,135,135,138,140,140,140,142],"card_choices":[{"not_picked":[],"picked":"Barricade","floor":6.0},{"not_picked":[],"picked":"Offering","floor":7.0},{"not_picked":[],"picked":"ReplayUltimateDefense","floor":8.0},{"not_picked":["Bludgeon"],"picked":"SKIP","floor":10.0},{"not_picked":[],"picked":"Limit Break","floor":11.0},{"not_picked":["Demonic Infusion"],"picked":"SKIP","floor":11.0},{"not_picked":[],"picked":"Secret Weapon","floor":12.0},{"not_picked":[],"picked":"Panache","floor":13.0},{"not_picked":["Replay:Many Hands"],"picked":"SKIP","floor":14.0},{"not_picked":[],"picked":"Impervious","floor":16.0},{"not_picked":["Reaper"],"picked":"SKIP","floor":23.0},{"not_picked":["Demonic Infusion"],"picked":"SKIP","floor":25.0},{"not_picked":["conspire:Purge"],"picked":"SKIP","floor":27.0},{"not_picked":["EpicFetus"],"picked":"SKIP","floor":29.0},{"not_picked":[],"picked":"REME_ProfessionalPlagiarism","floor":30.0},{"not_picked":["Offering"],"picked":"SKIP","floor":40.0},{"not_picked":["Impervious"],"picked":"SKIP","floor":44.0},{"not_picked":["Berserk"],"picked":"SKIP","floor":46.0},{"not_picked":["Berserk"],"picked":"SKIP","floor":48.0},{"not_picked":[],"picked":"Poisoned Strike","floor":38.0},{"not_picked":["REME_EyeOfCthun"],"picked":"SKIP","floor":40.0},{"not_picked":["Midas Touch"],"picked":"SKIP","floor":42.0},{"not_picked":["Corruption"],"picked":"SKIP","floor":44},{"not_picked":["Corruption"],"picked":"SKIP","floor":45},{"not_picked":["Poisoned Strike"],"picked":"SKIP","floor":46},{"not_picked":[],"picked":"Master of Strategy","floor":47},{"not_picked":["Corruption"],"picked":"SKIP","floor":48}],"player_experience":702447,"relics_obtained":[{"floor":1.0,"key":"Question Card"},{"floor":2.0,"key":"Strawberry"},{"floor":4.0,"key":"D6"},{"floor":5.0,"key":"Charon\u0027s Ashes"},{"floor":6.0,"key":"War Paint"},{"floor":7.0,"key":"Bag of Preparation"},{"floor":8.0,"key":"Letter Opener"},{"floor":9.0,"key":"Bag of Marbles"},{"floor":10.0,"key":"SatanicBible"},{"floor":11.0,"key":"conspire:GiftBox"},{"floor":12.0,"key":"Orichalcum"},{"floor":13.0,"key":"Pantograph"},{"floor":14.0,"key":"Blood Vial"},{"floor":18.0,"key":"Mirror"},{"floor":19.0,"key":"YumHeart"},{"floor":20.0,"key":"Replay:Rubber Ducky"},{"floor":21.0,"key":"Red Mask"},{"floor":23.0,"key":"Shovel"},{"floor":25.0,"key":"conspire:TopHat"},{"floor":26.0,"key":"Shuriken"},{"floor":27.0,"key":"Art of War"},{"floor":29.0,"key":"Red Skull"},{"floor":30.0,"key":"Tiny Chest"},{"floor":31.0,"key":"Pen Nib"},{"floor":35.0,"key":"ReplayTheSpireMod:Shallot"},{"floor":36.0,"key":"Replay:Multitool"},{"floor":37.0,"key":"Ancient Tea Set"},{"floor":40.0,"key":"Oddly Smooth Stone"},{"floor":41.0,"key":"Dota2Spire:ArmletOfMordiggian"},{"floor":42.0,"key":"Smiling Mask"},{"floor":43.0,"key":"Replay:Baseball"},{"floor":44.0,"key":"Bottled Tornado"},{"floor":46.0,"key":"Dota2Spire:UrnOfShadows"},{"floor":48.0,"key":"ReplayTheSpireMod:Spearhead"},{"floor":35.0,"key":"HornCleat"},{"floor":37.0,"key":"Dota2Spire:EtherealBlade"},{"floor":39.0,"key":"SteamSale"},{"floor":40.0,"key":"hubris:DeckOfHolding"},{"floor":42.0,"key":"Dota2Spire:Butterfly"},{"floor":43,"key":"ReplayTheSpireMod:Lightbulb"},{"floor":44,"key":"MealTicket"},{"floor":45,"key":"Replay:Ringing Soul"},{"floor":46,"key":"Whetstone"},{"floor":47,"key":"Replay:Mystery Machine"},{"floor":48,"key":"Akabeko"},{"floor":49,"key":"Dota2Spire:PowerTreads"}],"event_choices":[{"damage_healed":0.0,"max_hp_gain":0.0,"max_hp_loss":0.0,"gold_gain":0.0,"event_name":"Masked Bandits","player_choice":"Fought Bandits","floor":21.0,"gold_loss":0.0,"damage_taken":0.0},{"damage_healed":0.0,"max_hp_gain":0.0,"max_hp_loss":0.0,"gold_gain":0.0,"event_name":"Drug Dealer","player_choice":"Inject Mutagens","floor":24.0,"gold_loss":0.0,"damage_taken":0.0,"relics_obtained":["MutagenicStrength"]},{"cards_removed":["REME_ProfessionalPlagiarism"],"damage_healed":0.0,"max_hp_gain":0.0,"max_hp_loss":0.0,"gold_gain":0.0,"event_name":"Falling","player_choice":"Removed Skill","floor":38.0,"gold_loss":0.0,"damage_taken":0.0}],"is_beta":true,"boss_relics":[{"not_picked":["Abe\u0027s Treasure","Ring of Chaos"],"picked":"conspire:SpecialSausage"},{"not_picked":[]},{"not_picked":["hubris:Stopwatch","Replay:Wanted Poster"],"picked":"MagicMushroom"},{"not_picked":[]}],"items_purged_floors":[],"is_endless":false,"potions_floor_spawned":[6,7,10,11,12,16,19,23,25,27,31,36,40,46,48,35,38,42,46],"ascension_level":20}}