{"host":"a20qfyjn5xm2mdxh","time":1613477336,"event":{"mods":["BaseMod","Downfall","Minty Spire (QoL Compilation)","Relic Stats","Reliquary","Replay The Spire","StSLib"],"gold_per_floor":[199,213,225,242,258,293,347,357,457,257,285,285,295,342,353,455,455,355,367,367,381,381,413,461,488,488,506,506,506,211,323,343,464,464,464,496,137,137,487,551,551,576,612,641,700,700,742,779,826,878,878,940,404,404,418,418,418],"floor_reached":55,"language":"ZHS","playtime":3761,"items_purged":["Pride","bronze:Defend","Looming Evil"],"score":1234,"play_id":"c7e95ec6-3081-4daa-bb65-76fb8f860fc1","local_time":"20210216200856","is_ascension_mode":false,"campfire_choices":[{"floor":1.0,"key":"RECALL"},{"floor":10.0,"key":"REST"},{"floor":12.0,"key":"REST"},{"data":"bronze:Mutator","floor":18.0,"key":"SMITH"},{"data":"Slimebound:CheckThePlaybook","floor":29.0,"key":"SMITH"},{"data":"bronze:RecursiveStrike","floor":29.0,"key":"SMITH"},{"data":"bronze:SpaghettiCode","floor":35.0,"key":"SMITH"},{"data":"bronze:Backtrace","floor":35.0,"key":"SMITH"},{"data":"bronze:Shell","floor":54,"key":"SMITH"},{"data":"bronze:Fortify","floor":54,"key":"SMITH"}],"circlet_count":0,"master_deck":["bronze:Strike","bronze:Strike","bronze:Defend","bronze:Defend","bronze:Replicate","bronze:Goto","bronze:BronzeOrb+1","bronze:Iterate","bronze:ChosenStrike+1","bronze:Return","bronze:Backtrace","bronze:Boost+1","bronze:Mutator+1","bronze:FollowUp+1","Slimebound:CheckThePlaybook+1","bronze:Fortify+1","bronze:RecursiveStrike+1","bronze:Break","bronze:ItsAFeature","bronze:Backtrace+1","bronze:SpaghettiCode+1","bronze:AlphaBuild+1","Spreading Infection","Shame","Hallucinations","Hallucinations","bronze:DigitalCarnage+1","bronze:Break","ReplayTheSpireMod:Faulty Equipment","bronze:Shell+1","Delirium","downfall:Haunted","CommonCold","Parasite","ReplayTheSpireMod:Faulty Equipment"],"relics":["bronze:PlatinumCore","Onion Ring","Gremlin Food","downfall:HeartBlessingRed","downfall:HeartBlessingGreen","Bag of Marbles","downfall:HeartBlessingBlue","Replay:Wax Seal","bronze:SilverBullet","Replay:Bandana","MutagenicStrength","Replay:Arrowhead","Sling","WingedGreaves","bronze:CableSpool","Replay:Drink Me","ClockworkSouvenir","Girya","reliquary:FerryPass","Ring of Greed","Old Coin","Tiny Chest","reliquary:JackalopeAntler","Replay:Multitool","Whetstone","Replay:Bottled Snecko","Bag of Preparation","Iron Hammer","reliquary:Aerogel"],"acts_visited":["Exordium","TheCity","TheBeyond","TheEnding"],"potions_floor_usage":[50,50,55],"damage_taken":[{"damage":2.0,"enemies":"2 Louse","floor":2.0,"turns":2.0},{"damage":1.0,"enemies":"Cultist","floor":3.0,"turns":4.0},{"damage":1.0,"enemies":"Small Slimes","floor":4.0,"turns":2.0},{"damage":4.0,"enemies":"downfall:LooterAlt","floor":5.0,"turns":3.0},{"damage":43.0,"enemies":"Lagavulin","floor":6.0,"turns":7.0},{"damage":0.0,"enemies":"3 Louse","floor":8.0,"turns":2.0},{"damage":0.0,"enemies":"Gremlin Nob","floor":11.0,"turns":1.0},{"damage":0.0,"enemies":"Blue Slaver","floor":13.0,"turns":1.0},{"damage":0.0,"enemies":"Exordium Thugs","floor":15.0,"turns":1.0},{"damage":0.0,"enemies":"SI_SHIV_ARCHETYPE","floor":16.0,"turns":3.0},{"damage":4.0,"enemies":"Spheric Guardian","floor":19.0,"turns":3.0},{"damage":0.0,"enemies":"Shell Parasite","floor":21.0,"turns":1.0},{"damage":0.0,"enemies":"Replay:Snechameleon","floor":23.0,"turns":1.0},{"damage":0.0,"enemies":"Book of Stabbing","floor":25.0,"turns":3.0},{"damage":0.0,"enemies":"Snake Plant","floor":27.0,"turns":1.0},{"damage":0.0,"enemies":"downfall:FleeingMerchant","floor":30.0,"turns":4.0},{"damage":0.0,"enemies":"WA_ARCHETYPE_RETAIN","floor":31.0,"turns":1.0},{"damage":0.0,"enemies":"Snecko","floor":32.0,"turns":1.0},{"damage":0.0,"enemies":"IC_MUSHROOM_ARCHETYPE","floor":33.0,"turns":2.0},{"damage":0.0,"enemies":"3 Darklings","floor":36.0,"turns":2.0},{"damage":0.0,"enemies":"downfall:FleeingMerchant","floor":37.0,"turns":2.0},{"damage":13.0,"enemies":"Giant Head","floor":40.0,"turns":4.0},{"damage":0.0,"enemies":"Orb Walker","floor":42.0,"turns":1.0},{"damage":0.0,"enemies":"Jaw Worm Horde","floor":43.0,"turns":1.0},{"damage":0.0,"enemies":"Spire Growth","floor":44.0,"turns":1.0},{"damage":0.0,"enemies":"R_Hoarder","floor":45.0,"turns":2.0},{"damage":0.0,"enemies":"Nemesis","floor":47.0,"turns":1.0},{"damage":4.0,"enemies":"4 Shapes","floor":48.0,"turns":1.0},{"damage":9.0,"enemies":"Maw","floor":49.0,"turns":4.0},{"damage":12,"enemies":"WA_ARCHETYPE_DIVINITY","floor":50,"turns":3},{"damage":0,"enemies":"downfall:CharBossMerchant","floor":52,"turns":3},{"damage":62,"enemies":"downfall:NeowBoss","floor":55,"turns":7}],"seed_played":"3189610525104354076","potions_obtained":[{"floor":2.0,"key":"Strength Potion"},{"floor":3.0,"key":"SkillPotion"},{"floor":8.0,"key":"Strength Potion"},{"floor":16.0,"key":"champ:CounterPotion"},{"floor":25.0,"key":"Doom Potion"},{"floor":42.0,"key":"DistilledChaos"},{"floor":48.0,"key":"Elixir"},{"floor":52,"key":"bronze:BurnAndBuffPotion"}],"is_trial":false,"path_per_floor":["R","M","M","M","M","E","T","M","?","R","E","R","M","T","M","B",null,"R","M","?","M","?","E","T","E","?","M","?","R","$","?","M","B",null,"R","M","?","?","?","E","T","M","M","M","E","?","E","M","M","B",null,"E","$","R","B"],"character_chosen":"THE_AUTOMATON","items_purchased":["Sling","bronze:ItsAFeature","ClockworkSouvenir","Girya","reliquary:FerryPass","Iron Hammer","reliquary:Aerogel"],"campfire_rested":2,"item_purchase_floors":[30,30,37,37,37,53,53],"current_hp_per_floor":[70,68,67,66,62,19,19,19,19,40,40,61,61,61,61,61,70,80,76,76,76,76,76,76,76,76,76,76,76,76,76,76,76,60,60,60,60,60,60,47,47,47,47,47,47,47,47,43,34,22,60,60,60,60,0,0,0],"gold":418,"neow_bonus":"HUNDRED_GOLD","is_daily":false,"chose_seed":false,"campfire_upgraded":7,"win_rate":0.0,"timestamp":1613477336,"path_taken":["R","M","M","M","M","E","T","M","?","R","E","R","?","?","M","BOSS","R","M","?","M","?","E","T","E","?","M","?","R","$","?","M","BOSS","R","M","?","?","?","E","T","?","M","M","E","?","E","M","M","BOSS","E","$","R","BOSS"],"items_purchased_type":["Relic","Card","Relic","Relic","Relic","Relic","Relic"],"build_version":"2020-12-22","purchased_purges":3,"victory":false,"max_hp_per_floor":[70,70,70,70,70,70,70,70,70,70,70,70,70,70,70,70,70,80,80,80,80,80,80,80,80,80,80,80,80,80,80,80,80,60,60,60,60,60,60,60,60,60,60,60,60,60,60,60,60,60,60,60,60,60,60,60,60],"relic_stats":{"counters":[32,75],"Tiny Chest":0,"Bag of Preparation":[2],"Whetstone":["bronze:AlphaBuild","bronze:BronzeOrb"],"obtain_stats":[{"bronze:PlatinumCore":17,"bronze:BronzeCore":0,"reliquary:Aerogel":53,"downfall:HeartBlessingGreen":10,"Replay:Multitool":41,"Bag of Preparation":52,"Whetstone":45,"Sling":30,"bronze:CableSpool":31,"ClockworkSouvenir":37,"reliquary:FerryPass":37,"Old Coin":39,"Replay:Bandana":25,"downfall:HeartBlessingBlue":18,"Tiny Chest":39,"WingedGreaves":31,"Iron Hammer":53,"Replay:Bottled Snecko":47,"Replay:Wax Seal":23,"Replay:Drink Me":34,"Gremlin Food":7,"Girya":37,"downfall:HeartBlessingRed":10,"Ring of Greed":39,"Replay:Arrowhead":28,"reliquary:JackalopeAntler":40,"MutagenicStrength":26,"Onion Ring":6,"Bag of Marbles":11,"bronze:SilverBullet":24},{"bronze:PlatinumCore":10,"bronze:BronzeCore":0,"reliquary:Aerogel":31,"downfall:HeartBlessingGreen":6,"Replay:Multitool":22,"Bag of Preparation":31,"Whetstone":26,"Sling":16,"bronze:CableSpool":17,"ClockworkSouvenir":21,"reliquary:FerryPass":21,"Old Coin":21,"Replay:Bandana":14,"downfall:HeartBlessingBlue":10,"Tiny Chest":21,"WingedGreaves":17,"Iron Hammer":31,"Replay:Bottled Snecko":27,"Replay:Wax Seal":13,"Replay:Drink Me":19,"Gremlin Food":5,"Girya":21,"downfall:HeartBlessingRed":6,"Ring of Greed":21,"Replay:Arrowhead":15,"reliquary:JackalopeAntler":22,"MutagenicStrength":14,"Onion Ring":5,"Bag of Marbles":7,"bronze:SilverBullet":13},{"bronze:PlatinumCore":26,"bronze:BronzeCore":0,"reliquary:Aerogel":68,"downfall:HeartBlessingGreen":20,"Replay:Multitool":51,"Bag of Preparation":68,"Whetstone":56,"Sling":39,"bronze:CableSpool":40,"ClockworkSouvenir":47,"reliquary:FerryPass":47,"Old Coin":47,"Replay:Bandana":34,"downfall:HeartBlessingBlue":26,"Tiny Chest":47,"WingedGreaves":40,"Iron Hammer":68,"Replay:Bottled Snecko":57,"Replay:Wax Seal":31,"Replay:Drink Me":43,"Gremlin Food":18,"Girya":47,"downfall:HeartBlessingRed":20,"Ring of Greed":47,"Replay:Arrowhead":35,"reliquary:JackalopeAntler":51,"MutagenicStrength":34,"Onion Ring":18,"Bag of Marbles":21,"bronze:SilverBullet":31}]},"card_choices":[{"not_picked":["bronze:Repulsor","bronze:Iterate"],"picked":"bronze:BronzeOrb","floor":2.0},{"not_picked":["bronze:DarkDash","bronze:Invalidate"],"picked":"bronze:Iterate","floor":3.0},{"not_picked":["bronze:Turbo","bronze:Deprecate"],"picked":"bronze:ChosenStrike","floor":4.0},{"not_picked":["bronze:Iterate","bronze:Shell"],"picked":"bronze:Return","floor":5.0},{"not_picked":["bronze:Shield","bronze:Repulsor"],"picked":"bronze:Backtrace","floor":6.0},{"not_picked":["bronze:Flail","bronze:Deprecate"],"picked":"bronze:Boost","floor":8.0},{"not_picked":["bronze:DelayedGuard","bronze:BugBarrage","bronze:CutThrough"],"picked":"SKIP","floor":11.0},{"not_picked":["bronze:BuggyMess","bronze:BitShift","bronze:FineTuning"],"picked":"SKIP","floor":13.0},{"not_picked":["bronze:BronzeArmor","bronze:Branch","bronze:BuggyMess"],"picked":"SKIP","floor":15.0},{"not_picked":["bronze:Break","bronze:Virus"],"picked":"bronze:Mutator","floor":16.0},{"not_picked":["bronze:ChildClass","bronze:Deprecate"],"picked":"bronze:FollowUp+1","floor":19.0},{"not_picked":["bronze:Shield","bronze:GetLatest","bronze:Turbo"],"picked":"SKIP","floor":21.0},{"not_picked":["bronze:Frontload","bronze:Flail"],"picked":"bronze:Fortify","floor":23.0},{"not_picked":["bronze:FollowUp","bronze:Shell"],"picked":"bronze:RecursiveStrike","floor":25.0},{"not_picked":["bronze:BugBarrage+1","bronze:Overload","bronze:DelayedSlice+1"],"picked":"SKIP","floor":27.0},{"not_picked":["bronze:WildBeam","bronze:BitShift+1"],"picked":"bronze:Break","floor":30.0},{"not_picked":["bronze:Invalidate","bronze:Deprecate"],"picked":"bronze:Backtrace","floor":31.0},{"not_picked":["bronze:WhirlingStrike+1","bronze:BitShift","bronze:Deprecate+1"],"picked":"SKIP","floor":32.0},{"not_picked":["bronze:Mutator","bronze:RecursiveStrike"],"picked":"bronze:SpaghettiCode","floor":33.0},{"not_picked":["bronze:Frontload+1","bronze:Iterate+1","bronze:Invalidate"],"picked":"SKIP","floor":36.0},{"not_picked":["bronze:Iterate+1","bronze:Frontload"],"picked":"bronze:AlphaBuild","floor":37.0},{"not_picked":["bronze:Overheat+1","bronze:Shield+1","bronze:OilSpill+1"],"picked":"SKIP","floor":40.0},{"not_picked":["bronze:Turbo","bronze:WildBeam","bronze:NullPointer"],"picked":"SKIP","floor":42.0},{"not_picked":["bronze:WildBeam","bronze:ForLoop","bronze:Shield+1"],"picked":"SKIP","floor":43.0},{"not_picked":["bronze:Overheat","bronze:Fortify+1","bronze:ItsAFeature"],"picked":"SKIP","floor":44.0},{"not_picked":["bronze:FineTuning+1","bronze:DelayedGuard+1"],"picked":"bronze:DigitalCarnage+1","floor":45.0},{"not_picked":["bronze:Iterate+1","bronze:WildBeam","bronze:HardenedForm"],"picked":"SKIP","floor":47.0},{"not_picked":["bronze:Turbo","bronze:DarkDash","bronze:Shield"],"picked":"SKIP","floor":48.0},{"not_picked":["bronze:BugBarrage+1","bronze:Branch"],"picked":"bronze:Shell","floor":49.0},{"not_picked":["bronze:Backtrace","bronze:ChosenStrike","bronze:OilSpill"],"picked":"SKIP","floor":52}],"player_experience":270609,"relics_obtained":[{"floor":6.0,"key":"Onion Ring"},{"floor":7.0,"key":"Gremlin Food"},{"floor":11.0,"key":"Bag of Marbles"},{"floor":23.0,"key":"Replay:Wax Seal"},{"floor":24.0,"key":"bronze:SilverBullet"},{"floor":25.0,"key":"Replay:Bandana"},{"floor":31.0,"key":"WingedGreaves"},{"floor":31.0,"key":"bronze:CableSpool"},{"floor":39.0,"key":"Ring of Greed"},{"floor":39.0,"key":"Old Coin"},{"floor":39.0,"key":"Tiny Chest"},{"floor":40.0,"key":"reliquary:JackalopeAntler"},{"floor":41.0,"key":"Replay:Multitool"},{"floor":45.0,"key":"Whetstone"},{"floor":47.0,"key":"Replay:Bottled Snecko"},{"floor":52,"key":"Bag of Preparation"}],"event_choices":[{"damage_healed":0.0,"max_hp_gain":0.0,"max_hp_loss":0.0,"gold_gain":100.0,"event_name":"Wheel of Change","player_choice":"Gold","floor":9.0,"gold_loss":0.0,"damage_taken":0.0},{"damage_healed":0.0,"max_hp_gain":0.0,"max_hp_loss":0.0,"gold_gain":0.0,"event_name":"Vampires","player_choice":"Ignored","floor":22.0,"gold_loss":0.0,"damage_taken":0.0},{"damage_healed":0.0,"max_hp_gain":0.0,"max_hp_loss":0.0,"gold_gain":0.0,"event_name":"Drug Dealer","player_choice":"Inject Mutagens","floor":26.0,"gold_loss":0.0,"damage_taken":0.0,"relics_obtained":["MutagenicStrength"]},{"damage_healed":0.0,"max_hp_gain":0.0,"max_hp_loss":0.0,"gold_gain":0.0,"event_name":"Addict","player_choice":"Stole Relic","floor":28.0,"gold_loss":0.0,"damage_taken":0.0,"relics_obtained":["Replay:Arrowhead"],"cards_obtained":["Pride"]},{"cards_removed":["bronze:Strike"],"damage_healed":0.0,"max_hp_gain":0.0,"max_hp_loss":0.0,"gold_gain":0.0,"event_name":"Falling","player_choice":"Removed Attack","floor":38.0,"gold_loss":0.0,"damage_taken":0.0}],"is_beta":false,"boss_relics":[{"not_picked":["reliquary:Craggleroot","Replay:Bronze Core"],"picked":"bronze:PlatinumCore"},{"not_picked":["Fusion Hammer","Snecko Eye"],"picked":"Replay:Drink Me"}],"items_purged_floors":[30,37,53],"is_endless":false,"potions_floor_spawned":[2,3,8,16,21,25,27,32,33,36,42,44,48,52],"killed_by":"downfall:NeowBoss","ascension_level":0}}