{"host":"ox77rn1xcurm2t5a","time":1613504448,"event":{"mods":["2.2 Compatiblity","AchievementEnabler","Act Like it!","Aspiration","BaseMod","Best Route Mod","Better Match","Better Note","Better Sensory Stone","Block Reminder","Colored Map","Colored Powertips","Conjunction","Conspire","Custom Start","Energized Spire","GifTheSpireLib","Gold Saver","Gremlin Skip","Halation","Highlight Path","Hubris","Infinite Spire","Minty Spire (QoL Compilation)","Pale of the Ancients","Quick Restart","Replay The Spire","Reworked Bosses","ShortenTheSpire","Spire Exporter","StSLib","Stuff the Spire","Wandering Minibosses"],"gold_per_floor":[260,260,260,273,292,292,322,322,348,383,383,383,412,34,34,137,137,150,168,168,179,24,53,53,53,53],"floor_reached":25,"language":"ENG","playtime":577,"items_purged":["Defend_R"],"score":284,"play_id":"9a5a7736-5073-444c-a8e2-2de220f3a304","local_time":"20210216214048","is_ascension_mode":true,"campfire_choices":[{"floor":6.0,"key":"RECALL"},{"data":"Bash","floor":8.0,"key":"SMITH"},{"data":"Perfected Strike","floor":12.0,"key":"SMITH"},{"data":"Demon Form","floor":15.0,"key":"SMITH"},{"floor":24,"key":"REST"}],"circlet_count":0,"master_deck":["Strike_R","Strike_R","Strike_R","Strike_R","Strike_R","Defend_R","Defend_R","Defend_R","Bash+1","Perfected Strike+1","Perfected Strike+1","Demon Form+1","Demon Form","Heavy Blade","Heavy Blade+1","Inflame","Battle Trance"],"relics":["Burning Blood","StuffTheSpire:HeavyRock","Bottled Flame","Potion Belt","Magic Flower","infinitespire:Cupcake","Membership Card","TungstenRod"],"acts_visited":["Exordium","TheCity"],"potions_floor_usage":[23,23,25],"damage_taken":[{"damage":6.0,"enemies":"2 Louse","floor":1.0,"turns":2.0},{"damage":12.0,"enemies":"Jaw Worm","floor":4.0,"turns":4.0},{"damage":5.0,"enemies":"Small Slimes","floor":5.0,"turns":3.0},{"damage":21.0,"enemies":"Gremlin Nob","floor":7.0,"turns":4.0},{"damage":30.0,"enemies":"3 Sentries","floor":10.0,"turns":9.0},{"damage":2.0,"enemies":"Gremlin Nob","floor":13.0,"turns":3.0},{"damage":22.0,"enemies":"Fading Forest","floor":16.0,"turns":11.0},{"damage":14.0,"enemies":"Shell Parasite","floor":18.0,"turns":2.0},{"damage":14.0,"enemies":"2 Thieves","floor":19.0,"turns":3.0},{"damage":22.0,"enemies":"Chosen and Byrds","floor":21.0,"turns":5.0},{"damage":54,"enemies":"Gremlin Leader","floor":23,"turns":6},{"damage":36,"enemies":"Book of Stabbing","floor":25,"turns":4}],"seed_played":"4228670676279295357","potions_obtained":[{"floor":5.0,"key":"SkillPotion"},{"floor":13.0,"key":"Block Potion"},{"floor":18.0,"key":"Languid Potion"},{"floor":21.0,"key":"SkillPotion"},{"floor":23,"key":"Dexterity Potion"}],"is_trial":false,"path_per_floor":["M","?","?","M","M","R","E","R","T","E","?","R","E","$","R","B",null,"M","M","?","M","$","E","R","E"],"character_chosen":"IRONCLAD","items_purchased":["Magic Flower","Membership Card"],"campfire_rested":1,"item_purchase_floors":[14,22],"current_hp_per_floor":[80,80,80,74,75,75,60,60,60,36,36,36,40,40,40,66,80,75,70,70,57,57,12,36,0,0],"gold":53,"neow_bonus":"HUNDRED_GOLD","is_daily":false,"chose_seed":false,"campfire_upgraded":3,"win_rate":0.0,"timestamp":1613504448,"path_taken":["M","?","?","M","M","R","E","R","T","E","?","R","E","$","R","BOSS","M","M","?","M","$","E","R","E"],"items_purchased_type":["Relic","Relic"],"build_version":"2020-12-22","purchased_purges":1,"victory":false,"max_hp_per_floor":[80,80,80,80,80,80,80,80,80,80,80,80,80,80,80,80,80,80,80,80,80,80,80,80,80,80],"card_choices":[{"not_picked":["Warcry","hubris:ReadiedAction"],"picked":"Perfected Strike","floor":1.0},{"not_picked":["Iron Wave","Run Through","Feel No Pain"],"picked":"SKIP","floor":4.0},{"not_picked":["StuffTheSpire:BloodClot","Iron Wave","Disarm"],"picked":"SKIP","floor":5.0},{"not_picked":["Havoc","StuffTheSpire:RockThrow"],"picked":"Perfected Strike","floor":7.0},{"not_picked":["Body Slam","True Grit","Heavy Blade"],"picked":"SKIP","floor":10.0},{"not_picked":["hubris:ReadiedAction","Rupture"],"picked":"Demon Form","floor":13.0},{"not_picked":["StuffTheSpire:TitanForm","Corruption"],"picked":"Demon Form","floor":16.0},{"not_picked":["Havoc","StuffTheSpire:RagingBull"],"picked":"Heavy Blade","floor":18.0},{"not_picked":["ReplayTheSpireMod:Corrosion Curse","Bloodletting"],"picked":"Heavy Blade+1","floor":19.0},{"not_picked":["Intimidate","Rupture"],"picked":"Inflame","floor":21.0},{"not_picked":["True Grit","Headbutt"],"picked":"Battle Trance","floor":23}],"player_experience":3119618,"relics_obtained":[{"floor":7.0,"key":"StuffTheSpire:HeavyRock"},{"floor":10.0,"key":"Bottled Flame"},{"floor":13.0,"key":"Potion Belt"},{"floor":23,"key":"TungstenRod"}],"event_choices":[{"damage_healed":0.0,"max_hp_gain":0.0,"max_hp_loss":0.0,"gold_gain":0.0,"event_name":"Golden Idol","player_choice":"Ignored","floor":2.0,"gold_loss":0.0,"damage_taken":0.0},{"damage_healed":0.0,"max_hp_gain":0.0,"max_hp_loss":0.0,"gold_gain":0.0,"event_name":"The Woman in Blue","player_choice":"Bought 0 Potions","floor":20.0,"gold_loss":0.0,"damage_taken":0.0}],"is_beta":false,"boss_relics":[{"not_picked":["conspire:SeveredTorchhead","Fusion Hammer"],"picked":"infinitespire:Cupcake"}],"items_purged_floors":[14],"is_endless":false,"potions_floor_spawned":[5,13,18,21,23],"killed_by":"Book of Stabbing","ascension_level":4}}