{"host":"or8fr2mp0k3eluj8","time":1613452434,"event":{"mods":["AchievementEnabler","BaseMod","Colored Map","DeckTracker","Minty Spire (QoL Compilation)","StSLib","SuperFastMode"],"gold_per_floor":[368,388,388,398,20,20,32,32,56,56,68,95,112,137,137,236,236,247,162,162,188,188,188,223,237,237,237,256,275,286,296,296,394,394,413,423,423,423,435,435,39,65,65,65,65,65,99,99,99,99,99,99,30,60,60,60],"floor_reached":55,"language":"KOR","playtime":2950,"items_purged":["Strike_R","Strike_R"],"score":799,"play_id":"3191b950-0d36-4ac4-b198-88908dd99f7a","local_time":"20210216141354","is_ascension_mode":true,"campfire_choices":[{"data":"Sword Boomerang","floor":6,"key":"SMITH"},{"data":"Inflame","floor":8,"key":"SMITH"},{"data":"Pummel","floor":10,"key":"SMITH"},{"data":"Fire Breathing","floor":15,"key":"SMITH"},{"data":"Evolve","floor":23,"key":"SMITH"},{"floor":32,"key":"REST"},{"floor":40,"key":"REST"},{"floor":44,"key":"REST"},{"data":"Body Slam","floor":46,"key":"SMITH"},{"floor":49,"key":"RECALL"},{"data":"Feel No Pain","floor":52,"key":"SMITH"}],"circlet_count":0,"master_deck":["Strike_R","Strike_R","Defend_R+1","Defend_R","Defend_R","Defend_R","Bash","Evolve+1","Inflame+1","Sword Boomerang+1","Pummel+1","Clothesline","Fire Breathing+1","Body Slam+1","Fiend Fire","Power Through+1","Feel No Pain+1","Power Through+1","Warcry+1","Juggernaut+1","Second Wind+1","Doubt","Reckless Charge"],"relics":["Burning Blood","Art of War","HandDrill","Juzu Bracelet","Pen Nib","Mark of Pain","Potion Belt","Toy Ornithopter","Oddly Smooth Stone","Frozen Egg 2","Black Star","Paper Frog","Anchor","PreservedInsect","Ornamental Fan","Centennial Puzzle","War Paint","Self Forming Clay","Lizard Tail"],"acts_visited":["Exordium","TheCity","TheBeyond","TheEnding"],"potions_floor_usage":[11,24,28,33,36,42,42,47,47,50],"damage_taken":[{"damage":3,"enemies":"Jaw Worm","floor":1,"turns":5},{"damage":0,"enemies":"Small Slimes","floor":2,"turns":3},{"damage":6,"enemies":"2 Louse","floor":4,"turns":4},{"damage":8,"enemies":"Red Slaver","floor":7,"turns":5},{"damage":22,"enemies":"Exordium Thugs","floor":11,"turns":4},{"damage":15,"enemies":"3 Sentries","floor":12,"turns":5},{"damage":2,"enemies":"Looter","floor":13,"turns":3},{"damage":30,"enemies":"Slime Boss","floor":16,"turns":4},{"damage":33,"enemies":"Spheric Guardian","floor":18,"turns":4},{"damage":64,"enemies":"Slavers","floor":24,"turns":5},{"damage":6,"enemies":"3 Byrds","floor":25,"turns":4},{"damage":0,"enemies":"Snake Plant","floor":28,"turns":2},{"damage":8,"enemies":"Cultist and Chosen","floor":29,"turns":4},{"damage":0,"enemies":"Chosen and Byrds","floor":30,"turns":5},{"damage":19,"enemies":"Centurion and Healer","floor":31,"turns":5},{"damage":39,"enemies":"Automaton","floor":33,"turns":8},{"damage":5,"enemies":"Orb Walker","floor":35,"turns":4},{"damage":44,"enemies":"3 Darklings","floor":36,"turns":5},{"damage":40,"enemies":"Sphere and 2 Shapes","floor":39,"turns":5},{"damage":35,"enemies":"Giant Head","floor":42,"turns":8},{"damage":32,"enemies":"Reptomancer","floor":47,"turns":4},{"damage":25,"enemies":"Donu and Deca","floor":50,"turns":7},{"damage":46,"enemies":"Shield and Spear","floor":54,"turns":5},{"damage":85,"enemies":"The Heart","floor":55,"turns":9}],"seed_played":"2040169500357095532","potions_obtained":[{"floor":1,"key":"BloodPotion"},{"floor":2,"key":"Weak Potion"},{"floor":7,"key":"Strength Potion"},{"floor":13,"key":"DuplicationPotion"},{"floor":25,"key":"ColorlessPotion"},{"floor":28,"key":"Fire Potion"},{"floor":29,"key":"Ancient Potion"},{"floor":33,"key":"SneckoOil"},{"floor":42,"key":"SpeedPotion"},{"floor":45,"key":"SteroidPotion"},{"floor":45,"key":"SkillPotion"},{"floor":47,"key":"LiquidMemories"}],"is_trial":false,"path_per_floor":["M","M","?","M","$","R","M","R","T","R","M","E","M","T","R","B",null,"M","?","?","T","?","R","E","M","T","?","M","M","M","M","R","B",null,"M","M","?","?","M","R","$","E","T","R","?","R","E","?","R","B",null,"R","$","E","B"],"character_chosen":"IRONCLAD","items_purchased":["Art of War","HandDrill","Paper Frog","Energy Potion","Reckless Charge"],"campfire_rested":3,"item_purchase_floors":[5,5,41,41,53],"current_hp_per_floor":[59,65,65,65,65,65,63,63,63,63,47,38,42,42,42,18,80,53,53,53,53,53,53,16,16,16,16,27,25,31,18,42,14,80,80,44,44,44,10,34,34,15,15,39,39,39,23,80,80,61,80,80,80,40,0,0],"gold":60,"neow_bonus":"TWO_FIFTY_GOLD","is_daily":false,"chose_seed":false,"campfire_upgraded":7,"win_rate":0.0,"timestamp":1613452434,"path_taken":["M","M","?","M","$","R","M","R","T","R","M","E","M","?","R","BOSS","M","?","?","?","?","R","E","M","T","?","M","M","M","M","R","BOSS","M","M","?","?","M","R","$","E","T","R","?","R","E","?","R","BOSS","R","$","E","BOSS"],"items_purchased_type":["Relic","Relic","Relic","Potion","Card"],"build_version":"2020-12-22","purchased_purges":2,"victory":false,"max_hp_per_floor":[80,80,80,80,80,80,80,80,80,80,80,80,80,80,80,80,80,80,80,80,80,80,80,80,80,80,80,80,80,80,80,80,80,80,80,80,80,80,80,80,80,80,80,80,80,80,80,80,80,80,80,80,80,80,80,80],"card_choices":[{"not_picked":["Rage","Headbutt"],"picked":"Evolve","floor":1},{"not_picked":["Entrench","Heavy Blade"],"picked":"Inflame","floor":2},{"not_picked":["Shrug It Off","Feel No Pain"],"picked":"Sword Boomerang","floor":4},{"not_picked":["Shockwave","Combust"],"picked":"Pummel","floor":7},{"not_picked":["Perfected Strike","Flex"],"picked":"Clothesline","floor":11},{"not_picked":["Perfected Strike","Blood for Blood"],"picked":"Fire Breathing","floor":12},{"not_picked":["Thunderclap","Headbutt"],"picked":"Body Slam","floor":13},{"not_picked":["Double Tap","Offering"],"picked":"Fiend Fire","floor":16},{"not_picked":["Flex+1","Pommel Strike+1"],"picked":"Power Through","floor":18},{"not_picked":["True Grit+1","Shrug It Off","Cleave"],"picked":"SKIP","floor":24},{"not_picked":["Rage+1","Sever Soul","Whirlwind+1"],"picked":"SKIP","floor":25},{"not_picked":["Blood for Blood+1","Clash"],"picked":"Power Through+1","floor":28},{"not_picked":["Armaments","Pommel Strike","Twin Strike"],"picked":"SKIP","floor":29},{"not_picked":["Rage","Bloodletting+1","Perfected Strike"],"picked":"SKIP","floor":30},{"not_picked":["Armaments","Disarm"],"picked":"Warcry+1","floor":31},{"not_picked":["Brutality+1","Double Tap"],"picked":"Juggernaut+1","floor":33},{"not_picked":["Carnage+1","Sentinel+1","Body Slam"],"picked":"SKIP","floor":35},{"not_picked":["Anger+1","Warcry","Heavy Blade"],"picked":"SKIP","floor":36},{"not_picked":["Intimidate","Clash","Spot Weakness+1"],"picked":"SKIP","floor":39},{"not_picked":["Sentinel","Shrug It Off+1","Rage"],"picked":"SKIP","floor":42},{"not_picked":["Wild Strike","Iron Wave"],"picked":"Second Wind+1","floor":47},{"not_picked":["Cleave+1","True Grit+1","Sever Soul+1"],"picked":"SKIP","floor":54}],"player_experience":353037,"relics_obtained":[{"floor":9,"key":"Juzu Bracelet"},{"floor":12,"key":"Pen Nib"},{"floor":21,"key":"Toy Ornithopter"},{"floor":24,"key":"Oddly Smooth Stone"},{"floor":26,"key":"Frozen Egg 2"},{"floor":42,"key":"Anchor"},{"floor":42,"key":"PreservedInsect"},{"floor":43,"key":"Ornamental Fan"},{"floor":47,"key":"Centennial Puzzle"},{"floor":47,"key":"War Paint"},{"floor":54,"key":"Self Forming Clay"},{"floor":54,"key":"Lizard Tail"}],"event_choices":[{"cards_removed":["Strike_R"],"damage_healed":0,"gold_gain":0,"player_choice":"Forget","damage_taken":0,"max_hp_gain":0,"max_hp_loss":0,"event_name":"Living Wall","floor":3,"gold_loss":0},{"damage_healed":0,"gold_gain":0,"player_choice":"Obtained Relic","damage_taken":0,"relics_obtained":["Potion Belt"],"max_hp_gain":0,"max_hp_loss":0,"event_name":"Addict","floor":19,"gold_loss":85},{"damage_healed":0,"gold_gain":0,"player_choice":"Ignored","damage_taken":0,"max_hp_gain":0,"max_hp_loss":0,"event_name":"Beggar","floor":20,"gold_loss":0},{"damage_healed":0,"gold_gain":0,"player_choice":"Read","damage_taken":0,"max_hp_gain":0,"max_hp_loss":0,"event_name":"The Library","floor":22,"gold_loss":0,"cards_obtained":["Feel No Pain"]},{"damage_healed":0,"gold_gain":0,"player_choice":"Ignored","damage_taken":0,"max_hp_gain":0,"max_hp_loss":0,"event_name":"Ghosts","floor":27,"gold_loss":0},{"damage_healed":0,"gold_gain":0,"player_choice":"Memory 1","damage_taken":0,"max_hp_gain":0,"max_hp_loss":0,"event_name":"SensoryStone","floor":37,"gold_loss":0},{"damage_healed":0,"gold_gain":0,"player_choice":"Ignored","damage_taken":0,"max_hp_gain":0,"max_hp_loss":0,"event_name":"Tomb of Lord Red Mask","floor":38,"gold_loss":0},{"damage_healed":0,"gold_gain":0,"player_choice":"Got Potions","damage_taken":0,"max_hp_gain":0,"max_hp_loss":0,"event_name":"Lab","floor":45,"gold_loss":0},{"damage_healed":57,"gold_gain":0,"player_choice":"Heal","damage_taken":0,"max_hp_gain":0,"max_hp_loss":0,"event_name":"MindBloom","floor":48,"gold_loss":0,"cards_obtained":["Doubt"]}],"is_beta":false,"boss_relics":[{"not_picked":["Cursed Key","Tiny House"],"picked":"Mark of Pain"},{"not_picked":["SacredBark","Velvet Choker"],"picked":"Black Star"}],"items_purged_floors":[5,41],"is_endless":false,"potions_floor_spawned":[1,2,7,13,25,28,29,33,42,47],"killed_by":"The Heart","ascension_level":3}}