{"host":"uzp1tn8qxn9571p9","time":1613435411,"event":{"mods":["Aspiration","BaseMod","Bossed Relics","Colored Map","Colored Powertips","Curses Come First","Hermit","Marisa£®ÏF”Í°°ƒß¿Ì…≥£©","Mimic Mod","Minty Spire (QoL Compilation)","StSLib","The Jungle","The Marked","The Runesmith"],"gold_per_floor":[117,128,74,85,85,117,42,74,98,128,28,28,28,103,103,207,207,227,227,246,246,263,263,278,57,57,57,57],"floor_reached":27,"language":"ZHS","playtime":1070,"items_purged":["theMarked:Strike","theMarked:Strike"],"score":279,"play_id":"dfba6505-9cc7-4ec7-bb6f-cdb03f6d806a","local_time":"20210216083011","is_ascension_mode":true,"campfire_choices":[{"data":"theMarked:SoldierOfQuellstein","floor":12.0,"key":"SMITH"},{"data":"theMarked:EmpowerWeapon","floor":15.0,"key":"SMITH"},{"data":"theMarked:Opportunist","floor":23.0,"key":"SMITH"}],"circlet_count":0,"master_deck":["theMarked:Defend","theMarked:Defend","theMarked:SoldierOfQuellstein+1","theMarked:Opportunist+1","theMarked:SwordAndMagic","theMarked:EmpowerWeapon+1","theMarked:StartUp","theMarked:WastefulAttack+1","theMarked:Friction","theMarked:SwordAndMagic+1","theMarked:Levitate","theMarked:Parkour+1","Neutralize+1","Acrobatics","Expertise","theMarked:Opportunist+1","theMarked:ComboAttacks"],"relics":["aspiration:PoetsPen_weak","Molten Egg 2","aspiration:HiddenCompartment","Ancient Tea Set","Boot","Philosopher\u0027s Stone","aspiration:Stabinomicon","Omamori","Pantograph"],"acts_visited":["Exordium","TheCity"],"potions_floor_usage":[],"damage_taken":[{"damage":5.0,"enemies":"Cultist","floor":1.0,"turns":4.0},{"damage":2.0,"enemies":"Jaw Worm","floor":2.0,"turns":2.0},{"damage":0.0,"enemies":"Small Slimes","floor":4.0,"turns":2.0},{"damage":0.0,"enemies":"Lagavulin","floor":6.0,"turns":3.0},{"damage":24.0,"enemies":"3 Sentries","floor":8.0,"turns":6.0},{"damage":13.0,"enemies":"Gremlin Nob","floor":10.0,"turns":3.0},{"damage":6.0,"enemies":"Hexaghost","floor":16.0,"turns":7.0},{"damage":0.0,"enemies":"3 Byrds","floor":18.0,"turns":2.0},{"damage":4.0,"enemies":"Shell Parasite","floor":20.0,"turns":2.0},{"damage":13.0,"enemies":"Snake Plant","floor":22.0,"turns":2.0},{"damage":0.0,"enemies":"3 Cultists","floor":24.0,"turns":3.0},{"damage":37,"enemies":"Slavers","floor":27,"turns":3}],"seed_played":"902553952030709393","potions_obtained":[{"floor":2.0,"key":"Explosive Potion"},{"floor":8.0,"key":"Explosive Potion"},{"floor":10.0,"key":"ColorlessPotion"},{"floor":18.0,"key":"BlessingOfTheForge"},{"floor":20.0,"key":"Swift Potion"}],"is_trial":false,"path_per_floor":["M","M","$","M","?","E","$","E","T","E","$","R","?","?","R","B",null,"M","?","M","?","M","R","M","$","T","E"],"character_chosen":"THE_DEFAULT","items_purchased":["theMarked:EmpowerWeapon","theMarked:ComboAttacks","Omamori"],"campfire_rested":0,"item_purchase_floors":[3,25,25],"current_hp_per_floor":[65,63,63,63,56,56,56,32,32,19,19,19,19,8,8,2,70,70,70,66,50,37,37,37,37,37,0,0],"gold":57,"neow_bonus":"BOSS_RELIC","is_daily":false,"chose_seed":false,"campfire_upgraded":3,"win_rate":0.0,"timestamp":1613435411,"path_taken":["M","M","?","M","?","E","$","E","T","E","?","R","?","?","R","BOSS","M","?","?","?","M","R","M","$","T","E"],"items_purchased_type":["Card","Card","Relic"],"build_version":"2020-12-22","purchased_purges":2,"victory":false,"max_hp_per_floor":[70,70,70,70,70,70,70,70,70,70,70,70,70,70,70,70,70,70,70,70,70,70,70,70,70,70,70,70],"card_choices":[{"not_picked":["theMarked:Aftermath","theMarked:Overcharge"],"picked":"theMarked:Opportunist","floor":1.0},{"not_picked":["theMarked:GodGivenPower","theMarked:Friction"],"picked":"theMarked:SwordAndMagic","floor":2.0},{"not_picked":["theMarked:TakeCover","theMarked:HeightenedSenses"],"picked":"theMarked:StartUp","floor":4.0},{"not_picked":["theMarked:Vacuum+1","theMarked:EmpowerWeapon"],"picked":"theMarked:WastefulAttack+1","floor":6.0},{"not_picked":["theMarked:TakeCover","theMarked:Convert"],"picked":"theMarked:Friction","floor":8.0},{"not_picked":["theMarked:RepellingDischarge","theMarked:Panic"],"picked":"theMarked:SwordAndMagic+1","floor":10.0},{"not_picked":["theMarked:Vacuum+1","theMarked:MagusForm"],"picked":"theMarked:Levitate","floor":16.0},{"not_picked":["theMarked:WastefulAttack+1","theMarked:Memento"],"picked":"theMarked:Parkour+1","floor":18.0},{"not_picked":["theMarked:WardOff","theMarked:Memento+1","theMarked:Panic"],"picked":"SKIP","floor":20.0},{"not_picked":["theMarked:Frustration+1","theMarked:BanishingStrike+1","theMarked:Aftermath"],"picked":"SKIP","floor":22.0},{"not_picked":["theMarked:Reabsorb+1","theMarked:BanishingStrike+1"],"picked":"theMarked:Opportunist+1","floor":24.0}],"player_experience":426914,"relics_obtained":[{"floor":6.0,"key":"Molten Egg 2"},{"floor":8.0,"key":"aspiration:HiddenCompartment"},{"floor":9.0,"key":"Ancient Tea Set"},{"floor":10.0,"key":"Boot"},{"floor":21.0,"key":"aspiration:Stabinomicon"},{"floor":26.0,"key":"Pantograph"}],"event_choices":[{"cards_removed":["theMarked:Strike"],"damage_healed":0.0,"max_hp_gain":0.0,"max_hp_loss":0.0,"gold_gain":0.0,"event_name":"Golden Wing","player_choice":"Card Removal","floor":5.0,"gold_loss":0.0,"damage_taken":7.0},{"cards_removed":["theMarked:Strike"],"damage_healed":0.0,"max_hp_gain":0.0,"max_hp_loss":0.0,"gold_gain":0.0,"event_name":"Living Wall","player_choice":"Forget","floor":13.0,"gold_loss":0.0,"damage_taken":0.0},{"damage_healed":0.0,"max_hp_gain":0.0,"max_hp_loss":0.0,"gold_gain":75.0,"event_name":"World of Goop","player_choice":"Gather Gold","floor":14.0,"gold_loss":0.0,"damage_taken":11.0},{"damage_healed":0.0,"max_hp_gain":0.0,"max_hp_loss":0.0,"gold_gain":0.0,"event_name":"Cursed Tome","player_choice":"Obtained Book","floor":21.0,"gold_loss":0.0,"damage_taken":16.0}],"is_beta":false,"boss_relics":[{"not_picked":["SlaversCollar","aspiration:SilentSkillbook"],"picked":"Philosopher\u0027s Stone"}],"items_purged_floors":[7,11],"is_endless":false,"potions_floor_spawned":[2,8,10,16,18,20],"killed_by":"Slavers","ascension_level":2}}