{"host":"u1dfzl6o6mfmauc3","time":1613510865,"event":{"mods":["2.2 Compatiblity","AchievementEnabler","BaseMod","Bestiary","Block Reminder","Challenge The Spire","Colored Map","Dark Map","Hermit","Highlight Path","Minty Spire (QoL Compilation)","Random Character Button","Rare Cards Sparkle","Relic Stats","Robot Space Explorer","StSLib","The Disciple"],"gold_per_floor":[110,110,129,129,149,181,181,209,209,219,254,268,268,286,286,383,383,402,317,332,20,37,63,63,96,96,96,96,111,111,211,238,238,238,339,339,357,32,48,48,95,95,95,124,150,202,202,202,252,267,301,301,301,301],"floor_reached":53,"language":"ENG","playtime":2407,"items_purged":["Defend_B"],"score":983,"play_id":"64ac2019-e285-4c79-a93c-888259b25414","local_time":"20210216162745","is_ascension_mode":true,"campfire_choices":[{"data":"Hologram","floor":7,"key":"SMITH"},{"data":"Streamline","floor":13,"key":"SMITH"},{"data":"Chaos","floor":15,"key":"SMITH"},{"data":"Sunder","floor":28,"key":"SMITH"},{"data":"Chill","floor":30,"key":"SMITH"},{"data":"Fission","floor":33,"key":"SMITH"},{"data":"Amplify","floor":34,"key":"SMITH"},{"floor":42,"key":"REST"},{"floor":47,"key":"REST"},{"floor":48,"key":"REST"},{"floor":52,"key":"RECALL"}],"circlet_count":0,"master_deck":["Strike_B+1","Defend_B+1","Defend_B+1","Zap+1","Dualcast","Buffer+1","Fission+1","Cold Snap+1","Hologram+1","Coolheaded","Chaos+1","Sweeping Beam","Streamline+1","Ball Lightning","Amplify+1","Leap+1","Chill+1","Capacitor","Sunder+1","Core Surge","Coolheaded+1","Fission+1","Hyperbeam","CurseOfTheBell","Compile Driver","Lockon","Loop","Self Repair"],"relics":["Astrolabe","Whetstone","Emotion Chip","Incense Burner","Runic Dome","Regal Pillow","Anchor","Bottled Tornado","Prayer Wheel","StrikeDummy","Juzu Bracelet","WingedGreaves","The Courier","Blood Vial","Calling Bell","Smiling Mask","Mercury Hourglass","Ice Cream","Membership Card","Omamori","Dead Branch","TungstenRod","Orichalcum","War Paint","Nunchaku","StoneCalendar","Torii"],"acts_visited":["Exordium","TheCity","TheBeyond"],"potions_floor_usage":[6,8,8,11,12,14,32,51,53],"damage_taken":[{"damage":0,"enemies":"2 Louse","floor":1,"turns":3},{"damage":0,"enemies":"Cultist","floor":3,"turns":4},{"damage":0,"enemies":"Small Slimes","floor":5,"turns":3},{"damage":11,"enemies":"Gremlin Nob","floor":6,"turns":6},{"damage":4,"enemies":"Lagavulin","floor":8,"turns":7},{"damage":1,"enemies":"Looter","floor":10,"turns":3},{"damage":0,"enemies":"Gremlin Nob","floor":11,"turns":4},{"damage":13,"enemies":"3 Louse","floor":12,"turns":2},{"damage":7,"enemies":"Exordium Thugs","floor":14,"turns":4},{"damage":2,"enemies":"The Guardian","floor":16,"turns":9},{"damage":0,"enemies":"Spheric Guardian","floor":18,"turns":3},{"damage":0,"enemies":"Chosen","floor":20,"turns":4},{"damage":0,"enemies":"Snake Plant","floor":22,"turns":4},{"damage":0,"enemies":"Book of Stabbing","floor":23,"turns":6},{"damage":14,"enemies":"Gremlin Leader","floor":25,"turns":6},{"damage":0,"enemies":"Centurion and Healer","floor":29,"turns":8},{"damage":0,"enemies":"Colosseum Slavers","floor":31,"turns":5},{"damage":0,"enemies":"Colosseum Nobs","floor":31,"turns":6},{"damage":7,"enemies":"Slavers","floor":32,"turns":5},{"damage":0,"enemies":"Champ","floor":35,"turns":11},{"damage":0,"enemies":"3 Darklings","floor":37,"turns":5},{"damage":0,"enemies":"Orb Walker","floor":39,"turns":3},{"damage":51,"enemies":"2 Orb Walkers","floor":41,"turns":6},{"damage":53,"enemies":"Nemesis","floor":44,"turns":7},{"damage":0,"enemies":"Mind Bloom Boss Battle","floor":49,"turns":7},{"damage":23,"enemies":"4 Shapes","floor":50,"turns":4},{"damage":25,"enemies":"Giant Head","floor":51,"turns":8},{"damage":40,"enemies":"Time Eater","floor":53,"turns":6}],"seed_played":"8291447320753380468","potions_obtained":[{"floor":3,"key":"Fire Potion"},{"floor":6,"key":"EntropicBrew"},{"floor":10,"key":"LiquidMemories"},{"floor":11,"key":"SkillPotion"},{"floor":14,"key":"Energy Potion"},{"floor":16,"key":"Ancient Potion"},{"floor":25,"key":"SmokeBomb"},{"floor":31,"key":"DuplicationPotion"},{"floor":35,"key":"SteroidPotion"},{"floor":51,"key":"PowerPotion"}],"is_trial":false,"path_per_floor":["M","?","M","?","M","E","R","E","T","M","E","M","R","M","R","B",null,"M","?","M","$","M","E","?","E","T","T","R","M","R","?","E","R","R","B",null,"M","$","M","?","?","R","?","E","T","T","R","R","?","M","E","R","B"],"character_chosen":"DEFECT","items_purchased":["Capacitor","Anchor","Membership Card","Omamori","Dead Branch","Loop"],"campfire_rested":3,"item_purchase_floors":[21,21,38,38,38,38],"current_hp_per_floor":[68,68,68,68,68,57,57,53,53,52,52,39,39,32,32,30,64,64,64,64,64,64,64,64,50,50,50,50,50,50,50,43,43,43,45,68,70,70,72,71,20,56,56,5,5,5,41,71,71,48,32,32,0,0],"gold":301,"neow_bonus":"BOSS_RELIC","is_daily":false,"chose_seed":false,"campfire_upgraded":7,"win_rate":0.0,"timestamp":1613510865,"path_taken":["M","?","?","?","M","E","R","E","T","M","E","M","R","M","R","BOSS","M","?","M","$","M","E","?","E","T","T","R","M","R","?","E","R","R","BOSS","M","$","M","?","?","R","?","E","T","T","R","R","?","M","E","R","BOSS"],"items_purchased_type":["Card","Relic","Relic","Relic","Relic","Card"],"build_version":"2020-12-22","purchased_purges":1,"victory":false,"max_hp_per_floor":[75,75,75,75,75,75,75,75,75,75,75,75,75,75,75,75,75,75,75,75,75,75,75,75,75,75,75,75,75,75,75,75,75,75,75,75,75,75,75,71,71,71,71,71,71,71,71,71,71,71,71,71,71,71],"relic_stats":{"Regal Pillow":39,"Torii":0,"counters":[28,149],"Astrolabe":["Buffer","Fission","Cold Snap"],"Dead Branch":[33],"StoneCalendar":[52],"Juzu Bracelet":1,"Whetstone":["Strike_B"],"Orichalcum":[18],"War Paint":["Defend_B","Defend_B"],"Smiling Mask":0,"Mercury Hourglass":[183],"Blood Vial":12,"Emotion Chip":[53,15,23,5,10],"Nunchaku":[4],"Prayer Wheel":4,"obtain_stats":[{"Ice Cream":36,"Regal Pillow":19,"Torii":51,"StoneCalendar":49,"Incense Burner":11,"Juzu Bracelet":27,"Whetstone":6,"Bottled Tornado":23,"Smiling Mask":36,"Blood Vial":32,"Emotion Chip":8,"Nunchaku":46,"Prayer Wheel":25,"WingedGreaves":31,"Cracked Core":0,"Astrolabe":0,"Dead Branch":38,"The Courier":31,"Omamori":38,"Orichalcum":44,"War Paint":45,"Mercury Hourglass":36,"Calling Bell":36,"Runic Dome":17,"Anchor":21,"Membership Card":38,"StrikeDummy":26,"TungstenRod":41},{"Ice Cream":20,"Regal Pillow":11,"Torii":27,"StoneCalendar":25,"Incense Burner":7,"Juzu Bracelet":15,"Whetstone":4,"Bottled Tornado":14,"Smiling Mask":20,"Blood Vial":19,"Emotion Chip":5,"Nunchaku":24,"Prayer Wheel":15,"WingedGreaves":18,"Cracked Core":0,"Astrolabe":0,"Dead Branch":21,"The Courier":18,"Omamori":21,"Orichalcum":24,"War Paint":24,"Mercury Hourglass":20,"Calling Bell":20,"Runic Dome":10,"Anchor":12,"Membership Card":21,"StrikeDummy":15,"TungstenRod":23},{"Ice Cream":103,"Regal Pillow":48,"Torii":143,"StoneCalendar":131,"Incense Burner":30,"Juzu Bracelet":68,"Whetstone":16,"Bottled Tornado":62,"Smiling Mask":103,"Blood Vial":92,"Emotion Chip":23,"Nunchaku":124,"Prayer Wheel":68,"WingedGreaves":87,"Cracked Core":0,"Astrolabe":0,"Dead Branch":108,"The Courier":87,"Omamori":108,"Orichalcum":124,"War Paint":124,"Mercury Hourglass":103,"Calling Bell":103,"Runic Dome":45,"Anchor":52,"Membership Card":108,"StrikeDummy":68,"TungstenRod":117}],"TungstenRod":12},"card_choices":[{"not_picked":["Compile Driver","Beam Cell","Cold Snap"],"picked":"SKIP","floor":1},{"not_picked":["Redo","Hologram","Stack"],"picked":"SKIP","floor":3},{"not_picked":["Fusion","Hologram"],"picked":"Coolheaded","floor":5},{"not_picked":["Scrape","Darkness"],"picked":"Chaos","floor":6},{"not_picked":["Buffer","Turbo"],"picked":"Sweeping Beam","floor":8},{"not_picked":["Hologram","Redo","Go for the Eyes"],"picked":"SKIP","floor":10},{"not_picked":["Force Field","Leap"],"picked":"Streamline","floor":11},{"not_picked":["Reprogram","Fission","Streamline"],"picked":"SKIP","floor":12},{"not_picked":["Gash","Streamline"],"picked":"Ball Lightning","floor":14},{"not_picked":["Multi-Cast","Buffer"],"picked":"Amplify","floor":16},{"not_picked":["Barrage+1","Streamline"],"picked":"Leap+1","floor":18},{"not_picked":["Stack+1","Streamline+1"],"picked":"Chill","floor":20},{"not_picked":["Cold Snap","Turbo"],"picked":"Sunder","floor":22},{"not_picked":["Sunder","Storm+1"],"picked":"Core Surge","floor":23},{"not_picked":["Stack","Leap","Auto Shields"],"picked":"SKIP","floor":25},{"not_picked":["Leap","Cold Snap"],"picked":"Coolheaded+1","floor":29},{"not_picked":["Go for the Eyes+1","Redo","Conserve Battery"],"picked":"SKIP","floor":29},{"not_picked":["Fusion","Redo"],"picked":"Fission","floor":32},{"not_picked":["Fission","Amplify"],"picked":"Hyperbeam","floor":35},{"not_picked":["Beam Cell","Ball Lightning"],"picked":"Compile Driver","floor":37},{"not_picked":["Gash+1","Self Repair"],"picked":"Lockon","floor":37},{"not_picked":["Leap","Sweeping Beam+1","Blizzard"],"picked":"SKIP","floor":39},{"not_picked":["Reprogram","Coolheaded+1","Leap+1"],"picked":"SKIP","floor":39},{"not_picked":["Rebound","Core Surge"],"picked":"Self Repair","floor":44},{"not_picked":["Ball Lightning+1","Storm+1","Turbo+1"],"picked":"SKIP","floor":50},{"not_picked":["Streamline","Skim+1","Gash+1"],"picked":"SKIP","floor":50},{"not_picked":["White Noise+1","Rebound+1","Gash+1"],"picked":"SKIP","floor":51}],"player_experience":257998,"relics_obtained":[{"floor":6,"key":"Whetstone"},{"floor":8,"key":"Emotion Chip"},{"floor":11,"key":"Incense Burner"},{"floor":23,"key":"Bottled Tornado"},{"floor":25,"key":"Prayer Wheel"},{"floor":26,"key":"StrikeDummy"},{"floor":27,"key":"Juzu Bracelet"},{"floor":31,"key":"WingedGreaves"},{"floor":31,"key":"The Courier"},{"floor":32,"key":"Blood Vial"},{"floor":36,"key":"Smiling Mask"},{"floor":36,"key":"Mercury Hourglass"},{"floor":36,"key":"Ice Cream"},{"floor":41,"key":"TungstenRod"},{"floor":44,"key":"Orichalcum"},{"floor":45,"key":"War Paint"},{"floor":46,"key":"Nunchaku"},{"floor":49,"key":"StoneCalendar"},{"floor":51,"key":"Torii"}],"event_choices":[{"damage_healed":0,"gold_gain":0,"cards_transformed":["Strike_B"],"player_choice":"Transformed","damage_taken":0,"max_hp_gain":0,"max_hp_loss":0,"event_name":"Transmorgrifier","floor":2,"gold_loss":0,"cards_obtained":["Hologram"]},{"damage_healed":0,"gold_gain":0,"player_choice":"Grow","damage_taken":0,"max_hp_gain":0,"max_hp_loss":0,"event_name":"Living Wall","floor":4,"gold_loss":0,"cards_upgraded":["Zap"]},{"damage_healed":0,"gold_gain":0,"player_choice":"Obtained Relic","damage_taken":0,"relics_obtained":["Regal Pillow"],"max_hp_gain":0,"max_hp_loss":0,"event_name":"Addict","floor":19,"gold_loss":85},{"damage_healed":0,"gold_gain":0,"player_choice":"Copied","damage_taken":0,"max_hp_gain":0,"max_hp_loss":0,"event_name":"Duplicator","floor":24,"gold_loss":0,"cards_obtained":["Capacitor"]},{"damage_healed":0,"gold_gain":0,"player_choice":"Fight","damage_taken":0,"max_hp_gain":0,"max_hp_loss":0,"event_name":"Colosseum","floor":31,"gold_loss":0},{"damage_healed":0,"gold_gain":0,"player_choice":"Fought Nobs","damage_taken":0,"max_hp_gain":0,"max_hp_loss":0,"event_name":"Colosseum","floor":31,"gold_loss":0},{"damage_healed":0,"gold_gain":0,"player_choice":"Max HP","damage_taken":0,"max_hp_gain":0,"max_hp_loss":4,"event_name":"Winding Halls","floor":40,"gold_loss":0},{"damage_healed":0,"gold_gain":0,"player_choice":"Fight","damage_taken":0,"max_hp_gain":0,"max_hp_loss":0,"event_name":"Mysterious Sphere","floor":41,"gold_loss":0},{"cards_removed":["Capacitor"],"damage_healed":0,"gold_gain":0,"player_choice":"Removed Power","damage_taken":0,"max_hp_gain":0,"max_hp_loss":0,"event_name":"Falling","floor":43,"gold_loss":0},{"damage_healed":0,"gold_gain":0,"player_choice":"Fight","damage_taken":0,"max_hp_gain":0,"max_hp_loss":0,"event_name":"MindBloom","floor":49,"gold_loss":0}],"is_beta":false,"boss_relics":[{"not_picked":["Busted Crown","Empty Cage"],"picked":"Runic Dome"},{"not_picked":["Inserter","Tiny House"],"picked":"Calling Bell"}],"items_purged_floors":[21],"is_endless":false,"potions_floor_spawned":[3,6,10,11,14,16,22,25,29,31,31,35,39,50,51],"killed_by":"Time Eater","ascension_level":7}}