{"host":"7yyoe0ei0fseceei","time":1613517949,"event":{"mods":["BaseMod","Colored Map","Highlight Path","Minty Spire (QoL Compilation)","Quick Restart"],"gold_per_floor":[119,119,133,145,161,186,186,216,296,296,324,324,336,95,95,169,169,189,239,250,261,261,294,310,310,361,394,394,420,12,12,12,86,86,99,109,128,78,97,122,122,133,160,172,194,224,266,49,49,49],"floor_reached":51,"language":"ENG","playtime":2884,"items_purged":["Defend_P"],"score":1577,"play_id":"653918d3-e4de-4f0e-9d69-0319e9327fc9","local_time":"20210217002549","is_ascension_mode":true,"campfire_choices":[{"floor":7.0,"key":"REST"},{"data":"Adaptation","floor":10.0,"key":"SMITH"},{"data":"Vault","floor":15.0,"key":"SMITH"},{"data":"LikeWater","floor":25.0,"key":"SMITH"},{"data":"LikeWater","floor":28.0,"key":"SMITH"},{"floor":32.0,"key":"REST"},{"data":"Establishment","floor":41,"key":"SMITH"},{"data":"Alpha","floor":44,"key":"SMITH"},{"floor":49,"key":"REST"}],"circlet_count":0,"master_deck":["AscendersBane","Strike_P+1","Strike_P+1","Strike_P+1","Strike_P+1","Defend_P+1","Defend_P+1","Defend_P+1","Eruption+1","Vigilance","SignatureMove+1","Crescendo","DeusExMachina","Adaptation+1","Evaluate","Halt","CrushJoints","Vault+1","Alpha+1","LikeWater+1","WindmillStrike","ClearTheMind","FollowUp","LikeWater+1","Ragnarok","Establishment+1","CrushJoints+1","DevaForm"],"relics":["HolyWater","Unceasing Top","Dead Branch","Shuriken","Happy Flower","Sling","Bird Faced Urn","Omamori","The Courier","HornCleat","Ice Cream","Oddly Smooth Stone","Busted Crown","Pen Nib","Yang","MawBank","Gremlin Horn","Membership Card","Bag of Marbles"],"acts_visited":["Exordium","TheCity","TheBeyond"],"potions_floor_usage":[40,47],"damage_taken":[{"damage":14.0,"enemies":"Jaw Worm","floor":1.0,"turns":3.0},{"damage":0.0,"enemies":"Cultist","floor":3.0,"turns":4.0},{"damage":0.0,"enemies":"Small Slimes","floor":4.0,"turns":2.0},{"damage":0.0,"enemies":"Looter","floor":5.0,"turns":1.0},{"damage":20.0,"enemies":"3 Sentries","floor":6.0,"turns":5.0},{"damage":0.0,"enemies":"Gremlin Nob","floor":8.0,"turns":2.0},{"damage":0.0,"enemies":"Lagavulin","floor":11.0,"turns":2.0},{"damage":25.0,"enemies":"Lots of Slimes","floor":13.0,"turns":4.0},{"damage":0.0,"enemies":"Slime Boss","floor":16.0,"turns":4.0},{"damage":0.0,"enemies":"Chosen","floor":18.0,"turns":3.0},{"damage":1.0,"enemies":"Shell Parasite","floor":20.0,"turns":5.0},{"damage":10.0,"enemies":"Cultist and Chosen","floor":21.0,"turns":8.0},{"damage":12.0,"enemies":"Slavers","floor":23.0,"turns":5.0},{"damage":0.0,"enemies":"Centurion and Healer","floor":24.0,"turns":3.0},{"damage":5.0,"enemies":"Book of Stabbing","floor":27.0,"turns":4.0},{"damage":20.0,"enemies":"Slavers","floor":29.0,"turns":3.0},{"damage":31,"enemies":"Automaton","floor":33,"turns":8},{"damage":0,"enemies":"Orb Walker","floor":35,"turns":2},{"damage":0,"enemies":"3 Darklings","floor":36,"turns":4},{"damage":8,"enemies":"4 Shapes","floor":37,"turns":6},{"damage":35,"enemies":"Sphere and 2 Shapes","floor":39,"turns":5},{"damage":14,"enemies":"Nemesis","floor":40,"turns":6},{"damage":0,"enemies":"3 Darklings","floor":42,"turns":4},{"damage":8,"enemies":"4 Shapes","floor":45,"turns":5},{"damage":40,"enemies":"Jaw Worm Horde","floor":46,"turns":6},{"damage":7,"enemies":"Reptomancer","floor":47,"turns":4},{"damage":44,"enemies":"Awakened One","floor":50,"turns":10}],"seed_played":"4898469458451259291","potions_obtained":[{"floor":1.0,"key":"StancePotion"},{"floor":3.0,"key":"FairyPotion"},{"floor":13.0,"key":"FearPotion"},{"floor":21.0,"key":"Energy Potion"},{"floor":27.0,"key":"Explosive Potion"},{"floor":31.0,"key":"CultistPotion"},{"floor":42,"key":"FearPotion"}],"is_trial":false,"path_per_floor":["M","?","M","M","M","E","R","E","T","R","E","?","M","$","R","B",null,"M","?","M","M","?","E","M","R","T","E","R","E","$","?","R","B",null,"M","M","M","?","M","E","R","M","T","R","M","M","E","$","R","B",null],"character_chosen":"WATCHER","items_purchased":["Sling","Ice Cream","Oddly Smooth Stone","Membership Card","Bag of Marbles","GamblersBrew"],"campfire_rested":3,"item_purchase_floors":[14,30,30,48,48,48],"current_hp_per_floor":[47,47,47,47,47,27,47,47,47,47,47,68,43,43,43,43,62,62,62,61,51,51,39,45,45,45,48,48,32,32,32,52,33,59,67,68,68,68,47,49,49,55,55,55,63,31,36,36,56,36],"gold":49,"neow_bonus":"UPGRADE_CARD","is_daily":false,"chose_seed":false,"campfire_upgraded":6,"win_rate":0.0,"timestamp":1613517949,"path_taken":["M","?","?","M","M","E","R","E","T","R","E","?","M","$","R","BOSS","M","?","M","M","?","E","M","R","T","E","R","E","$","?","R","BOSS","M","?","?","?","M","E","R","M","T","R","M","M","E","$","R","BOSS"],"items_purchased_type":["Relic","Relic","Relic","Relic","Relic","Potion"],"build_version":"2020-12-22","purchased_purges":1,"victory":true,"max_hp_per_floor":[68,68,68,68,68,68,68,68,68,68,68,68,68,68,68,68,68,68,68,68,68,68,68,68,68,68,68,68,68,68,68,68,68,68,68,68,68,68,68,68,68,68,68,68,68,68,68,68,68,68],"card_choices":[{"not_picked":["CutThroughFate","Consecrate"],"picked":"SignatureMove","floor":1.0},{"not_picked":["Fasting2","CutThroughFate"],"picked":"Crescendo","floor":3.0},{"not_picked":["Nirvana","ClearTheMind"],"picked":"DeusExMachina","floor":4.0},{"not_picked":["Crescendo","Halt"],"picked":"Adaptation","floor":5.0},{"not_picked":["CutThroughFate","Pray"],"picked":"Evaluate","floor":6.0},{"not_picked":["LikeWater","Conclude"],"picked":"Halt","floor":8.0},{"not_picked":["Conclude","BowlingBash"],"picked":"CrushJoints","floor":11.0},{"not_picked":["Study","Consecrate"],"picked":"Vault","floor":13.0},{"not_picked":["Establishment","SpiritShield"],"picked":"Alpha","floor":16.0},{"not_picked":["Study","ClearTheMind"],"picked":"LikeWater","floor":18.0},{"not_picked":["EmptyBody+1","Sanctity"],"picked":"WindmillStrike","floor":20.0},{"not_picked":["Halt","BowlingBash"],"picked":"ClearTheMind","floor":21.0},{"not_picked":["FlurryOfBlows","CutThroughFate"],"picked":"FollowUp","floor":23.0},{"not_picked":["CrushJoints","FollowUp"],"picked":"LikeWater","floor":24.0},{"not_picked":["Nirvana","Establishment"],"picked":"Ragnarok","floor":27.0},{"not_picked":["BowlingBash","Prostrate","JustLucky"],"picked":"SKIP","floor":29.0},{"not_picked":["Vault","MasterReality"],"picked":"Establishment","floor":33},{"not_picked":["JustLucky"],"picked":"SKIP","floor":35},{"not_picked":[],"picked":"CrushJoints+1","floor":36},{"not_picked":["Crescendo"],"picked":"SKIP","floor":37},{"not_picked":["WaveOfTheHand"],"picked":"SKIP","floor":39},{"not_picked":["Wireheading"],"picked":"SKIP","floor":40},{"not_picked":["Prostrate"],"picked":"SKIP","floor":42},{"not_picked":["FlurryOfBlows+1"],"picked":"SKIP","floor":45},{"not_picked":["Halt"],"picked":"SKIP","floor":46},{"not_picked":[],"picked":"DevaForm","floor":47}],"player_experience":930373,"relics_obtained":[{"floor":6.0,"key":"Unceasing Top"},{"floor":8.0,"key":"Dead Branch"},{"floor":9.0,"key":"Shuriken"},{"floor":11.0,"key":"Happy Flower"},{"floor":23.0,"key":"Bird Faced Urn"},{"floor":26.0,"key":"Omamori"},{"floor":27.0,"key":"The Courier"},{"floor":29.0,"key":"HornCleat"},{"floor":40,"key":"Yang"},{"floor":43,"key":"MawBank"},{"floor":47,"key":"Gremlin Horn"}],"event_choices":[{"damage_healed":0.0,"max_hp_gain":0.0,"max_hp_loss":0.0,"gold_gain":0.0,"event_name":"Upgrade Shrine","player_choice":"Upgraded","floor":2.0,"gold_loss":0.0,"damage_taken":0.0,"cards_upgraded":["SignatureMove"]},{"damage_healed":22.0,"max_hp_gain":0.0,"max_hp_loss":0.0,"gold_gain":0.0,"event_name":"Big Fish","player_choice":"Banana","floor":12.0,"gold_loss":0.0,"damage_taken":0.0},{"damage_healed":0.0,"max_hp_gain":0.0,"max_hp_loss":0.0,"gold_gain":50.0,"event_name":"Nest","player_choice":"Stole From Cult","floor":19.0,"gold_loss":0.0,"damage_taken":0.0},{"damage_healed":0.0,"max_hp_gain":0.0,"max_hp_loss":0.0,"gold_gain":0.0,"event_name":"Back to Basics","player_choice":"Simplicity","floor":22.0,"gold_loss":0.0,"damage_taken":0.0,"cards_upgraded":["Strike_P","Strike_P","Strike_P","Strike_P","Defend_P","Defend_P","Defend_P"]},{"damage_healed":0.0,"max_hp_gain":0.0,"max_hp_loss":0.0,"gold_gain":0.0,"event_name":"Lab","player_choice":"Got Potions","floor":31.0,"gold_loss":0.0,"damage_taken":0.0},{"damage_healed":0,"gold_gain":0,"player_choice":"Paid Gold","damage_taken":0,"relics_obtained":["Pen Nib"],"max_hp_gain":0,"max_hp_loss":0,"event_name":"WeMeetAgain","floor":38,"gold_loss":50}],"is_beta":false,"boss_relics":[{"not_picked":["Pandora\u0027s Box","Velvet Choker"],"picked":"HolyWater"},{"not_picked":["SacredBark","Runic Dome"],"picked":"Busted Crown"}],"items_purged_floors":[14],"is_endless":false,"potions_floor_spawned":[1,3,4,13,21,27,33,35,37,42],"ascension_level":16}}