{"host":"59wnhi65kiwmnpg4","time":1613469728,"event":{"mods":["2.2 Compatiblity","AchievementEnabler","BaseMod","BetterRewards","Colored Map","Custom Start","Disable Question Mark Monsters","Highlight Path","Minty Spire (QoL Compilation)","Permanent Neow","Relic Sorter","Relic Stats","Unknown Chances"],"gold_per_floor":[119,119,130,144,103,103,114,140,213,213,213,239,257,287,287,365,365,379,129,145,157,157,157,172,172,224,255,9,19,52,52,52,131,131,143,160,160,215,44,372,44,44,44,44,73,73,103,116,116,116,116],"floor_reached":50,"language":"ENG","playtime":7647,"items_purged":["Writhe"],"score":1357,"play_id":"721ff723-efa9-45db-bae6-3d89737d6150","local_time":"20210216100208","daily_mods":["Draft"],"is_ascension_mode":true,"campfire_choices":[{"data":"Accuracy","floor":6.0,"key":"SMITH"},{"data":"Caltrops","floor":11.0,"key":"SMITH"},{"data":"Catalyst","floor":15.0,"key":"SMITH"},{"data":"Catalyst","floor":23.0,"key":"SMITH"},{"floor":25.0,"key":"REST"},{"floor":32,"key":"REST"},{"data":"Well Laid Plans","floor":42,"key":"SMITH"},{"floor":46,"key":"REST"},{"data":"Bouncing Flask","floor":49,"key":"SMITH"}],"circlet_count":0,"master_deck":["AscendersBane","Accuracy+1","All Out Attack","Dagger Throw","Well Laid Plans+1","Infinite Blades","Tactician","Dodge and Roll","Dodge and Roll","Dodge and Roll","Cloak And Dagger","Calculated Gamble","PiercingWail","Tactician","Underhanded Strike","Blade Dance","Dash","Caltrops+1","Bouncing Flask+1","Blur","Adrenaline","Catalyst+1","Acrobatics","Adrenaline","Footwork","Footwork","Catalyst+1","PiercingWail+1","Accuracy","Infinite Blades","Acrobatics","Envenom","Blade Dance","Deadly Poison","Noxious Fumes+1","Dark Shackles","Acrobatics","Dodge and Roll+1"],"relics":["Ring of the Snake","Incense Burner","Pantograph","Juzu Bracelet","Mummified Hand","Cursed Key","Sling","Enchiridion","Anchor","Orichalcum","PreservedInsect","Red Mask","Black Star","Peace Pipe","Old Coin","Boot","Pen Nib","Lee\u0027s Waffle","Smiling Mask","Akabeko","Pear","Blood Vial"],"acts_visited":["Exordium","TheCity","TheBeyond"],"potions_floor_usage":[40,50],"damage_taken":[{"damage":0.0,"enemies":"Cultist","floor":1.0,"turns":3.0},{"damage":0.0,"enemies":"Small Slimes","floor":3.0,"turns":2.0},{"damage":0.0,"enemies":"2 Louse","floor":4.0,"turns":2.0},{"damage":5.0,"enemies":"Blue Slaver","floor":7.0,"turns":3.0},{"damage":8.0,"enemies":"3 Sentries","floor":8.0,"turns":5.0},{"damage":11.0,"enemies":"Gremlin Nob","floor":12.0,"turns":3.0},{"damage":4.0,"enemies":"Large Slime","floor":13.0,"turns":4.0},{"damage":31.0,"enemies":"Lagavulin","floor":14.0,"turns":5.0},{"damage":4.0,"enemies":"Slime Boss","floor":16.0,"turns":7.0},{"damage":0.0,"enemies":"Chosen","floor":18.0,"turns":4.0},{"damage":0.0,"enemies":"3 Byrds","floor":20.0,"turns":2.0},{"damage":9.0,"enemies":"Centurion and Healer","floor":21.0,"turns":6.0},{"damage":0.0,"enemies":"Cultist and Chosen","floor":24.0,"turns":5.0},{"damage":15.0,"enemies":"Book of Stabbing","floor":27.0,"turns":3.0},{"damage":1,"enemies":"Shelled Parasite and Fungi","floor":29,"turns":5},{"damage":4,"enemies":"Masked Bandits","floor":30,"turns":4},{"damage":16,"enemies":"Automaton","floor":33,"turns":7},{"damage":0,"enemies":"Orb Walker","floor":35,"turns":2},{"damage":0,"enemies":"3 Shapes","floor":36,"turns":3},{"damage":21,"enemies":"2 Orb Walkers","floor":38,"turns":4},{"damage":0,"enemies":"Giant Head","floor":40,"turns":5},{"damage":33,"enemies":"Nemesis","floor":45,"turns":3},{"damage":0,"enemies":"Giant Head","floor":47,"turns":4},{"damage":4,"enemies":"Spire Growth","floor":48,"turns":3},{"damage":28,"enemies":"Time Eater","floor":50,"turns":3}],"seed_played":"4702150708023113570","potions_obtained":[{"floor":4.0,"key":"Block Potion"},{"floor":8.0,"key":"GhostInAJar"},{"floor":24.0,"key":"Strength Potion"},{"floor":45,"key":"Explosive Potion"},{"floor":47,"key":"Swift Potion"}],"is_trial":true,"path_per_floor":["M","?","M","M","$","R","M","E","T","?","R","E","M","E","R","B",null,"M","$","M","M","?","R","M","R","T","E","$","M","?","?","R","B",null,"M","M","?","?","$","E","$","R","T","?","E","R","E","M","R","B"],"character_chosen":"THE_SILENT","items_purchased":["Caltrops","Sling","Footwork","Infinite Blades","PreservedInsect","Dark Shackles","Pen Nib","Lee\u0027s Waffle"],"campfire_rested":3,"item_purchase_floors":[5,19,19,28,28,39,41,41],"current_hp_per_floor":[59,66,66,66,66,66,61,53,53,53,53,42,38,7,7,28,57,57,57,57,48,27,27,27,46,46,31,31,30,26,26,45,50,62,62,62,62,41,41,41,70,70,70,70,37,58,68,66,66,52,52],"gold":116,"neow_bonus":"","is_daily":false,"chose_seed":false,"campfire_upgraded":6,"win_rate":0.0,"timestamp":1613469728,"path_taken":["M","?","?","M","$","R","M","E","T","?","R","E","M","E","R","BOSS","M","$","M","M","?","R","M","R","T","E","$","M","?","?","R","BOSS","M","M","?","?","$","E","?","R","T","?","E","R","E","M","R","BOSS"],"items_purchased_type":["Card","Relic","Card","Card","Relic","Card","Relic","Relic"],"build_version":"2020-12-22","purchased_purges":1,"victory":false,"max_hp_per_floor":[66,66,66,66,66,66,66,66,66,66,66,66,66,66,66,66,66,66,66,66,66,66,66,66,66,66,66,66,66,66,66,66,66,66,66,66,63,63,63,63,70,70,70,70,70,70,80,80,80,80,80],"relic_stats":{"Lee\u0027s Waffle":29,"counters":[25,97],"PreservedInsect":310,"Pen Nib":[3],"Juzu Bracelet":1,"Orichalcum":[6],"Cursed Key":1,"Boot":[4],"Smiling Mask":0,"Peace Pipe":0,"Blood Vial":4,"Mummified Hand":[120],"Pantograph":58,"Black Star":3,"obtain_stats":[{"Lee\u0027s Waffle":41,"Pear":47,"Enchiridion":22,"PreservedInsect":28,"Pen Nib":41,"Incense Burner":8,"Juzu Bracelet":12,"Orichalcum":27,"Cursed Key":17,"Sling":19,"Boot":40,"Smiling Mask":45,"Akabeko":45,"Old Coin":40,"Peace Pipe":38,"Blood Vial":47,"Anchor":26,"Mummified Hand":14,"Pantograph":9,"Red Mask":30,"Black Star":34,"Ring of the Snake":0},{"Lee\u0027s Waffle":21,"Pear":23,"Enchiridion":12,"PreservedInsect":14,"Pen Nib":21,"Incense Burner":5,"Juzu Bracelet":6,"Orichalcum":14,"Cursed Key":9,"Sling":10,"Boot":21,"Smiling Mask":22,"Akabeko":22,"Old Coin":21,"Peace Pipe":20,"Blood Vial":23,"Anchor":13,"Mummified Hand":8,"Pantograph":5,"Red Mask":16,"Black Star":17,"Ring of the Snake":0},{"Lee\u0027s Waffle":84,"Pear":91,"Enchiridion":46,"PreservedInsect":54,"Pen Nib":84,"Incense Burner":15,"Juzu Bracelet":18,"Orichalcum":54,"Cursed Key":34,"Sling":38,"Boot":84,"Smiling Mask":87,"Akabeko":87,"Old Coin":84,"Peace Pipe":79,"Blood Vial":91,"Anchor":51,"Mummified Hand":27,"Pantograph":15,"Red Mask":63,"Black Star":70,"Ring of the Snake":0}],"Ring of the Snake":[50]},"card_choices":[{"not_picked":["Prepared","Dagger Spray"],"picked":"Accuracy","floor":0.0},{"not_picked":["Underhanded Strike","Well Laid Plans"],"picked":"All Out Attack","floor":0.0},{"not_picked":["Acrobatics","Endless Agony"],"picked":"Dagger Throw","floor":0.0},{"not_picked":["Terror","Accuracy"],"picked":"Well Laid Plans","floor":0.0},{"not_picked":["Sucker Punch","Slice"],"picked":"Infinite Blades","floor":0.0},{"not_picked":["Deflect","Well Laid Plans"],"picked":"Tactician","floor":0.0},{"not_picked":["Dagger Throw","Slice"],"picked":"Dodge and Roll","floor":0.0},{"not_picked":["Dagger Spray","Bane"],"picked":"Dodge and Roll","floor":0.0},{"not_picked":["Deflect","Masterful Stab"],"picked":"Dodge and Roll","floor":0.0},{"not_picked":["Dagger Spray","Quick Slash"],"picked":"Cloak And Dagger","floor":0.0},{"not_picked":["Outmaneuver","Setup"],"picked":"Skewer","floor":0.0},{"not_picked":["Poisoned Stab","Quick Slash"],"picked":"Calculated Gamble","floor":0.0},{"not_picked":["Acrobatics","Flying Knee"],"picked":"PiercingWail","floor":0.0},{"not_picked":["Skewer","Acrobatics"],"picked":"Tactician","floor":0.0},{"not_picked":["Well Laid Plans","Setup"],"picked":"Flechettes","floor":0.0},{"not_picked":["Setup","Deflect"],"picked":"Underhanded Strike","floor":1.0},{"not_picked":["Eviscerate","Acrobatics"],"picked":"Blade Dance","floor":3.0},{"not_picked":["Dagger Spray","Bane"],"picked":"Dash","floor":4.0},{"not_picked":["Sucker Punch","Slice"],"picked":"Bouncing Flask","floor":7.0},{"not_picked":["Prepared","Bane"],"picked":"Blur","floor":8.0},{"not_picked":["Dagger Spray","Caltrops"],"picked":"Adrenaline","floor":12.0},{"not_picked":["PiercingWail","Slice"],"picked":"Catalyst","floor":13.0},{"not_picked":["Dagger Throw","Skewer"],"picked":"Acrobatics","floor":14.0},{"not_picked":["Malaise","Unload"],"picked":"Adrenaline","floor":16.0},{"not_picked":["Accuracy","Concentrate+1"],"picked":"Footwork","floor":18.0},{"not_picked":["Quick Slash","Backflip"],"picked":"Catalyst","floor":20.0},{"not_picked":["Deadly Poison+1","Setup+1"],"picked":"PiercingWail+1","floor":21.0},{"not_picked":["Well Laid Plans+1","Slice"],"picked":"Accuracy","floor":24.0},{"not_picked":["Dagger Throw","Acrobatics","Dodge and Roll"],"picked":"SKIP","floor":27.0},{"not_picked":["Outmaneuver","Bane","Flying Knee"],"picked":"SKIP","floor":29},{"not_picked":["Dagger Spray","Prepared"],"picked":"Acrobatics","floor":30},{"not_picked":["Die Die Die","Adrenaline"],"picked":"Envenom","floor":33},{"not_picked":["All Out Attack","Acrobatics"],"picked":"Blade Dance","floor":35},{"not_picked":["Bane","Distraction"],"picked":"Deadly Poison","floor":36},{"not_picked":["Crippling Poison","Endless Agony"],"picked":"Noxious Fumes+1","floor":38},{"not_picked":["Dagger Spray+1","Dagger Throw"],"picked":"Acrobatics","floor":40},{"not_picked":["Outmaneuver","Unload","Blade Dance"],"picked":"SKIP","floor":45},{"not_picked":["Quick Slash","Blade Dance","Underhanded Strike"],"picked":"SKIP","floor":47},{"not_picked":["Slice","Flying Knee"],"picked":"Dodge and Roll+1","floor":48}],"player_experience":920237,"relics_obtained":[{"floor":8.0,"key":"Incense Burner"},{"floor":9.0,"key":"Pantograph"},{"floor":12.0,"key":"Juzu Bracelet"},{"floor":14.0,"key":"Mummified Hand"},{"floor":22.0,"key":"Enchiridion"},{"floor":26.0,"key":"Anchor"},{"floor":27.0,"key":"Orichalcum"},{"floor":30,"key":"Red Mask"},{"floor":38,"key":"Peace Pipe"},{"floor":40,"key":"Old Coin"},{"floor":40,"key":"Boot"},{"floor":45,"key":"Smiling Mask"},{"floor":45,"key":"Akabeko"},{"floor":47,"key":"Pear"},{"floor":47,"key":"Blood Vial"}],"event_choices":[{"cards_removed":["Flechettes"],"damage_healed":7.0,"max_hp_gain":0.0,"max_hp_loss":0.0,"gold_gain":0.0,"event_name":"Bonfire Elementals","player_choice":"Offered Uncommon","floor":2.0,"gold_loss":0.0,"damage_taken":0.0},{"damage_healed":0.0,"max_hp_gain":0.0,"max_hp_loss":0.0,"gold_gain":0.0,"event_name":"The Cleric","player_choice":"Leave","floor":10.0,"gold_loss":0.0,"damage_taken":0.0},{"damage_healed":0.0,"max_hp_gain":0.0,"max_hp_loss":0.0,"gold_gain":0.0,"event_name":"Cursed Tome","player_choice":"Obtained Book","floor":22.0,"gold_loss":0.0,"damage_taken":21.0},{"damage_healed":0,"gold_gain":0,"player_choice":"Fought Bandits","damage_taken":0,"max_hp_gain":0,"max_hp_loss":0,"event_name":"Masked Bandits","floor":30,"gold_loss":0},{"damage_healed":0,"gold_gain":0,"player_choice":"Ignored","damage_taken":0,"max_hp_gain":0,"max_hp_loss":0,"event_name":"Vampires","floor":31,"gold_loss":0},{"damage_healed":0,"gold_gain":0,"player_choice":"Max HP","damage_taken":0,"max_hp_gain":0,"max_hp_loss":3,"event_name":"Winding Halls","floor":37,"gold_loss":0},{"damage_healed":0,"gold_gain":0,"player_choice":"Fight","damage_taken":0,"max_hp_gain":0,"max_hp_loss":0,"event_name":"Mysterious Sphere","floor":38,"gold_loss":0},{"cards_removed":["Skewer"],"damage_healed":0,"gold_gain":0,"player_choice":"Removed Attack","damage_taken":0,"max_hp_gain":0,"max_hp_loss":0,"event_name":"Falling","floor":44,"gold_loss":0}],"is_beta":false,"boss_relics":[{"not_picked":["SlaversCollar","Sozu"],"picked":"Cursed Key"},{"not_picked":["Busted Crown","Empty Cage"],"picked":"Black Star"}],"items_purged_floors":[39],"is_endless":false,"potions_floor_spawned":[4,8,14,16,21,24,29,35,45,47],"killed_by":"Time Eater","ascension_level":20}}