{"host":"vxgtqwpb0ulpisda","time":1613518299,"event":{"mods":["BaseMod","Bestiary","Minty Spire (QoL Compilation)","Relic Stats"],"gold_per_floor":[109,123,298,316,3,33,33,8,8,37,47,47,47,85,85,208,208,229,242,242,242,242],"floor_reached":21,"language":"ENG","playtime":851,"items_purged":["Doubt"],"score":278,"play_id":"922f147f-f8e7-4f7c-8271-2ec46508987e","local_time":"20210216183139","is_ascension_mode":true,"campfire_choices":[{"data":"Zap","floor":13,"key":"SMITH"},{"floor":15,"key":"REST"}],"circlet_count":0,"master_deck":["Strike_B","Strike_B","Strike_B","Defend_B","Defend_B","Defend_B","Defend_B","Zap+1","Dualcast","Beam Cell","Double Energy","Sweeping Beam","Sunder","Beam Cell","Hyperbeam","Leap","Capacitor","Storm","Meteor Strike","Machine Learning","Leap","Chill"],"relics":["Cracked Core","OrangePellets","Happy Flower","Matryoshka","Ice Cream","Golden Idol","Orichalcum","Velvet Choker","Nilry\u0027s Codex"],"acts_visited":["Exordium","TheCity"],"potions_floor_usage":[6,10,14,16,20,21],"damage_taken":[{"damage":2,"enemies":"Jaw Worm","floor":1,"turns":4},{"damage":3,"enemies":"Small Slimes","floor":2,"turns":3},{"damage":7,"enemies":"2 Louse","floor":4,"turns":3},{"damage":25,"enemies":"Lagavulin","floor":6,"turns":5},{"damage":0,"enemies":"Gremlin Nob","floor":10,"turns":2},{"damage":0,"enemies":"2 Fungi Beasts","floor":11,"turns":1},{"damage":20,"enemies":"Lagavulin","floor":14,"turns":5},{"damage":40,"enemies":"Hexaghost","floor":16,"turns":9},{"damage":17,"enemies":"2 Thieves","floor":18,"turns":3},{"damage":19,"enemies":"Spheric Guardian","floor":19,"turns":4},{"damage":13,"enemies":"Shelled Parasite and Fungi","floor":21,"turns":2}],"seed_played":"-6223746032454810435","potions_obtained":[{"floor":2,"key":"LiquidBronze"},{"floor":4,"key":"Fire Potion"},{"floor":6,"key":"SpeedPotion"},{"floor":16,"key":"Ancient Potion"},{"floor":19,"key":"Fruit Juice"}],"is_trial":false,"path_per_floor":["M","M","?","M","$","E","?","$","T","E","M","?","R","E","R","B",null,"M","M","?","M"],"character_chosen":"DEFECT","items_purchased":["OrangePellets","Sunder","FocusPotion","Leap"],"campfire_rested":1,"item_purchase_floors":[5,5,5,8],"current_hp_per_floor":[80,77,77,70,70,45,45,45,45,45,45,45,45,25,47,7,59,42,23,12,0,0],"gold":242,"neow_bonus":"TEN_PERCENT_HP_BONUS","is_daily":false,"chose_seed":false,"campfire_upgraded":1,"win_rate":0.0,"timestamp":1613518299,"path_taken":["M","M","?","M","$","E","?","$","T","E","M","?","R","E","R","BOSS","M","M","?","M"],"items_purchased_type":["Relic","Card","Potion","Card"],"build_version":"2020-12-22","purchased_purges":1,"victory":false,"max_hp_per_floor":[82,82,82,82,82,82,82,82,82,82,82,76,76,76,76,76,76,76,76,81,81,81],"relic_stats":{"OrangePellets":[2],"Happy Flower":[8],"counters":[11,41],"Golden Idol":40,"Orichalcum":[30],"obtain_stats":[{"Ice Cream":10,"OrangePellets":5,"Matryoshka":9,"Happy Flower":6,"Golden Idol":12,"Nilry\u0027s Codex":20,"Velvet Choker":17,"Orichalcum":14,"Cracked Core":0},{"Ice Cream":5,"OrangePellets":3,"Matryoshka":4,"Happy Flower":4,"Golden Idol":6,"Nilry\u0027s Codex":10,"Velvet Choker":8,"Orichalcum":7,"Cracked Core":0},{"Ice Cream":17,"OrangePellets":10,"Matryoshka":15,"Happy Flower":15,"Golden Idol":18,"Nilry\u0027s Codex":39,"Velvet Choker":32,"Orichalcum":23,"Cracked Core":0}]},"card_choices":[{"not_picked":["Barrage","Redo"],"picked":"Beam Cell","floor":1},{"not_picked":["Doom and Gloom","Scrape"],"picked":"Double Energy","floor":2},{"not_picked":["Hologram","Consume"],"picked":"Sweeping Beam","floor":4},{"not_picked":["Go for the Eyes","Rip and Tear"],"picked":"Beam Cell","floor":6},{"not_picked":["Go for the Eyes","Compile Driver"],"picked":"Capacitor","floor":10},{"not_picked":["Thunder Strike","Hologram"],"picked":"Storm","floor":11},{"not_picked":["Rip and Tear","Gash"],"picked":"Meteor Strike","floor":14},{"not_picked":["Fission","Reboot"],"picked":"Machine Learning","floor":16},{"not_picked":["Reinforced Body","Blizzard+1"],"picked":"Leap","floor":18},{"not_picked":["Compile Driver","Sweeping Beam"],"picked":"Chill","floor":19}],"player_experience":406215,"relics_obtained":[{"floor":6,"key":"Happy Flower"},{"floor":9,"key":"Matryoshka"},{"floor":10,"key":"Ice Cream"},{"floor":14,"key":"Orichalcum"},{"floor":20,"key":"Nilry\u0027s Codex"}],"event_choices":[{"damage_healed":0,"gold_gain":175,"player_choice":"AGREE","damage_taken":0,"max_hp_gain":0,"max_hp_loss":0,"event_name":"Liars Game","floor":3,"gold_loss":0,"cards_obtained":["Doubt"]},{"damage_healed":0,"gold_gain":0,"cards_transformed":["Strike_B"],"player_choice":"Change","damage_taken":0,"max_hp_gain":0,"max_hp_loss":0,"event_name":"Living Wall","floor":7,"gold_loss":0,"cards_obtained":["Hyperbeam"]},{"damage_healed":0,"gold_gain":0,"player_choice":"Lose Max HP","damage_taken":0,"relics_obtained":["Golden Idol"],"max_hp_gain":0,"max_hp_loss":6,"event_name":"Golden Idol","floor":12,"gold_loss":0},{"damage_healed":0,"gold_gain":0,"player_choice":"Obtained Book","damage_taken":16,"max_hp_gain":0,"max_hp_loss":0,"event_name":"Cursed Tome","floor":20,"gold_loss":0}],"is_beta":false,"boss_relics":[{"not_picked":["Coffee Dripper","SlaversCollar"],"picked":"Velvet Choker"}],"items_purged_floors":[5],"is_endless":false,"potions_floor_spawned":[2,4,6,16,19],"killed_by":"Shelled Parasite and Fungi","ascension_level":5}}