{"host":"3emvdmfknoa4z50o","time":1613512241,"event":{"mods":["BaseMod","Colored Map","Minty Spire (QoL Compilation)"],"gold_per_floor":[112,131,31,45,55,80,80,91,91,110,143,143,154,184,184,288,288,302,302,33,43,61,61,61,61],"floor_reached":24,"language":"ENG","playtime":2169,"items_purged":["Pain"],"score":282,"play_id":"7aec8232-273a-4375-8dd8-56a7d3f4917c","local_time":"20210216165041","is_ascension_mode":true,"campfire_choices":[{"data":"Defragment","floor":7.0,"key":"SMITH"},{"data":"Machine Learning","floor":12,"key":"SMITH"},{"data":"Barrage","floor":15,"key":"SMITH"},{"floor":23,"key":"REST"}],"circlet_count":0,"master_deck":["Strike_B+1","Strike_B+1","Strike_B","Strike_B","Defend_B","Defend_B","Defend_B","Defend_B","Zap+1","Dualcast","Coolheaded","Defragment+1","Go for the Eyes","Sweeping Beam","Auto Shields","Barrage+1","Leap","Machine Learning+1","Go for the Eyes","Machine Learning","Sweeping Beam","Compile Driver"],"relics":["Cracked Core","Potion Belt","Regal Pillow","Whetstone","Singing Bowl","Inserter","WarpedTongs","ClockworkSouvenir"],"acts_visited":["Exordium","TheCity"],"potions_floor_usage":[11,14,18],"damage_taken":[{"damage":1.0,"enemies":"2 Louse","floor":1.0,"turns":2.0},{"damage":0.0,"enemies":"Cultist","floor":2.0,"turns":3.0},{"damage":0.0,"enemies":"Jaw Worm","floor":4.0,"turns":3.0},{"damage":0.0,"enemies":"2 Fungi Beasts","floor":5.0,"turns":2.0},{"damage":9.0,"enemies":"Gremlin Nob","floor":6.0,"turns":4.0},{"damage":0.0,"enemies":"Blue Slaver","floor":8.0,"turns":3.0},{"damage":0.0,"enemies":"Gremlin Gang","floor":10.0,"turns":2.0},{"damage":0,"enemies":"Lagavulin","floor":11,"turns":8},{"damage":4,"enemies":"2 Fungi Beasts","floor":13,"turns":4},{"damage":6,"enemies":"Gremlin Nob","floor":14,"turns":4},{"damage":41,"enemies":"Hexaghost","floor":16,"turns":12},{"damage":11,"enemies":"Shell Parasite","floor":18,"turns":7},{"damage":36,"enemies":"2 Thieves","floor":21,"turns":5},{"damage":12,"enemies":"Cultist and Chosen","floor":22,"turns":6},{"damage":68,"enemies":"Gremlin Leader","floor":24,"turns":6}],"seed_played":"-447670053312073148","potions_obtained":[{"floor":1.0,"key":"FocusPotion"},{"floor":2.0,"key":"Strength Potion"},{"floor":5.0,"key":"PowerPotion"},{"floor":6.0,"key":"EssenceOfSteel"},{"floor":13,"key":"Energy Potion"},{"floor":16,"key":"Explosive Potion"},{"floor":22,"key":"FearPotion"}],"is_trial":false,"path_per_floor":["M","M","$","M","M","E","R","M","T","M","E","R","M","E","R","B",null,"M","?","$","M","M","R","E"],"character_chosen":"DEFECT","items_purchased":["AttackPotion","Go for the Eyes","ClockworkSouvenir","Compile Driver"],"campfire_rested":1,"item_purchase_floors":[3,3,20,20],"current_hp_per_floor":[74,74,74,74,74,65,65,65,65,65,65,65,61,57,57,16,77,66,66,66,32,22,61,0,0],"gold":61,"neow_bonus":"UPGRADE_CARD","is_daily":false,"chose_seed":false,"campfire_upgraded":3,"win_rate":0.0,"timestamp":1613512241,"path_taken":["M","M","$","M","M","E","R","M","T","M","E","R","M","E","R","BOSS","M","?","$","M","?","R","E"],"items_purchased_type":["Potion","Card","Relic","Card"],"build_version":"2020-12-22","purchased_purges":1,"victory":false,"max_hp_per_floor":[75,75,75,75,75,75,75,75,75,75,75,75,75,77,77,77,77,77,77,77,79,81,81,81,81],"card_choices":[{"not_picked":["Double Energy","White Noise"],"picked":"Coolheaded","floor":1.0},{"not_picked":["Ball Lightning","Gash"],"picked":"Defragment","floor":2.0},{"not_picked":["Hologram","Melter"],"picked":"Sweeping Beam","floor":4.0},{"not_picked":["Turbo","Barrage"],"picked":"Auto Shields","floor":5.0},{"not_picked":["Hologram","Scrape"],"picked":"Barrage","floor":6.0},{"not_picked":["Compile Driver","Undo"],"picked":"Leap","floor":8.0},{"not_picked":["Sweeping Beam","Rebound","Steam Power"],"picked":"SKIP","floor":10.0},{"not_picked":["Coolheaded","Skim"],"picked":"Machine Learning","floor":11},{"not_picked":["Skim","Steam"],"picked":"Go for the Eyes","floor":13},{"not_picked":["Blizzard","Sweeping Beam","Rebound"],"picked":"Singing Bowl","floor":14},{"not_picked":["Biased Cognition","Fission"],"picked":"Machine Learning","floor":16},{"not_picked":["Chill","Beam Cell+1"],"picked":"Sweeping Beam","floor":18},{"not_picked":["Compile Driver","Leap","Force Field+1"],"picked":"Singing Bowl","floor":21},{"not_picked":["Conserve Battery","Leap","Hologram"],"picked":"Singing Bowl","floor":22}],"player_experience":508461,"relics_obtained":[{"floor":6.0,"key":"Potion Belt"},{"floor":9.0,"key":"Regal Pillow"},{"floor":11,"key":"Whetstone"},{"floor":14,"key":"Singing Bowl"}],"event_choices":[{"damage_healed":0,"gold_gain":0,"player_choice":"Rummage","damage_taken":0,"relics_obtained":["WarpedTongs"],"max_hp_gain":0,"max_hp_loss":0,"event_name":"Accursed Blacksmith","floor":19,"gold_loss":0,"cards_obtained":["Pain"]}],"is_beta":false,"boss_relics":[{"not_picked":["SlaversCollar","Velvet Choker"],"picked":"Inserter"}],"items_purged_floors":[20],"is_endless":false,"potions_floor_spawned":[1,2,5,6,13,16,22],"killed_by":"Gremlin Leader","ascension_level":3}}