{"host":"kg61lsvem4dxoat8","time":1613484967,"event":{"mods":["AchievementEnabler","BaseMod","Better Altar","Better Match","Better Sensory Stone","Better Skull","Block Reminder","Highlight Path","Minty Spire (QoL Compilation)","Quick Restart","Rare Cards Sparkle","Relic Sorter","Relic Stats","StSLib","Synergy Search","slay the spire mod where everything is the same but ironclad has a cowboy hat"],"gold_per_floor":[111,121,121,137,137,137,164,164,218,246,246,266,326,20,20,120,120,136,186,236,310,310,310,340,340,340,358,358,422,43,93,93,93,93],"floor_reached":33,"language":"ENG","playtime":624,"items_purged":["Strike_R","Strike_R"],"score":407,"play_id":"512d606a-6dd1-4e5e-8378-2cc5fd1f22e0","local_time":"20210216221607","is_ascension_mode":true,"campfire_choices":[{"data":"Dropkick","floor":6,"key":"SMITH"},{"data":"Bash","floor":8,"key":"SMITH"},{"floor":11,"key":"REST"},{"data":"Fire Breathing","floor":15,"key":"SMITH"},{"floor":23,"key":"REST"},{"floor":25,"key":"REST"},{"data":"Evolve","floor":28,"key":"SMITH"},{"floor":32,"key":"REST"}],"circlet_count":0,"master_deck":["AscendersBane","Strike_R","Strike_R","Strike_R","Defend_R","Defend_R","Defend_R","Defend_R","Bash+1","Cleave","Dropkick+1","Shrug It Off","Fire Breathing+1","Immolate","Evolve+1","Seeing Red+1","Writhe","Swift Strike"],"relics":["Burning Blood","NeowsBlessing","Oddly Smooth Stone","SsserpentHead","Boot","Tiny Chest","Regal Pillow","Happy Flower","Philosopher\u0027s Stone","Toxic Egg 2","Potion Belt","Shuriken","Letter Opener","Bag of Preparation","MutagenicStrength"],"acts_visited":["Exordium","TheCity"],"potions_floor_usage":[7,16,16,18,29,33,33],"damage_taken":[{"damage":0,"enemies":"Cultist","floor":1,"turns":1},{"damage":0,"enemies":"Jaw Worm","floor":2,"turns":1},{"damage":0,"enemies":"Small Slimes","floor":4,"turns":1},{"damage":31,"enemies":"Lagavulin","floor":7,"turns":5},{"damage":32,"enemies":"Gremlin Nob","floor":10,"turns":4},{"damage":16,"enemies":"Red Slaver","floor":12,"turns":5},{"damage":6,"enemies":"2 Fungi Beasts","floor":13,"turns":3},{"damage":43,"enemies":"Hexaghost","floor":16,"turns":8},{"damage":43,"enemies":"2 Thieves","floor":18,"turns":4},{"damage":51,"enemies":"Gremlin Leader","floor":24,"turns":6},{"damage":13,"enemies":"3 Byrds","floor":27,"turns":4},{"damage":27,"enemies":"Snake Plant","floor":29,"turns":3},{"damage":102,"enemies":"Champ","floor":33,"turns":7}],"seed_played":"2679725390169329362","potions_obtained":[{"floor":2,"key":"BlessingOfTheForge"},{"floor":7,"key":"AttackPotion"},{"floor":12,"key":"Fire Potion"},{"floor":13,"key":"ColorlessPotion"},{"floor":18,"key":"Block Potion"},{"floor":29,"key":"LiquidBronze"}],"is_trial":false,"path_per_floor":["M","M","?","M","?","R","E","R","T","E","R","M","M","$","R","B",null,"M","?","?","T","?","R","E","R","T","M","R","M","$","?","R","B"],"character_chosen":"IRONCLAD","items_purchased":["Happy Flower","Evolve","Bag of Preparation","Energy Potion","Swift Strike"],"campfire_rested":4,"item_purchase_floors":[14,14,30,30,30],"current_hp_per_floor":[78,80,73,79,79,79,54,54,54,28,67,57,57,57,57,20,65,28,28,28,28,28,67,22,61,61,54,54,33,33,33,72,0,0],"gold":93,"neow_bonus":"THREE_ENEMY_KILL","is_daily":false,"chose_seed":false,"campfire_upgraded":4,"win_rate":0.0,"timestamp":1613484967,"path_taken":["M","M","?","M","?","R","E","R","T","E","R","M","?","$","R","BOSS","M","?","?","?","?","R","E","R","T","M","R","?","$","?","R","BOSS"],"items_purchased_type":["Relic","Card","Relic","Potion","Card"],"build_version":"2020-12-22","purchased_purges":2,"victory":false,"max_hp_per_floor":[80,80,80,80,80,80,80,80,80,80,80,80,80,80,80,80,80,80,80,80,80,80,80,80,80,80,80,80,80,80,80,80,80,80],"relic_stats":{"SsserpentHead":350,"Regal Pillow":60,"Happy Flower":[10],"counters":[13,52],"Shuriken":[7],"Tiny Chest":1,"Bag of Preparation":[2],"Letter Opener":[0],"Boot":[11],"obtain_stats":[{"Potion Belt":21,"Regal Pillow":10,"NeowsBlessing":0,"Happy Flower":14,"Oddly Smooth Stone":3,"Bag of Preparation":30,"Letter Opener":26,"Boot":7,"Burning Blood":0,"SsserpentHead":5,"Shuriken":24,"MutagenicStrength":31,"Tiny Chest":9,"Philosopher\u0027s Stone":17,"Toxic Egg 2":19},{"Potion Belt":9,"Regal Pillow":5,"NeowsBlessing":0,"Happy Flower":7,"Oddly Smooth Stone":2,"Bag of Preparation":12,"Letter Opener":10,"Boot":4,"Burning Blood":0,"SsserpentHead":3,"Shuriken":10,"MutagenicStrength":12,"Tiny Chest":4,"Philosopher\u0027s Stone":8,"Toxic Egg 2":9},{"Potion Belt":32,"Regal Pillow":12,"NeowsBlessing":0,"Happy Flower":20,"Oddly Smooth Stone":2,"Bag of Preparation":45,"Letter Opener":38,"Boot":8,"Burning Blood":0,"SsserpentHead":3,"Shuriken":38,"MutagenicStrength":45,"Tiny Chest":8,"Philosopher\u0027s Stone":28,"Toxic Egg 2":32}],"Burning Blood":68},"card_choices":[{"not_picked":["True Grit","Pummel"],"picked":"Cleave","floor":1},{"not_picked":["Perfected Strike","Dual Wield"],"picked":"Dropkick","floor":2},{"not_picked":["Warcry","Havoc"],"picked":"Shrug It Off","floor":4},{"not_picked":["Body Slam","Headbutt"],"picked":"Fire Breathing","floor":7},{"not_picked":["Spot Weakness","Body Slam","Searing Blow"],"picked":"SKIP","floor":10},{"not_picked":["Warcry","Battle Trance","Whirlwind"],"picked":"SKIP","floor":12},{"not_picked":["Disarm","Ghostly Armor"],"picked":"Immolate","floor":13},{"not_picked":["Shrug It Off+1","Havoc"],"picked":"Seeing Red+1","floor":18},{"not_picked":["Seeing Red+1","Thunderclap","Limit Break+1"],"picked":"SKIP","floor":24},{"not_picked":["Warcry+1","Burning Pact+1","Battle Trance+1"],"picked":"SKIP","floor":27},{"not_picked":["Inflame","Shockwave+1","Heavy Blade"],"picked":"SKIP","floor":29}],"player_experience":1547442,"relics_obtained":[{"floor":7,"key":"Boot"},{"floor":9,"key":"Tiny Chest"},{"floor":10,"key":"Regal Pillow"},{"floor":21,"key":"Potion Belt"},{"floor":24,"key":"Shuriken"},{"floor":26,"key":"Letter Opener"}],"event_choices":[{"damage_healed":0,"gold_gain":0,"player_choice":"Success","damage_taken":7,"relics_obtained":["Oddly Smooth Stone"],"max_hp_gain":0,"max_hp_loss":0,"event_name":"Scrap Ooze","floor":3,"gold_loss":0},{"damage_healed":0,"gold_gain":0,"player_choice":"Trade","damage_taken":0,"relics_obtained":["SsserpentHead"],"max_hp_gain":0,"max_hp_loss":0,"event_name":"FaceTrader","floor":5,"gold_loss":0},{"damage_healed":0,"gold_gain":0,"player_choice":"Opened","damage_taken":0,"relics_obtained":["Toxic Egg 2"],"max_hp_gain":0,"max_hp_loss":0,"event_name":"The Mausoleum","floor":19,"gold_loss":0,"cards_obtained":["Writhe"]},{"damage_healed":0,"gold_gain":0,"player_choice":"Ignored","damage_taken":0,"max_hp_gain":0,"max_hp_loss":0,"event_name":"N\u0027loth","floor":20,"gold_loss":0},{"damage_healed":0,"gold_gain":0,"player_choice":"Bet on Owner","damage_taken":0,"max_hp_gain":0,"max_hp_loss":0,"event_name":"The Joust","floor":22,"gold_loss":50},{"damage_healed":0,"gold_gain":0,"player_choice":"Inject Mutagens","damage_taken":0,"relics_obtained":["MutagenicStrength"],"max_hp_gain":0,"max_hp_loss":0,"event_name":"Drug Dealer","floor":31,"gold_loss":0}],"is_beta":false,"boss_relics":[{"not_picked":["Runic Pyramid","Black Star"],"picked":"Philosopher\u0027s Stone"}],"items_purged_floors":[14,30],"is_endless":false,"potions_floor_spawned":[2,7,12,13,18,29],"killed_by":"Champ","ascension_level":10}}