{"host":"mo324zvkdr1xwprd","time":1613498758,"event":{"mods":["A Penny For Your Troubles","BaseMod","Better Note","Better Third Choice","BetterRewards","Hermit","Highlight Path","Hubris","Minty Spire (QoL Compilation)","Quick Restart","Rare Cards Sparkle","Shop Mod","StSLib","The Cursed","The Hierophant","The Servant 0.9.4","Transform Curses"],"gold_per_floor":[111,125,125,138,152,183,203,230,280,280,299,299,333,352,352,451,451,470,470,215,228,257,277,308,308,336,336,367,383,383,383,485,485,498,512,512,512,79,111,126,143,214,227,238,238,267,282,282,283,283,283,10,42,42],"floor_reached":56,"language":"ENG","playtime":7236,"items_purged":[],"score":2250,"play_id":"7ee3f5bd-c522-4fc2-b322-30b3daefbfd3","local_time":"20210216180558","is_ascension_mode":true,"campfire_choices":[{"floor":12.0,"key":"REST"},{"floor":15.0,"key":"RECALL"},{"data":"Inflame","floor":32.0,"key":"SMITH"},{"floor":46.0,"key":"REST"},{"floor":49.0,"key":"REST"},{"data":"Flame Barrier","floor":52.0,"key":"SMITH"}],"circlet_count":0,"master_deck":["Strike_R","Strike_R","Strike_R","Strike_R","Strike_R","Defend_R","Defend_R","Defend_R","Defend_R","Bash","Anger+1","Warcry","Inflame+1","Flex+1","Feed+1","Pummel+1","Finesse","hubris:ReadiedAction+1","Thunderclap+1","Anger+1","Pommel Strike+1","Wild Strike+1","Bludgeon+1","Shrug It Off","hubris:CleavingFinish+1","Apotheosis+1","Heavy Blade+1","Inflame+1","Shrug It Off","hubris:StunningStrike+1","Spot Weakness+1","Pummel+1","Thinking Ahead","Cleave+1","Flame Barrier+1","hubris:ReadiedAction+1","Wild Strike+1","Headbutt+1","Uppercut+1","Intimidate+1","Barricade+1","Cleave+1","Perfected Strike+1","hubris:ReadiedAction","Violence+1","Whirlwind+1","Flame Barrier+1","Whirlwind+1","Thunderclap+1","Warcry+1","Parasite","Sword Boomerang+1","Disarm+1","Bludgeon+1","Rage","Wild Strike+1","Seeing Red"],"relics":["Burning Blood","Molten Egg 2","hubris:Teleporter","Oddly Smooth Stone","Lantern","Lizard Tail","Omamori","hubris:MedicalManual","Bag of Marbles","Odd Mushroom","Frozen Egg 2","Cursed Key","Bottled Flame","Peace Pipe","Bottled Lightning","Incense Burner","hubris:Towel","Matryoshka","hubris:GrandSneckoEye","Bag of Preparation","Vajra","Nunchaku","hubris:CrystalStatue","TungstenRod","hubris:SlimyHat","War Paint"],"acts_visited":["Exordium","TheCity","TheBeyond","TheEnding"],"potions_floor_usage":[55,55],"damage_taken":[{"damage":0.0,"enemies":"2 Louse","floor":1.0,"turns":3.0},{"damage":0.0,"enemies":"Cultist","floor":2.0,"turns":3.0},{"damage":3.0,"enemies":"Small Slimes","floor":4.0,"turns":3.0},{"damage":0.0,"enemies":"3 Louse","floor":5.0,"turns":2.0},{"damage":21.0,"enemies":"3 Sentries","floor":6.0,"turns":5.0},{"damage":3.0,"enemies":"Exordium Wildlife","floor":7.0,"turns":4.0},{"damage":0.0,"enemies":"The Mushroom Lair","floor":8.0,"turns":3.0},{"damage":0.0,"enemies":"Looter","floor":11.0,"turns":2.0},{"damage":0.0,"enemies":"Gremlin Nob","floor":13.0,"turns":2.0},{"damage":4.0,"enemies":"Blue Slaver","floor":14.0,"turns":4.0},{"damage":9.0,"enemies":"Slime Boss","floor":16.0,"turns":4.0},{"damage":0.0,"enemies":"Shell Parasite","floor":18.0,"turns":1.0},{"damage":4.0,"enemies":"2 Thieves","floor":21.0,"turns":3.0},{"damage":28.0,"enemies":"Gremlin Leader","floor":23.0,"turns":4.0},{"damage":0.0,"enemies":"Snake Plant","floor":24.0,"turns":2.0},{"damage":14.0,"enemies":"Book of Stabbing","floor":25.0,"turns":4.0},{"damage":27.0,"enemies":"Slavers","floor":27.0,"turns":3.0},{"damage":7.0,"enemies":"Book of Stabbing","floor":29.0,"turns":4.0},{"damage":1.0,"enemies":"Shelled Parasite and Fungi","floor":30.0,"turns":3.0},{"damage":49.0,"enemies":"Automaton","floor":33.0,"turns":7.0},{"damage":5.0,"enemies":"3 Shapes","floor":35.0,"turns":6.0},{"damage":0.0,"enemies":"Orb Walker","floor":36.0,"turns":2.0},{"damage":39.0,"enemies":"Nemesis","floor":40.0,"turns":6.0},{"damage":1.0,"enemies":"Transient","floor":41.0,"turns":5.0},{"damage":0.0,"enemies":"3 Darklings","floor":42.0,"turns":2.0},{"damage":30.0,"enemies":"Maw","floor":44.0,"turns":4.0},{"damage":3.0,"enemies":"Writhing Mass","floor":45.0,"turns":5.0},{"damage":0.0,"enemies":"Giant Head","floor":47.0,"turns":6.0},{"damage":2.0,"enemies":"3 Darklings","floor":48.0,"turns":3.0},{"damage":23.0,"enemies":"Time Eater","floor":50.0,"turns":11.0},{"damage":16.0,"enemies":"Shield and Spear","floor":54.0,"turns":4.0},{"damage":115,"enemies":"The Heart","floor":55,"turns":12}],"seed_played":"153179008573428645","potions_obtained":[{"floor":1.0,"key":"Ancient Potion"},{"floor":8.0,"key":"Energy Potion"},{"floor":11.0,"key":"BloodPotion"},{"floor":13.0,"key":"BloodPotion"},{"floor":24.0,"key":"Explosive Potion"},{"floor":25.0,"key":"LiquidBronze"},{"floor":27.0,"key":"FairyPotion"},{"floor":30.0,"key":"ColorlessPotion"},{"floor":36.0,"key":"BlessingOfTheForge"}],"is_trial":false,"path_per_floor":["M","M","?","M","M","E","M","?","T","?","M","R","E","M","R","B",null,"M","?","$","M","E","M","E","T","E","?","E","M","?","R","B",null,"M","M","?","?","$","E","M","M","T","M","M","R","E","M","R","B",null,"R","$","E","B",null],"character_chosen":"IRONCLAD","items_purchased":["Molten Egg 2","Oddly Smooth Stone","Anger+1","Warcry","Lantern","Inflame","Flex","Feed+1","Pummel+1","Finesse","hubris:ReadiedAction","ColorlessPotion","Pummel+1","Thinking Ahead","Bag of Preparation","hubris:ReadiedAction","Violence","Whirlwind+1","Rage","hubris:SlimyHat","Wild Strike+1"],"campfire_rested":3,"item_purchase_floors":[0,0,0,0,0,0,0,0,0,0,0,0,20,20,39,39,39,39,53,53,53],"current_hp_per_floor":[34,40,40,47,53,42,49,55,55,55,61,89,99,104,104,105,107,108,108,108,112,112,112,104,104,105,105,104,109,109,109,66,101,106,112,112,112,112,79,84,90,90,66,73,109,115,119,120,103,116,116,116,106,40],"gold":42,"neow_bonus":"","is_daily":false,"chose_seed":false,"campfire_upgraded":2,"win_rate":0.0,"timestamp":1613498758,"path_taken":["M","M","?","M","?","E","M","?","T","?","M","R","E","M","R","BOSS","M","?","$","M","E","M","E","T","E","?","E","M","?","R","BOSS","M","M","?","?","$","E","M","M","T","M","M","R","E","M","R","BOSS","R","$","E","BOSS"],"items_purchased_type":["Relic","Relic","Card","Card","Relic","Card","Card","Card","Card","Card","Card","Potion","Card","Card","Relic","Card","Card","Card","Card","Relic","Card"],"build_version":"2020-12-22","purchased_purges":0,"victory":true,"max_hp_per_floor":[84,84,84,88,88,92,96,96,96,96,96,96,100,104,104,108,108,108,108,108,112,112,112,112,112,112,112,112,112,112,112,112,112,116,116,116,116,116,116,116,116,116,116,120,120,120,120,120,120,120,120,120,120,120],"card_choices":[{"not_picked":["Flex","Combust"],"picked":"Thunderclap+1","floor":1.0},{"not_picked":["Sever Soul+1","Twin Strike+1"],"picked":"Anger+1","floor":2.0},{"not_picked":["Dropkick+1","Twin Strike+1"],"picked":"Pommel Strike+1","floor":4.0},{"not_picked":["Body Slam+1","Exhume"],"picked":"Wild Strike+1","floor":5.0},{"not_picked":["Flame Barrier","Anger+1"],"picked":"Bludgeon+1","floor":6.0},{"not_picked":["Twin Strike+1","Clothesline+1"],"picked":"Shrug It Off","floor":7.0},{"not_picked":["Havoc","Warcry"],"picked":"hubris:CleavingFinish+1","floor":8.0},{"not_picked":["Body Slam+1","Havoc"],"picked":"Heavy Blade+1","floor":11.0},{"not_picked":["Bloodletting","Immolate+1"],"picked":"Inflame+1","floor":13.0},{"not_picked":["Clash+1","Dual Wield"],"picked":"Shrug It Off","floor":14.0},{"not_picked":["Exhume","Bludgeon+1"],"picked":"hubris:StunningStrike+1","floor":16.0},{"not_picked":["Second Wind","Clothesline+1"],"picked":"Spot Weakness+1","floor":18.0},{"not_picked":["Warcry","Reckless Charge+1"],"picked":"Cleave+1","floor":21.0},{"not_picked":["Ghostly Armor","Fiend Fire+1"],"picked":"Flame Barrier+1","floor":23.0},{"not_picked":["Infernal Blade","Clothesline+1"],"picked":"hubris:ReadiedAction+1","floor":24.0},{"not_picked":["Double Tap","Dark Embrace+1"],"picked":"Wild Strike+1","floor":25.0},{"not_picked":["Shrug It Off","Warcry"],"picked":"Headbutt+1","floor":27.0},{"not_picked":["Dual Wield","Bloodletting"],"picked":"Uppercut+1","floor":29.0},{"not_picked":["hubris:ReadiedAction","Cleave+1"],"picked":"Intimidate+1","floor":30.0},{"not_picked":["Berserk+1","Feed+1"],"picked":"Barricade+1","floor":33.0},{"not_picked":["Wild Strike+1","Warcry+1"],"picked":"Cleave+1","floor":35.0},{"not_picked":["hubris:ReadiedAction+1","Headbutt+1"],"picked":"Perfected Strike+1","floor":36.0},{"not_picked":["hubris:ReadiedAction+1","Twin Strike+1"],"picked":"Flame Barrier","floor":40.0},{"not_picked":["Fiend Fire+1","Perfected Strike+1"],"picked":"Whirlwind+1","floor":41.0},{"not_picked":["hubris:SharpeningStone","Evolve+1"],"picked":"Thunderclap+1","floor":42.0},{"not_picked":["Dual Wield","Feel No Pain+1"],"picked":"Warcry+1","floor":44.0},{"not_picked":["Rage","Thunderclap+1"],"picked":"Sword Boomerang+1","floor":45.0},{"not_picked":["Shrug It Off","Body Slam+1"],"picked":"Disarm+1","floor":47.0},{"not_picked":["Armaments+1","Wild Strike+1"],"picked":"Bludgeon+1","floor":48.0},{"not_picked":["Heavy Blade+1","hubris:ReadiedAction"],"picked":"Seeing Red","floor":54.0}],"player_experience":709018,"relics_obtained":[{"floor":6.0,"key":"Bag of Marbles"},{"floor":8.0,"key":"Odd Mushroom"},{"floor":13.0,"key":"Frozen Egg 2"},{"floor":23.0,"key":"Bottled Flame"},{"floor":25.0,"key":"Peace Pipe"},{"floor":26.0,"key":"Bottled Lightning"},{"floor":27.0,"key":"Incense Burner"},{"floor":29.0,"key":"Matryoshka"},{"floor":40.0,"key":"Vajra"},{"floor":43.0,"key":"Nunchaku"},{"floor":43.0,"key":"hubris:CrystalStatue"},{"floor":47.0,"key":"TungstenRod"},{"floor":54.0,"key":"War Paint"}],"event_choices":[{"damage_healed":0.0,"max_hp_gain":0.0,"max_hp_loss":0.0,"gold_gain":0.0,"event_name":"Upgrade Shrine","player_choice":"Upgraded","floor":3.0,"gold_loss":0.0,"damage_taken":0.0,"cards_upgraded":["hubris:ReadiedAction"]},{"damage_healed":0.0,"max_hp_gain":0.0,"max_hp_loss":0.0,"gold_gain":0.0,"event_name":"Mushrooms","player_choice":"Fought Mushrooms","floor":8.0,"gold_loss":0.0,"damage_taken":0.0},{"damage_healed":55.0,"max_hp_gain":0.0,"max_hp_loss":96.0,"gold_gain":0.0,"event_name":"betterThird:BetterShining","player_choice":"Embrace","floor":10.0,"gold_loss":0.0,"damage_taken":0.0},{"damage_healed":0.0,"max_hp_gain":0.0,"max_hp_loss":0.0,"gold_gain":0.0,"event_name":"Beggar","player_choice":"Ignored","floor":19.0,"gold_loss":0.0,"damage_taken":0.0},{"damage_healed":0.0,"max_hp_gain":0.0,"max_hp_loss":0.0,"gold_gain":0.0,"event_name":"Vampires","player_choice":"Ignored","floor":31.0,"gold_loss":0.0,"damage_taken":0.0},{"damage_healed":0.0,"max_hp_gain":0.0,"max_hp_loss":0.0,"gold_gain":0.0,"event_name":"Purifier","player_choice":"Ignored","floor":38.0,"gold_loss":0.0,"damage_taken":0.0}],"is_beta":false,"boss_relics":[{"not_picked":["hubris:CrackedHourglass","Philosopher\u0027s Stone"],"picked":"Cursed Key"},{"not_picked":["hubris:BlackHole","SacredBark"],"picked":"hubris:GrandSneckoEye"}],"items_purged_floors":[],"is_endless":false,"potions_floor_spawned":[1,8,11,13,14,16,24,25,27,30,36,41,45,48],"ascension_level":9}}