{"host":"m6rwrrl4vtok99e8","time":1613481895,"event":{"mods":["Act Like it!","Arknights","Aspiration","BaseMod","Colored Powertips","Downfall","KomeijiMod","LagranYue(???·?)","Lobotomy","Marisa????????","Minty Spire (QoL Compilation)","Quick Restart","Reliquary","Remilia??????","Replay The Spire","StSLib","The Bug Knight","The Hierophant","The Servant 0.9.4","Waifu the Spire","WarShipGirlsR/????R mod","Youmu??????","Yuri Mod"],"gold_per_floor":[116,116,195,212,60,60,75,75,75,85,101,120,84,84,84,84,84],"floor_reached":16,"language":"ZHS","playtime":699,"items_purged":[],"score":92,"play_id":"fb8ed6dd-93f0-4011-af42-6a361cfa4607","local_time":"20210216212455","is_ascension_mode":false,"campfire_choices":[{"floor":6,"key":"REST"},{"floor":15,"key":"REST"}],"circlet_count":0,"master_deck":["Strike_S","Strike_S","Strike_S","Strike_S","Defend_S","Defend_S","Defend_S","Defend_S","KidneyShot","Exchange","BestPractice","BestPractice","Reset","InstantArmor","Scarecrow","Ricochet","WasteNot"],"relics":["Uniform","LagranYue:RandomDrawCardRelic","CogitoBucket","Regal Pillow","DollysMirror","Replay:Bottled Flurry"],"acts_visited":["Exordium"],"potions_floor_usage":[],"damage_taken":[{"damage":4,"enemies":"Cultist","floor":1,"turns":5},{"damage":4,"enemies":"Small Slimes","floor":4,"turns":4},{"damage":8,"enemies":"Jaw Worm","floor":7,"turns":4},{"damage":10,"enemies":"Looter","floor":10,"turns":4},{"damage":3,"enemies":"Red Slaver","floor":11,"turns":3},{"damage":27,"enemies":"2 Fungi Beasts","floor":12,"turns":7},{"damage":77,"enemies":"Slime Boss","floor":16,"turns":11}],"seed_played":"-3923638074368936866","potions_obtained":[{"floor":3,"key":"Doom Potion"},{"floor":3,"key":"SpeedPotion"},{"floor":4,"key":"Strength Potion"}],"is_trial":false,"path_per_floor":["M","$","?","M","$","R","M","?","T","M","M","M","?","$","R","B"],"character_chosen":"THE_SERVANT","items_purchased":["DollysMirror"],"campfire_rested":2,"item_purchase_floors":[5],"current_hp_per_floor":[61,61,45,41,41,65,57,57,57,47,44,25,25,25,59,0,0],"gold":84,"neow_bonus":"","is_daily":false,"chose_seed":false,"campfire_upgraded":0,"win_rate":0.0,"timestamp":1613481895,"path_taken":["M","?","?","M","$","R","M","?","T","M","M","M","?","?","R","BOSS"],"items_purchased_type":["Relic"],"build_version":"2020-12-22","purchased_purges":0,"victory":false,"max_hp_per_floor":[65,65,65,65,65,65,65,65,65,65,65,65,65,65,65,65,65],"card_choices":[{"not_picked":["Unruled","Ricochet"],"picked":"BestPractice","floor":1},{"not_picked":["Defy","ShatteredReality","Shuttle"],"picked":"SKIP","floor":4},{"not_picked":["Wellcheers","DespairKnight"],"picked":"CrumblingArmor","floor":7},{"not_picked":["Defy","Unruled"],"picked":"Reset","floor":7},{"not_picked":["CrumblingArmor","Yin"],"picked":"Scarecrow","floor":10},{"not_picked":["ShatteredReality","Defy"],"picked":"Ricochet","floor":10},{"not_picked":["Alleviate","Spin"],"picked":"WasteNot","floor":11},{"not_picked":["Ricochet","BottledTime","TimeWarp"],"picked":"SKIP","floor":12}],"player_experience":23655,"relics_obtained":[{"floor":3,"key":"Regal Pillow"},{"floor":9,"key":"Replay:Bottled Flurry"}],"event_choices":[{"damage_healed":0,"gold_gain":0,"cards_transformed":["CrumblingArmor"],"player_choice":"Transformed","damage_taken":0,"max_hp_gain":0,"max_hp_loss":0,"event_name":"Transmorgrifier","floor":8,"gold_loss":0,"cards_obtained":["InstantArmor"]},{"damage_healed":0,"gold_gain":0,"player_choice":"Left Gold","damage_taken":0,"max_hp_gain":0,"max_hp_loss":0,"event_name":"World of Goop","floor":13,"gold_loss":36}],"is_beta":false,"boss_relics":[],"items_purged_floors":[],"is_endless":false,"potions_floor_spawned":[4,11,12],"killed_by":"Slime Boss","ascension_level":0}}