{"host":"3c8x8j1h2jyrixpf","time":1613504532,"event":{"mods":["BaseMod","Colored Powertips","Highlight Path","Minty Spire (QoL Compilation)","StSLib"],"gold_per_floor":[111,129,54,74,84,84,115,127,139,161,193,205,217,229,241,325,337,363,388,400,429,111,111,122,122,204,204,219,232,232,260,260,260,260],"floor_reached":33,"language":"ENG","playtime":1227,"items_purged":["Strike_G","Strike_G+1"],"score":485,"play_id":"02410b4b-71bf-4ace-8c39-1040812003a6","local_time":"20210216134212","is_ascension_mode":true,"campfire_choices":[{"data":"Poisoned Stab","floor":6.0,"key":"SMITH"},{"data":"Deadly Poison","floor":12.0,"key":"SMITH"},{"floor":15.0,"key":"REST"},{"floor":23.0,"key":"REST"},{"data":"Skewer","floor":25.0,"key":"SMITH"},{"data":"Adrenaline","floor":27,"key":"SMITH"},{"data":"Corpse Explosion","floor":30,"key":"SMITH"},{"floor":32,"key":"REST"}],"circlet_count":0,"master_deck":["AscendersBane","Strike_G+1","Strike_G+1","Strike_G+1","Defend_G+1","Defend_G+1","Defend_G+1","Defend_G+1","Defend_G+1","Survivor","Neutralize","Dash+1","Poisoned Stab+1","Backflip","Well Laid Plans","Deadly Poison+1","Caltrops","Corpse Explosion+1","PiercingWail","Skewer+1","Masterful Stab+1","Adrenaline+1","Prepared+1","Deadly Poison"],"relics":["Ring of the Snake","Akabeko","MawBank","Orichalcum","Philosopher\u0027s Stone","Whetstone","Bottled Lightning","Mummified Hand"],"acts_visited":["Exordium","TheCity"],"potions_floor_usage":[33],"damage_taken":[{"damage":0.0,"enemies":"2 Louse","floor":1.0,"turns":2.0},{"damage":0.0,"enemies":"Jaw Worm","floor":2.0,"turns":3.0},{"damage":1.0,"enemies":"Small Slimes","floor":4.0,"turns":5.0},{"damage":3.0,"enemies":"Exordium Thugs","floor":5.0,"turns":5.0},{"damage":19.0,"enemies":"Lagavulin","floor":7.0,"turns":8.0},{"damage":1.0,"enemies":"3 Louse","floor":10.0,"turns":4.0},{"damage":5.0,"enemies":"2 Fungi Beasts","floor":11.0,"turns":3.0},{"damage":37.0,"enemies":"Slime Boss","floor":16.0,"turns":14.0},{"damage":1.0,"enemies":"Chosen","floor":18.0,"turns":5.0},{"damage":2.0,"enemies":"Shell Parasite","floor":19.0,"turns":5.0},{"damage":28.0,"enemies":"Snecko","floor":21.0,"turns":6.0},{"damage":7.0,"enemies":"Centurion and Healer","floor":24.0,"turns":4.0},{"damage":0,"enemies":"Snake Plant","floor":28,"turns":2},{"damage":0,"enemies":"Shelled Parasite and Fungi","floor":29,"turns":2},{"damage":31,"enemies":"Gremlin Leader","floor":31,"turns":5},{"damage":28,"enemies":"Champ","floor":33,"turns":6}],"seed_played":"3122452921894258157","potions_obtained":[{"floor":2.0,"key":"Strength Potion"},{"floor":10.0,"key":"Fire Potion"},{"floor":21.0,"key":"Explosive Potion"}],"is_trial":false,"path_per_floor":["M","M","$","M","M","R","E","$","T","M","M","R","?","?","R","B",null,"M","M","?","M","$","R","M","R","T","R","M","M","R","E","R","B"],"character_chosen":"THE_SILENT","items_purchased":["Masterful Stab","Whetstone"],"campfire_rested":3,"item_purchase_floors":[22,22],"current_hp_per_floor":[63,63,63,62,59,59,40,40,40,39,34,34,20,20,41,4,54,53,51,51,23,23,44,37,37,37,37,37,37,37,6,27,0,0],"gold":260,"neow_bonus":"RANDOM_COMMON_RELIC","is_daily":false,"chose_seed":false,"campfire_upgraded":5,"win_rate":0.0,"timestamp":1613504532,"path_taken":["M","M","$","M","M","R","E","$","T","M","M","R","?","?","R","BOSS","M","M","?","M","$","R","M","R","T","R","M","M","R","E","R","BOSS"],"items_purchased_type":["Card","Relic"],"build_version":"2020-12-22","purchased_purges":2,"victory":false,"max_hp_per_floor":[70,70,70,70,70,70,70,70,70,70,70,70,70,70,70,70,70,70,70,70,70,70,70,70,70,70,70,70,70,70,70,70,70,70],"card_choices":[{"not_picked":["PiercingWail","Acrobatics"],"picked":"Dash","floor":1.0},{"not_picked":["PiercingWail","Backflip"],"picked":"Poisoned Stab","floor":2.0},{"not_picked":["Outmaneuver","Infinite Blades"],"picked":"Backflip","floor":4.0},{"not_picked":["Doppelganger","Bane"],"picked":"Well Laid Plans","floor":5.0},{"not_picked":["Sucker Punch","Flying Knee","Cloak And Dagger"],"picked":"SKIP","floor":7.0},{"not_picked":["Prepared","Escape Plan"],"picked":"Deadly Poison","floor":10.0},{"not_picked":["Well Laid Plans","Deflect"],"picked":"Caltrops","floor":11.0},{"not_picked":["Night Terror","Bullet Time"],"picked":"Corpse Explosion","floor":16.0},{"not_picked":["Accuracy","Backflip"],"picked":"PiercingWail","floor":18.0},{"not_picked":["Acrobatics","Poisoned Stab","Bane"],"picked":"SKIP","floor":19.0},{"not_picked":["Dodge and Roll","Underhanded Strike+1"],"picked":"Skewer","floor":21.0},{"not_picked":["Sucker Punch","Backflip"],"picked":"Adrenaline","floor":24.0},{"not_picked":["Dagger Spray","Calculated Gamble"],"picked":"Prepared+1","floor":28},{"not_picked":["Poisoned Stab","Dodge and Roll"],"picked":"Deadly Poison","floor":29},{"not_picked":["Cloak And Dagger","Setup","Accuracy"],"picked":"SKIP","floor":31}],"player_experience":258560,"relics_obtained":[{"floor":7.0,"key":"MawBank"},{"floor":9.0,"key":"Orichalcum"},{"floor":26.0,"key":"Bottled Lightning"},{"floor":31,"key":"Mummified Hand"}],"event_choices":[{"damage_healed":0.0,"max_hp_gain":0.0,"max_hp_loss":0.0,"gold_gain":0.0,"event_name":"Shining Light","player_choice":"Entered Light","floor":13.0,"gold_loss":0.0,"damage_taken":14.0,"cards_upgraded":["Defend_G","Strike_G"]},{"damage_healed":0.0,"max_hp_gain":0.0,"max_hp_loss":0.0,"gold_gain":0.0,"event_name":"Liars Game","player_choice":"Ignored","floor":14.0,"gold_loss":0.0,"damage_taken":0.0},{"damage_healed":0.0,"max_hp_gain":0.0,"max_hp_loss":0.0,"gold_gain":0.0,"event_name":"Back to Basics","player_choice":"Simplicity","floor":20.0,"gold_loss":0.0,"damage_taken":0.0,"cards_upgraded":["Strike_G","Strike_G","Strike_G","Defend_G","Defend_G","Defend_G","Defend_G"]}],"is_beta":false,"boss_relics":[{"not_picked":["Runic Dome","Calling Bell"],"picked":"Philosopher\u0027s Stone"}],"items_purged_floors":[3,22],"is_endless":false,"potions_floor_spawned":[2,10,21,28,29],"killed_by":"Champ","ascension_level":13}}