{"host":"2uq4yl5bzsf2ox6r","time":1613507149,"event":{"mods":["BaseMod","Downfall","Highlight Path","Minty Spire (QoL Compilation)","Relic Stats","StSLib"],"gold_per_floor":[99,99,99,99,99,125,125,125,125,145,169,197,213,232,250,353,353,353,366,384,384,394,426,450,450,450,450,450],"floor_reached":26,"language":"ENG","playtime":1812,"items_purged":[],"score":305,"play_id":"5e809aa5-6c5f-4548-aee8-f22006473fc3","local_time":"20210216152549","is_ascension_mode":true,"campfire_choices":[{"data":"Slimebound:CorrosiveSpit","floor":1,"key":"SMITH"},{"data":"Slimebound:SamplingLick","floor":9,"key":"SMITH"},{"data":"Slimebound:DuplicatedForm","floor":18,"key":"SMITH"}],"circlet_count":0,"master_deck":["Slimebound:Strike_Slimebound","Slimebound:Strike_Slimebound+1","Slimebound:Strike_Slimebound","Slimebound:Tackle+1","Slimebound:Defend_Slimebound","Slimebound:Defend_Slimebound","Slimebound:Defend_Slimebound+1","Slimebound:Defend_Slimebound","Slimebound:Split","Slimebound:CorrosiveSpit+1","Slimebound:SamplingLick+1","Slimebound:SlimeSpikes","Slimebound:LeechEnergy","Slimebound:RejuvenatingLick","Slimebound:Equalize","Slimebound:RollThrough","Slimebound:FormOfPuddle","Slimebound:FormOfPuddle","Slimebound:DuplicatedForm+1","Slimebound:MassFeed","Slimebound:Grow","Slimebound:Grow+1"],"relics":["Slimebound:AbsorbEndCombatUpgraded","downfall:HeartsMalice","Bag of Preparation","Shuriken","Blue Candle","Tiny Chest","Slimebound:PotencyRelic","Gambling Chip","Happy Flower"],"acts_visited":["Exordium","TheCity"],"potions_floor_usage":[14,14,19,22,23,25],"damage_taken":[{"damage":0,"enemies":"Small Slimes","floor":2,"turns":1},{"damage":0,"enemies":"2 Louse","floor":3,"turns":1},{"damage":0,"enemies":"Jaw Worm","floor":4,"turns":1},{"damage":25,"enemies":"3 Sentries","floor":6,"turns":11},{"damage":1,"enemies":"Gremlin Gang","floor":10,"turns":4},{"damage":23,"enemies":"Lagavulin","floor":12,"turns":7},{"damage":0,"enemies":"3 Louse","floor":13,"turns":2},{"damage":9,"enemies":"Blue Slaver","floor":14,"turns":2},{"damage":8,"enemies":"Exordium Thugs","floor":15,"turns":4},{"damage":37,"enemies":"IC_STATUS_ARCHETYPE","floor":16,"turns":7},{"damage":49,"enemies":"Shell Parasite","floor":19,"turns":6},{"damage":36,"enemies":"3 Byrds","floor":20,"turns":5},{"damage":38,"enemies":"Centurion and Healer","floor":22,"turns":6},{"damage":27,"enemies":"Slavers","floor":23,"turns":8},{"damage":35,"enemies":"Book of Stabbing","floor":25,"turns":5},{"damage":41,"enemies":"Cultist and Chosen","floor":26,"turns":8}],"seed_played":"-5150814826835652542","potions_obtained":[{"floor":6,"key":"Energy Potion"},{"floor":12,"key":"LiquidMemories"},{"floor":13,"key":"SmokeBomb"},{"floor":16,"key":"Regen Potion"},{"floor":20,"key":"Weak Potion"},{"floor":22,"key":"Block Potion"}],"is_trial":false,"path_per_floor":["R","M","M","M","?","E","T","?","R","M","T","E","M","M","M","B",null,"R","M","M","?","M","E","T","E","M"],"character_chosen":"SLIMEBOUND","items_purchased":[],"campfire_rested":0,"item_purchase_floors":[],"current_hp_per_floor":[65,65,65,65,65,44,44,39,39,46,46,39,47,50,54,33,65,65,61,41,41,44,36,36,21,0,0,0],"gold":450,"neow_bonus":"THREE_ENEMY_KILL","is_daily":false,"chose_seed":false,"campfire_upgraded":3,"win_rate":0.0,"timestamp":1613507149,"path_taken":["R","M","M","M","?","E","T","?","R","M","?","E","M","?","M","BOSS","R","M","M","?","M","E","T","E","M"],"items_purchased_type":[],"build_version":"2020-12-22","purchased_purges":0,"victory":false,"max_hp_per_floor":[65,65,65,65,65,65,65,65,65,65,65,65,65,65,65,65,65,65,65,68,68,71,71,71,71,71,71,71],"relic_stats":{"Happy Flower":[4],"counters":[16,74],"Shuriken":[11],"Blue Candle":[6],"Gambling Chip":[9],"Tiny Chest":0,"Bag of Preparation":[24],"obtain_stats":[{"Happy Flower":24,"Shuriken":7,"Blue Candle":8,"Gambling Chip":23,"downfall:HeartsMalice":0,"Tiny Chest":11,"Slimebound:AbsorbEndCombat":0,"Bag of Preparation":6,"Slimebound:AbsorbEndCombatUpgraded":17,"Slimebound:PotencyRelic":12},{"Happy Flower":14,"Shuriken":4,"Blue Candle":4,"Gambling Chip":14,"downfall:HeartsMalice":0,"Tiny Chest":5,"Slimebound:AbsorbEndCombat":0,"Bag of Preparation":4,"Slimebound:AbsorbEndCombatUpgraded":10,"Slimebound:PotencyRelic":6},{"Happy Flower":61,"Shuriken":11,"Blue Candle":11,"Gambling Chip":61,"downfall:HeartsMalice":0,"Tiny Chest":15,"Slimebound:AbsorbEndCombat":0,"Bag of Preparation":11,"Slimebound:AbsorbEndCombatUpgraded":37,"Slimebound:PotencyRelic":22}]},"card_choices":[{"not_picked":["Slimebound:GoopTackle","Slimebound:FormOfPuddle"],"picked":"Slimebound:SamplingLick","floor":2},{"not_picked":["Slimebound:LeechingTouch","Slimebound:FinishingTackle"],"picked":"Slimebound:SlimeSpikes","floor":3},{"not_picked":["Slimebound:SplitLeeching","Slimebound:RollThrough"],"picked":"Slimebound:LeechEnergy","floor":4},{"not_picked":["Slimebound:Schlurp","Slimebound:FirmFortitude"],"picked":"Slimebound:RejuvenatingLick","floor":6},{"not_picked":["Slimebound:Repurpose","Slimebound:SplitMire"],"picked":"Slimebound:Equalize","floor":10},{"not_picked":["Slimebound:LevelUp","Slimebound:FlameTackle"],"picked":"Slimebound:RollThrough","floor":12},{"not_picked":["Slimebound:SplitSpecialist","Slimebound:Dissolve"],"picked":"Slimebound:FormOfPuddle","floor":13},{"not_picked":["Slimebound:TongueLash","Slimebound:LeechEnergy"],"picked":"Slimebound:FormOfPuddle","floor":14},{"not_picked":["Slimebound:LeechEnergy","Slimebound:ForwardTackle"],"picked":"Slimebound:DuplicatedForm","floor":15},{"not_picked":["Slimebound:Overexert","Slimebound:CheckThePlaybook"],"picked":"Slimebound:MassFeed","floor":16},{"not_picked":["Slimebound:ServeAndProtect","Slimebound:SlimeBrawl+1","Slimebound:GoopTackle"],"picked":"SKIP","floor":19},{"not_picked":["Slimebound:Schlurp+1","Slimebound:GoopTackle"],"picked":"Slimebound:Grow","floor":20},{"not_picked":["Slimebound:Prepare","Slimebound:GoopTackle+1"],"picked":"Slimebound:Grow+1","floor":22},{"not_picked":["Slimebound:SlimeTap","Slimebound:Prepare","Slimebound:DouseInSlime"],"picked":"SKIP","floor":23}],"player_experience":196886,"relics_obtained":[{"floor":6,"key":"Bag of Preparation"},{"floor":7,"key":"Shuriken"},{"floor":11,"key":"Tiny Chest"},{"floor":12,"key":"Slimebound:PotencyRelic"},{"floor":23,"key":"Gambling Chip"},{"floor":24,"key":"Happy Flower"}],"event_choices":[],"is_beta":false,"boss_relics":[{"not_picked":["Cursed Key","bronze:MakeshiftBattery"],"picked":"Slimebound:AbsorbEndCombatUpgraded"}],"items_purged_floors":[],"is_endless":false,"potions_floor_spawned":[6,12,13,16,20,22],"killed_by":"Cultist and Chosen","ascension_level":4}}