{"host":"o3b7ow6d1xe49css","time":1613459774,"event":{"mods":["Act Like it!","Aspiration","BaseMod","Bestiary","Better Altar","Better Match","Better Note","Better Sensory Stone","Better Skull","Better Third Choice","Colored Powertips","Conspire","Energized Spire","Force Act Four","GifTheSpireLib","Halation","Hermit","Hubris","Infinite Spire","Lobotomy","Minty Spire (QoL Compilation)","Quick Restart","Rare Cards Sparkle","Relic Filter Mod","Reliquary","Replay The Spire","Spicy Shops","Spikes Relics","StSLib","Stuff the Spire","The Blue Laboratory","The Disciple","Wandering Minibosses"],"gold_per_floor":[118,131,145,145,145,176,202,235,308,333,359,359,386,386,397,397,492,492,511,511,511,436,436,436,436,436],"floor_reached":25,"language":"ENG","playtime":867,"items_purged":[],"score":456,"play_id":"761ec10a-e023-4b30-a476-557a5e89e50f","local_time":"20210215221614","daily_mods":["Diverse","Heirloom","Flight"],"is_ascension_mode":true,"campfire_choices":[{"data":"Tantrum","floor":12,"key":"SMITH"},{"data":"Strike_R","floor":16,"key":"PURGE"},{"data":"Worship","floor":24,"key":"SMITH"}],"circlet_count":0,"master_deck":["Strike_R","Strike_R","Strike_R","Strike_R","Defend_R","Defend_R","Bash+1","Deadly Poison","Deadly Poison","ThirdEye","hermit:Headshot","Tantrum+1","Scorched","BowlingBash+1","WindmillStrike+1","UniverseFragment","Tempest","hubris:DuctTapeCard","Headbutt+1","OverTime+1","Glass Knife+1","Engulf+1","TiringSlam+1","Worship+1","PiercingWail","Master of Strategy"],"relics":["Burning Blood","Ring of Chaos","hubris:Potato","CogitoBucket","Prayer Wheel","Molten Egg 2","hubris:Reverence","SpikesRelics:DaevaFist","hubris:DuctTape","Replay:Ringing Soul","Bag of Marbles","halation:LettersToHer","Bloody Idol"],"acts_visited":["Exordium","TheCity"],"potions_floor_usage":[6,11,15,15,19,25],"damage_taken":[{"damage":3,"enemies":"Small Slimes","floor":1,"turns":3},{"damage":7,"enemies":"Jaw Worm","floor":2,"turns":3},{"damage":0,"enemies":"2 Louse","floor":3,"turns":3},{"damage":0,"enemies":"Lagavulin","floor":6,"turns":3},{"damage":3,"enemies":"3 Sentries","floor":7,"turns":3},{"damage":0,"enemies":"Gremlin Nob","floor":8,"turns":2},{"damage":0,"enemies":"Lagavulin","floor":10,"turns":2},{"damage":15,"enemies":"3 Sentries","floor":11,"turns":4},{"damage":0,"enemies":"Gremlin Nob","floor":13,"turns":2},{"damage":44,"enemies":"Writhing Mass","floor":15,"turns":5},{"damage":16,"enemies":"The Guardian","floor":17,"turns":7},{"damage":2,"enemies":"2 Thieves","floor":19,"turns":3},{"damage":48,"enemies":"Nightmare","floor":25,"turns":3}],"seed_played":"48175503152128058","potions_obtained":[{"floor":2,"key":"blueLaboratory:HorrorPotion"},{"floor":3,"key":"blueLaboratory:FrostheartPotion"},{"floor":7,"key":"blueLaboratory:BottleOfVodka"},{"floor":10,"key":"Adrenaline Potion"},{"floor":13,"key":"LifebloodPotion"},{"floor":17,"key":"Reflective Coating"},{"floor":19,"key":"Swift Potion"}],"is_trial":true,"path_per_floor":["M","M","M","?","?","E","E","E","T","E","E","R","E","M","M","R","B",null,"M","$","?","?","?","R","NM"],"character_chosen":"IRONCLAD","items_purchased":[],"campfire_rested":0,"item_purchase_floors":[],"current_hp_per_floor":[80,79,80,80,80,80,80,80,80,83,77,77,86,86,51,51,41,79,86,86,86,89,40,40,0,0],"gold":436,"neow_bonus":"","is_daily":false,"chose_seed":false,"campfire_upgraded":2,"win_rate":0.0,"timestamp":1613459774,"path_taken":["M","M","M","?","?","E","E","E","T","E","E","R","E","M","R","BOSS","M","$","?","?","?","R","NM"],"items_purchased_type":[],"build_version":"2020-12-22","purchased_purges":0,"victory":false,"max_hp_per_floor":[80,80,80,80,80,80,80,80,80,83,86,86,89,89,92,92,92,92,95,95,95,98,98,98,98,98],"card_choices":[{"not_picked":["hubris:Sniper","Calculated Gamble"],"picked":"Deadly Poison","floor":1},{"not_picked":["BlueShift","FlurryOfBlows"],"picked":"Deadly Poison","floor":1},{"not_picked":["Wellcheers","Murderer","VoidDream"],"picked":"Singing Bowl","floor":1},{"not_picked":["hermit:TakeAim","hermit:Desperado"],"picked":"ThirdEye","floor":2},{"not_picked":["Rudolta","FairyFestival","OSAHOGD"],"picked":"Singing Bowl","floor":2},{"not_picked":["Heavy Blade","LockedAnchor","StuffTheSpire:Incineration"],"picked":"SKIP","floor":2},{"not_picked":["SignatureMove","Warcry"],"picked":"hermit:Headshot","floor":3},{"not_picked":["Shockwave","PiercingWail"],"picked":"Tantrum","floor":3},{"not_picked":["CherryBlossoms","OSAHOGD"],"picked":"Scorched","floor":3},{"not_picked":["Go for the Eyes+1","Slice+1"],"picked":"BowlingBash+1","floor":6},{"not_picked":["ShyLook","RedShoes","DespairKnight"],"picked":"Singing Bowl","floor":6},{"not_picked":["hermit:Shortfuse+1","EmptyBody"],"picked":"WindmillStrike+1","floor":7},{"not_picked":["Mercenary","OldLady","WhiteNight"],"picked":"Singing Bowl","floor":7},{"not_picked":["hermit:Ricochet+1","Invigoration"],"picked":"Tempest","floor":8},{"not_picked":["MHz","BigBadWolf","FairyFestival"],"picked":"Singing Bowl","floor":8},{"not_picked":["Bludgeon+1","Replay:AtTheReady"],"picked":"Headbutt+1","floor":10},{"not_picked":["hermit:PistolWhip+1","SignatureMove+1"],"picked":"OverTime+1","floor":11},{"not_picked":["Armaments","PathToVictory"],"picked":"Glass Knife+1","floor":13},{"not_picked":["Fiend Fire+1","PrimeTime+1"],"picked":"Engulf+1","floor":15},{"not_picked":["Wild Strike+1","Tempest","Replay:AtTheReady"],"picked":"SKIP","floor":15},{"not_picked":["Leg Sweep","ReplayTheSpireMod:Strike From Hell+1"],"picked":"TiringSlam+1","floor":19},{"not_picked":["Streamline+1","Stack"],"picked":"Worship","floor":19},{"not_picked":["hermit:SprayPray","Gash"],"picked":"PiercingWail","floor":22},{"not_picked":["Metamorphosis","Secret Technique"],"picked":"Master of Strategy","floor":22}],"player_experience":1521068,"relics_obtained":[{"floor":6,"key":"Molten Egg 2"},{"floor":7,"key":"hubris:Reverence"},{"floor":8,"key":"SpikesRelics:DaevaFist"},{"floor":9,"key":"hubris:DuctTape"},{"floor":10,"key":"Replay:Ringing Soul"},{"floor":11,"key":"Bag of Marbles"},{"floor":13,"key":"halation:LettersToHer"}],"event_choices":[{"damage_healed":0,"gold_gain":0,"player_choice":"Ignored","damage_taken":0,"max_hp_gain":0,"max_hp_loss":0,"event_name":"betterNote:BetterNote","floor":21,"gold_loss":0,"cards_obtained":["Strike_R"]},{"damage_healed":0,"gold_gain":0,"player_choice":"1","damage_taken":0,"max_hp_gain":0,"max_hp_loss":0,"event_name":"betterMatch:BetterMatch","floor":22,"gold_loss":0,"cards_obtained":["betterMatch:CommonCard","betterMatch:ColorlessRareCard"]},{"damage_healed":0,"gold_gain":0,"player_choice":" Idol ","damage_taken":49,"relics_obtained":["Bloody Idol"],"max_hp_gain":89,"max_hp_loss":40,"event_name":"betterAltar:BetterAltar","floor":23,"potions_obtained":[],"relics_lost":[],"gold_loss":0}],"is_beta":false,"boss_relics":[{"not_picked":["halation:CatFaceCupcake","aspiration:RunicSpoon","conspire:SlowCooker"]}],"items_purged_floors":[],"is_endless":false,"potions_floor_spawned":[2,3,7,10,13,17,19],"killed_by":"Nightmare","ascension_level":5}}