{"host":"en4narc5947t7k9n","time":1613497644,"event":{"mods":["AchievementEnabler","BaseMod","Colored Map","Minty Spire (QoL Compilation)","SuperFastMode"],"gold_per_floor":[116,191,206,225,295,295,310,340,340,370,42,53,64,29,29,29,29],"floor_reached":16,"language":"KOR","playtime":841,"items_purged":[],"score":112,"play_id":"51d2914b-10fe-4282-a2c3-7ad771bf19f1","local_time":"20210217024724","is_ascension_mode":false,"campfire_choices":[{"data":"Entrench","floor":6,"key":"SMITH"},{"data":"Corruption","floor":15,"key":"SMITH"}],"circlet_count":0,"master_deck":["Strike_R","Strike_R","Strike_R","Strike_R","Strike_R","Defend_R","Defend_R","Defend_R","Defend_R","Bash","Anger","Uppercut","Entrench+1","Dropkick","Impervious","Headbutt","Corruption+1","Body Slam","Bloodletting","Battle Trance"],"relics":["Burning Blood","NeowsBlessing","Potion Belt","Happy Flower","Question Card","Sling"],"acts_visited":["Exordium"],"potions_floor_usage":[12,12,13,16,16,16],"damage_taken":[{"damage":0,"enemies":"2 Louse","floor":1,"turns":1},{"damage":0,"enemies":"Jaw Worm","floor":3,"turns":1},{"damage":0,"enemies":"Small Slimes","floor":4,"turns":1},{"damage":0,"enemies":"Looter","floor":7,"turns":3},{"damage":30,"enemies":"Lagavulin","floor":8,"turns":7},{"damage":44,"enemies":"Gremlin Nob","floor":10,"turns":6},{"damage":9,"enemies":"3 Louse","floor":12,"turns":5},{"damage":8,"enemies":"Large Slime","floor":13,"turns":6},{"damage":52,"enemies":"The Guardian","floor":16,"turns":8}],"seed_played":"599567959593912779","potions_obtained":[{"floor":4,"key":"EssenceOfSteel"},{"floor":8,"key":"EntropicBrew"},{"floor":12,"key":"Ancient Potion"},{"floor":13,"key":"ColorlessPotion"}],"is_trial":false,"path_per_floor":["M","?","M","M","?","R","M","E","T","E","$","M","M","?","R","B"],"character_chosen":"IRONCLAD","items_purchased":["Corruption","Body Slam","Sling"],"campfire_rested":0,"item_purchase_floors":[11,11,11],"current_hp_per_floor":[80,69,75,80,80,80,80,56,56,18,18,15,29,49,49,0,0],"gold":29,"neow_bonus":"THREE_ENEMY_KILL","is_daily":false,"chose_seed":false,"campfire_upgraded":2,"win_rate":0.0,"timestamp":1613497644,"path_taken":["M","?","M","M","?","R","M","E","T","E","$","M","M","?","R","BOSS"],"items_purchased_type":["Card","Card","Relic"],"build_version":"2020-12-22","purchased_purges":0,"victory":false,"max_hp_per_floor":[80,80,80,80,80,80,80,80,80,80,80,80,80,80,80,80,80],"card_choices":[{"not_picked":["Pommel Strike","Bloodletting"],"picked":"Anger","floor":1},{"not_picked":["Twin Strike","Hemokinesis"],"picked":"Uppercut","floor":3},{"not_picked":["Wild Strike","Clash"],"picked":"Entrench","floor":4},{"not_picked":["Entrench","Heavy Blade"],"picked":"Dropkick","floor":7},{"not_picked":["Iron Wave","Rampage"],"picked":"Impervious","floor":8},{"not_picked":["Entrench","Thunderclap"],"picked":"Headbutt","floor":10},{"not_picked":["Hemokinesis","Thunderclap","Sever Soul"],"picked":"Bloodletting","floor":12},{"not_picked":["Armaments","True Grit","Flex"],"picked":"Battle Trance","floor":13}],"player_experience":17082,"relics_obtained":[{"floor":8,"key":"Potion Belt"},{"floor":9,"key":"Happy Flower"},{"floor":10,"key":"Question Card"}],"event_choices":[{"damage_healed":0,"gold_gain":75,"player_choice":"Gather Gold","damage_taken":11,"max_hp_gain":0,"max_hp_loss":0,"event_name":"World of Goop","floor":2,"gold_loss":0},{"damage_healed":0,"gold_gain":70,"player_choice":"Gained Gold","damage_taken":0,"max_hp_gain":0,"max_hp_loss":0,"event_name":"Golden Wing","floor":5,"gold_loss":0},{"damage_healed":20,"gold_gain":0,"player_choice":"Healed","damage_taken":0,"max_hp_gain":0,"max_hp_loss":0,"event_name":"The Cleric","floor":14,"gold_loss":35}],"is_beta":false,"boss_relics":[],"items_purged_floors":[],"is_endless":false,"potions_floor_spawned":[4,8,12,13],"killed_by":"The Guardian","ascension_level":0}}