{"host":"j9610sde00vfp93k","time":1613450950,"event":{"mods":["AchievementEnabler","BaseMod","Dio Mod","Gold Saver","Minty Spire (QoL Compilation)","Permanent Neow","Rare Cards Sparkle","Spire Arcade","StSLib","SuperFastMode"],"gold_per_floor":[338,338,357,377,396,423,443,443,470,500,510,510,510,115,115,211,211,223,238,2,2,12,42,42,42,42,42,59,59,59],"floor_reached":29,"language":"ENG","playtime":1518,"items_purged":[],"score":255,"play_id":"4af70020-f002-4d72-a207-2bae038343ec","local_time":"20210216124910","is_ascension_mode":false,"campfire_choices":[{"data":"dioMod:SevenPageMuda","floor":8,"key":"SMITH"},{"data":"dioMod:Pluck","floor":12,"key":"SMITH"},{"floor":15,"key":"REST"},{"floor":25,"key":"REST"}],"circlet_count":0,"master_deck":["dioMod:Strike","dioMod:Strike","dioMod:Strike","dioMod:Strike","Bite","dioMod:Defend","dioMod:Defend","dioMod:Defend","dioMod:Defend","dioMod:SevenPageMuda+1","dioMod:TripleThreat","dioMod:Hiss","dioMod:Muda","dioMod:HeavyLifting","dioMod:GoodbyeJojo","dioMod:CautiousMuda","dioMod:Pluck+1","dioMod:CutDeep","dioMod:Minions","Master of Strategy","dioMod:FlyAway","dioMod:Refresh","dioMod:HeavyLifting+1","dioMod:DaggerSpree","Mayhem","dioMod:LaserVision","dioMod:ComboFever+1","dioMod:DarkRebirth","dioMod:Muda+1","dioMod:DominatingPresence","dioMod:BlendIn+1"],"relics":["dioMod:JoestarBlood","Turnip","Vajra","PreservedInsect","FaceOfCleric","Dream Catcher","Oddly Smooth Stone","MutagenicStrength"],"acts_visited":["Exordium","TheCity"],"potions_floor_usage":[6,10,22,22,29],"damage_taken":[{"damage":2,"enemies":"2 Louse","floor":1,"turns":3},{"damage":1,"enemies":"Cultist","floor":3,"turns":4},{"damage":0,"enemies":"Small Slimes","floor":4,"turns":4},{"damage":10,"enemies":"Looter","floor":5,"turns":3},{"damage":32,"enemies":"Gremlin Nob","floor":6,"turns":4},{"damage":21,"enemies":"Exordium Thugs","floor":7,"turns":4},{"damage":23,"enemies":"Lagavulin","floor":10,"turns":5},{"damage":17,"enemies":"Gremlin Gang","floor":11,"turns":6},{"damage":33,"enemies":"Slime Boss","floor":16,"turns":11},{"damage":9,"enemies":"3 Byrds","floor":18,"turns":5},{"damage":29,"enemies":"Shell Parasite","floor":19,"turns":6},{"damage":22,"enemies":"3 Cultists","floor":22,"turns":4},{"damage":29,"enemies":"Slavers","floor":23,"turns":3},{"damage":17,"enemies":"Snecko","floor":28,"turns":4},{"damage":18,"enemies":"Gremlin Leader","floor":29,"turns":3}],"seed_played":"-1603322850055306313","potions_obtained":[{"floor":1,"key":"Swift Potion"},{"floor":6,"key":"Fire Potion"},{"floor":10,"key":"Weak Potion"},{"floor":16,"key":"Fire Potion"},{"floor":19,"key":"Fruit Juice"}],"is_trial":false,"path_per_floor":["M","?","M","M","M","E","M","R","T","E","M","R","?","$","R","B",null,"M","M","$","$","M","E","?","R","T","?","M","E"],"character_chosen":"THE_DEFAULT","items_purchased":["dioMod:Minions","Master of Strategy","Dream Catcher","Mayhem","dioMod:LaserVision"],"campfire_rested":2,"item_purchase_floors":[14,14,14,20,20],"current_hp_per_floor":[75,75,75,75,70,43,30,30,30,12,9,9,9,9,31,15,76,70,46,46,46,30,2,2,27,27,27,13,0,0],"gold":59,"neow_bonus":"ONE_RANDOM_RARE_CARD","is_daily":false,"chose_seed":false,"campfire_upgraded":2,"win_rate":0.0,"timestamp":1613450950,"path_taken":["M","?","M","M","M","E","M","R","T","E","M","R","?","$","R","BOSS","M","M","?","$","M","E","?","R","T","?","M","E"],"items_purchased_type":["Card","Card","Relic","Card","Card"],"build_version":"2020-12-22","purchased_purges":0,"victory":false,"max_hp_per_floor":[75,75,75,75,75,75,75,75,75,75,75,75,75,75,75,76,76,77,78,78,78,84,85,85,85,85,85,86,86,86],"card_choices":[{"not_picked":["dioMod:GoodbyeJojo","dioMod:LaserVision"],"picked":"dioMod:TripleThreat","floor":1},{"not_picked":["dioMod:BloodSplash","dioMod:SadisticLaugh"],"picked":"dioMod:Hiss","floor":3},{"not_picked":["dioMod:DisarmingVoice","dioMod:FlyAway"],"picked":"dioMod:Muda","floor":4},{"not_picked":["dioMod:VengefulMuda","dioMod:WRYYY"],"picked":"dioMod:HeavyLifting","floor":5},{"not_picked":["dioMod:HeavyLifting","dioMod:SlashThroughTime"],"picked":"dioMod:GoodbyeJojo","floor":6},{"not_picked":["dioMod:WRYYY","dioMod:GoodbyeJojo"],"picked":"dioMod:CautiousMuda","floor":7},{"not_picked":["dioMod:PhantomBlood","dioMod:BloodSplash"],"picked":"dioMod:Pluck","floor":10},{"not_picked":["dioMod:Hiss","dioMod:DarkRebirth"],"picked":"dioMod:CutDeep","floor":11},{"not_picked":["dioMod:BloodShield","dioMod:Hiss"],"picked":"dioMod:FlyAway","floor":15},{"not_picked":["dioMod:Regeneration","dioMod:KonoDioDa"],"picked":"dioMod:Refresh","floor":16},{"not_picked":["dioMod:Roundabout","dioMod:DaggerToss"],"picked":"dioMod:HeavyLifting+1","floor":18},{"not_picked":["dioMod:DaggerToss","dioMod:TripleThreat"],"picked":"dioMod:DaggerSpree","floor":19},{"not_picked":["dioMod:CoffinBath","dioMod:DisarmingVoice"],"picked":"dioMod:ComboFever+1","floor":22},{"not_picked":["dioMod:BloodTransfusion","dioMod:DisarmingVoice"],"picked":"dioMod:DarkRebirth","floor":23},{"not_picked":["dioMod:Diversion+1","dioMod:FlyAway"],"picked":"dioMod:Muda+1","floor":25},{"not_picked":["dioMod:Hiss+1","dioMod:Roundabout+1"],"picked":"dioMod:BlendIn+1","floor":28}],"player_experience":223147,"relics_obtained":[{"floor":6,"key":"Turnip"},{"floor":9,"key":"Vajra"},{"floor":10,"key":"PreservedInsect"},{"floor":23,"key":"Oddly Smooth Stone"}],"event_choices":[{"damage_healed":0,"gold_gain":0,"player_choice":"Ignored","damage_taken":0,"max_hp_gain":0,"max_hp_loss":0,"event_name":"Golden Wing","floor":2,"gold_loss":0},{"damage_healed":0,"gold_gain":0,"player_choice":"Trade","damage_taken":0,"relics_obtained":["FaceOfCleric"],"max_hp_gain":0,"max_hp_loss":0,"event_name":"FaceTrader","floor":13,"gold_loss":0},{"damage_healed":0,"gold_gain":0,"player_choice":"Inject Mutagens","damage_taken":0,"relics_obtained":["MutagenicStrength"],"max_hp_gain":0,"max_hp_loss":0,"event_name":"Drug Dealer","floor":24,"gold_loss":0},{"damage_healed":0,"gold_gain":0,"player_choice":"Read","damage_taken":0,"max_hp_gain":0,"max_hp_loss":0,"event_name":"The Library","floor":27,"gold_loss":0,"cards_obtained":["dioMod:DominatingPresence"]}],"is_beta":false,"boss_relics":[{"not_picked":["Calling Bell","Cursed Key"],"picked":"dioMod:JoestarBlood"}],"items_purged_floors":[],"is_endless":false,"potions_floor_spawned":[1,6,10,16,19],"killed_by":"Gremlin Leader","ascension_level":0}}