{"host":"f76wcztdlwlduum6","time":1613443511,"event":{"mods":["BaseMod","BetterRewards","Colored Powertips","Minty Spire (QoL Compilation)","Quick Restart","Rare Cards Sparkle","Relic Stats","StSLib","SuperFastMode","everything is the same but u backflip on backflip"],"gold_per_floor":[109,259,37,37,53,53,81,81,81,115,15,15,15,27,27,100,100,117,7,7,7,25,25,57,68,148,148,348,348,348],"floor_reached":29,"language":"ENG","playtime":741,"items_purged":["Strike_B","Strike_B"],"score":544,"play_id":"c1982240-75c9-4f27-82fd-0988a5060b15","local_time":"20210215204511","is_ascension_mode":true,"campfire_choices":[{"data":"Conserve Battery","floor":6,"key":"SMITH"},{"data":"Conserve Battery","floor":12,"key":"SMITH"},{"data":"Capacitor","floor":15,"key":"SMITH"},{"data":"Defragment","floor":23,"key":"SMITH"},{"floor":27,"key":"REST"}],"circlet_count":0,"master_deck":["AscendersBane","Defend_B","Defend_B","Defend_B","Defend_B","Zap","Conserve Battery+1","Coolheaded","Capacitor+1","Conserve Battery+1","Compile Driver","Ball Lightning+1","Ball Lightning","Electrodynamics","Coolheaded","Defragment+1","Capacitor","Defragment+1"],"relics":["Cracked Core","NeowsBlessing","Letter Opener","TungstenRod","Dream Catcher","Empty Cage","PreservedInsect","Sundial"],"acts_visited":["Exordium","TheCity"],"potions_floor_usage":[7,10,24],"damage_taken":[{"damage":0,"enemies":"Jaw Worm","floor":1,"turns":1},{"damage":0,"enemies":"Small Slimes","floor":5,"turns":1},{"damage":0,"enemies":"3 Sentries","floor":7,"turns":1},{"damage":12,"enemies":"Lagavulin","floor":10,"turns":8},{"damage":0,"enemies":"Cultist","floor":14,"turns":4},{"damage":29,"enemies":"Hexaghost","floor":16,"turns":10},{"damage":8,"enemies":"Spheric Guardian","floor":18,"turns":5},{"damage":16,"enemies":"2 Thieves","floor":22,"turns":3},{"damage":27,"enemies":"Book of Stabbing","floor":24,"turns":7},{"damage":8,"enemies":"Centurion and Healer","floor":25,"turns":6},{"damage":38,"enemies":"Shelled Parasite and Fungi","floor":29,"turns":4}],"seed_played":"5303749967943095959","potions_obtained":[{"floor":5,"key":"Fruit Juice"},{"floor":7,"key":"DistilledChaos"},{"floor":16,"key":"LiquidMemories"}],"is_trial":false,"path_per_floor":["M","?","$","?","M","R","E","?","T","E","$","R","$","M","R","B",null,"M","?","$","$","M","R","E","M","T","R","?","M"],"character_chosen":"DEFECT","items_purchased":["Coolheaded","Capacitor"],"campfire_rested":1,"item_purchase_floors":[3,3],"current_hp_per_floor":[64,64,64,69,69,69,74,67,67,55,55,55,55,55,55,26,67,59,59,59,59,43,43,16,8,8,32,32,0,0],"gold":348,"neow_bonus":"THREE_ENEMY_KILL","is_daily":false,"chose_seed":false,"campfire_upgraded":4,"win_rate":0.0,"timestamp":1613443511,"path_taken":["M","?","$","?","M","R","E","?","T","E","?","R","$","M","R","BOSS","M","?","?","$","M","R","E","M","T","R","?","?"],"items_purchased_type":["Card","Card"],"build_version":"2020-12-22","purchased_purges":2,"victory":false,"max_hp_per_floor":[71,71,71,76,76,76,81,81,81,81,81,81,81,81,81,81,81,81,81,81,81,81,81,81,81,81,81,81,81,81],"relic_stats":{"Dream Catcher":1,"counters":[11,50],"Sundial":[0],"PreservedInsect":0,"Letter Opener":[68],"obtain_stats":[{"Dream Catcher":10,"NeowsBlessing":0,"Sundial":26,"PreservedInsect":24,"Letter Opener":7,"Cracked Core":0,"Empty Cage":17,"TungstenRod":9},{"Dream Catcher":4,"NeowsBlessing":0,"Sundial":10,"PreservedInsect":9,"Letter Opener":3,"Cracked Core":0,"Empty Cage":6,"TungstenRod":3},{"Dream Catcher":11,"NeowsBlessing":0,"Sundial":46,"PreservedInsect":40,"Letter Opener":3,"Cracked Core":0,"Empty Cage":25,"TungstenRod":3}],"TungstenRod":28},"card_choices":[{"not_picked":["Barrage","Stack"],"picked":"Conserve Battery","floor":1},{"not_picked":["Cold Snap","Aggregate"],"picked":"Conserve Battery","floor":5},{"not_picked":["Genetic Algorithm","Gash"],"picked":"Compile Driver","floor":7},{"not_picked":["Fusion","Leap"],"picked":"Ball Lightning","floor":10},{"not_picked":["Aggregate","Go for the Eyes"],"picked":"Ball Lightning","floor":14},{"not_picked":["Thunder Strike","All For One"],"picked":"Electrodynamics","floor":16},{"not_picked":["Barrage","Streamline"],"picked":"Coolheaded","floor":18},{"not_picked":["Genetic Algorithm","Go for the Eyes"],"picked":"Defragment","floor":22},{"not_picked":["Ball Lightning","Multi-Cast","Beam Cell"],"picked":"SKIP","floor":24},{"not_picked":["Static Discharge","Coolheaded"],"picked":"Capacitor","floor":25},{"not_picked":["Ball Lightning","Conserve Battery"],"picked":"Defragment+1","floor":27}],"player_experience":337018,"relics_obtained":[{"floor":7,"key":"Letter Opener"},{"floor":9,"key":"TungstenRod"},{"floor":10,"key":"Dream Catcher"},{"floor":24,"key":"PreservedInsect"},{"floor":26,"key":"Sundial"}],"event_choices":[{"damage_healed":0,"gold_gain":150,"player_choice":"AGREE","damage_taken":0,"max_hp_gain":0,"max_hp_loss":0,"event_name":"Liars Game","floor":2,"gold_loss":0,"cards_obtained":["Doubt"]},{"damage_healed":0,"gold_gain":0,"player_choice":"Donut","damage_taken":0,"max_hp_gain":5,"max_hp_loss":0,"event_name":"Big Fish","floor":4,"gold_loss":0},{"cards_removed":["Doubt"],"damage_healed":0,"gold_gain":0,"player_choice":"Card Removal","damage_taken":7,"max_hp_gain":0,"max_hp_loss":0,"event_name":"Golden Wing","floor":8,"gold_loss":0},{"cards_removed":["Dualcast"],"damage_healed":0,"gold_gain":0,"player_choice":"Upgrade and Remove","damage_taken":0,"max_hp_gain":0,"max_hp_loss":0,"event_name":"Designer","floor":19,"gold_loss":110,"cards_upgraded":["Ball Lightning"]},{"damage_healed":0,"gold_gain":200,"player_choice":"Gold","damage_taken":0,"max_hp_gain":0,"max_hp_loss":0,"event_name":"Wheel of Change","floor":28,"gold_loss":0}],"is_beta":false,"boss_relics":[{"not_picked":["Velvet Choker","Astrolabe"],"picked":"Empty Cage"}],"items_purged_floors":[3,11],"is_endless":false,"potions_floor_spawned":[5,7,16],"killed_by":"Shelled Parasite and Fungi","ascension_level":20}}