{"host":"2uq4yl5bzsf2ox6r","time":1613512535,"event":{"mods":["BaseMod","Downfall","Highlight Path","Minty Spire (QoL Compilation)","Relic Stats","StSLib"],"gold_per_floor":[99,99,99,99,99,99,125,125,125,151,164,193,216,235,245,342,342,342,355,355,369,387,403,427,427,459,16,16,31,49,65,85,181,181,181,191,201,201,211,211,211,211,222,222,222,55,72,99,111,111,111,111],"floor_reached":50,"language":"ENG","playtime":2923,"items_purged":["Slimebound:Strike_Slimebound","Slimebound:SplitAcid"],"score":635,"play_id":"9a8cb679-22f0-48d6-8511-d1a84db693e2","local_time":"20210216165535","is_ascension_mode":true,"campfire_choices":[{"data":"Slimebound:CorrosiveSpit","floor":1,"key":"SMITH"},{"data":"Slimebound:Split","floor":8,"key":"SMITH"},{"data":"Slimebound:SelfFormingGoo","floor":18,"key":"SMITH"},{"floor":25,"key":"REST"},{"floor":28,"key":"REST"},{"data":"Slimebound:Prepare","floor":35,"key":"SMITH"},{"floor":42,"key":"REST"},{"floor":44,"key":"REST"}],"circlet_count":0,"master_deck":["Slimebound:Split+1","Slimebound:CorrosiveSpit+1","Slimebound:LevelUp","Slimebound:PressTheAttack","Parasite","Slimebound:SplitSpecialist+1","Slimebound:SplitLeeching","Slimebound:SlimeBarrage","Slimebound:SelfFormingGoo+1","Slimebound:SplitAcid","Slimebound:SlimeBarrage","Jack Of All Trades","Slimebound:PressTheAttack","Slimebound:SplitSpecialist","Slimebound:LeechingTouch+1","Slimebound:Prepare+1","Slimebound:PressTheAttack+1","Slimebound:Prepare+1","Slimebound:Recollect","Slimebound:LeechEnergy","Slimebound:TagTeam","Slimebound:SplitSpecialist","Slimebound:SplitBruiser","Slimebound:Darklings","Slimebound:SplitLeeching+1","expansioncontent:AwakenDeath","expansioncontent:AwakenDeath","expansioncontent:YouAreMine","Slimebound:Grow","Slimebound:SlimeTap+1","Slimebound:LivingWall+1"],"relics":["Slimebound:AbsorbEndCombat","downfall:HeartsMalice","WarpedTongs","Akabeko","Bronze Scales","Slimebound:AggressiveSlimeRelic","Bag of Marbles","Busted Crown","Boot","War Paint","Thread and Needle","Pandora\u0027s Box","Kunai","PreservedInsect","InkBottle"],"acts_visited":["Exordium","TheCity","TheBeyond"],"potions_floor_usage":[16,16,21,26,29,33,43,47,50,50],"damage_taken":[{"damage":0,"enemies":"Cultist","floor":2,"turns":1},{"damage":0,"enemies":"2 Louse","floor":4,"turns":1},{"damage":0,"enemies":"3 Sentries","floor":10,"turns":1},{"damage":2,"enemies":"Jaw Worm","floor":11,"turns":4},{"damage":22,"enemies":"Gremlin Nob","floor":12,"turns":3},{"damage":13,"enemies":"Large Slime","floor":14,"turns":3},{"damage":14,"enemies":"Gremlin Gang","floor":15,"turns":3},{"damage":17,"enemies":"WA_ARCHETYPE_RETAIN","floor":16,"turns":3},{"damage":0,"enemies":"Chosen","floor":19,"turns":3},{"damage":22,"enemies":"downfall:LooterAlt2","floor":21,"turns":3},{"damage":28,"enemies":"Sentry and Sphere","floor":22,"turns":4},{"damage":12,"enemies":"Snake Plant","floor":23,"turns":3},{"damage":23,"enemies":"Book of Stabbing","floor":26,"turns":4},{"damage":0,"enemies":"downfall:FleeingMerchant","floor":27,"turns":4},{"damage":0,"enemies":"Snecko","floor":29,"turns":4},{"damage":0,"enemies":"Cultist and Chosen","floor":30,"turns":4},{"damage":2,"enemies":"Snake Plant","floor":31,"turns":2},{"damage":11,"enemies":"Centurion and Healer","floor":32,"turns":4},{"damage":10,"enemies":"DF_ARCHETYPE_CLAW","floor":33,"turns":6},{"damage":0,"enemies":"Orb Walker","floor":36,"turns":3},{"damage":23,"enemies":"3 Darklings","floor":37,"turns":4},{"damage":0,"enemies":"Maw","floor":39,"turns":7},{"damage":20,"enemies":"Spire Growth","floor":43,"turns":4},{"damage":11,"enemies":"downfall:FleeingMerchant","floor":46,"turns":4},{"damage":6,"enemies":"3 Darklings","floor":47,"turns":3},{"damage":51,"enemies":"Giant Head","floor":48,"turns":7},{"damage":2,"enemies":"4 Shapes","floor":49,"turns":5},{"damage":148,"enemies":"SI_POISON_ARCHETYPE","floor":50,"turns":5}],"seed_played":"-4838787035104637235","potions_obtained":[{"floor":12,"key":"BlessingOfTheForge"},{"floor":14,"key":"DuplicationPotion"},{"floor":15,"key":"sneckomod:MuddlingPotion"},{"floor":19,"key":"champ:CounterPotion"},{"floor":23,"key":"Block Potion"},{"floor":26,"key":"champ:CounterPotion"},{"floor":32,"key":"Slimebound:SlimedPotion"},{"floor":33,"key":"FairyPotion"},{"floor":36,"key":"SpeedPotion"},{"floor":40,"key":"downfall:CursedFountainPotion"},{"floor":47,"key":"CultistPotion"},{"floor":49,"key":"Swift Potion"}],"is_trial":false,"path_per_floor":["R","M","?","M","?","?","T","R","?","E","M","E","T","M","M","B",null,"R","M","?","M","M","M","T","R","E","$","R","M","M","M","M","B",null,"R","M","M","?","M","?","T","R","M","R","?","$","M","E","M","B"],"character_chosen":"SLIMEBOUND","items_purchased":["Thread and Needle","Slimebound:Prepare","PreservedInsect","FairyPotion","DistilledChaos","Slimebound:Grow"],"campfire_rested":4,"item_purchase_floors":[27,27,46,46,46,46],"current_hp_per_floor":[65,65,65,65,65,65,65,65,65,65,65,45,45,36,24,9,65,65,65,65,43,15,5,5,24,5,7,26,28,30,30,21,15,65,65,65,42,42,46,46,46,65,45,64,54,47,45,21,25,0,0,0],"gold":111,"neow_bonus":"THREE_ENEMY_KILL","is_daily":false,"chose_seed":false,"campfire_upgraded":4,"win_rate":0.0,"timestamp":1613512535,"path_taken":["R","M","?","?","?","?","T","R","?","E","?","E","?","M","M","BOSS","R","M","?","?","M","M","T","R","E","?","R","M","M","M","M","BOSS","R","M","M","?","M","?","T","R","?","R","?","$","M","E","M","BOSS"],"items_purchased_type":["Relic","Card","Relic","Potion","Potion","Card"],"build_version":"2020-12-22","purchased_purges":2,"victory":false,"max_hp_per_floor":[65,65,65,65,65,65,65,65,65,65,65,65,65,65,65,65,65,65,65,65,65,65,65,65,65,65,65,65,65,65,65,65,65,65,65,65,65,65,65,65,65,65,65,65,65,65,65,65,65,65,65,65],"relic_stats":{"Busted Crown":44,"counters":[28,97],"Bronze Scales":[211],"Pandora\u0027s Box":["Slimebound:Recollect","Slimebound:LeechEnergy","Slimebound:TagTeam","Slimebound:SplitSpecialist","Slimebound:SplitBruiser"],"PreservedInsect":125,"Kunai":[5],"War Paint":["Slimebound:Defend_Slimebound","Slimebound:SplitSpecialist"],"Boot":[6],"obtain_stats":[{"Slimebound:AggressiveSlimeRelic":12,"downfall:HeartsMalice":0,"Thread and Needle":27,"PreservedInsect":46,"War Paint":26,"Boot":24,"Akabeko":7,"WarpedTongs":3,"Busted Crown":17,"Bronze Scales":10,"Pandora\u0027s Box":34,"Slimebound:AbsorbEndCombat":0,"Bag of Marbles":13,"Kunai":41,"InkBottle":48},{"Slimebound:AggressiveSlimeRelic":5,"downfall:HeartsMalice":0,"Thread and Needle":14,"PreservedInsect":24,"War Paint":13,"Boot":12,"Akabeko":2,"WarpedTongs":1,"Busted Crown":8,"Bronze Scales":3,"Pandora\u0027s Box":19,"Slimebound:AbsorbEndCombat":0,"Bag of Marbles":5,"Kunai":22,"InkBottle":26},{"Slimebound:AggressiveSlimeRelic":6,"downfall:HeartsMalice":0,"Thread and Needle":36,"PreservedInsect":78,"War Paint":32,"Boot":28,"Akabeko":0,"WarpedTongs":0,"Busted Crown":15,"Bronze Scales":0,"Pandora\u0027s Box":56,"Slimebound:AbsorbEndCombat":0,"Bag of Marbles":6,"Kunai":70,"InkBottle":88}],"InkBottle":[4],"WarpedTongs":[97]},"card_choices":[{"not_picked":["Slimebound:Prepare","Slimebound:SamplingLick"],"picked":"Slimebound:LevelUp","floor":2},{"not_picked":["Slimebound:Nibble","Slimebound:LeechingTouch"],"picked":"Slimebound:PressTheAttack","floor":4},{"not_picked":["Slimebound:SplitBruiser","Slimebound:HauntingLick"],"picked":"Slimebound:Darklings","floor":10},{"not_picked":["Slimebound:GoopSpray","Slimebound:SplitMire"],"picked":"Slimebound:SplitAcid","floor":11},{"not_picked":["Slimebound:ViciousTackle","Slimebound:Schlurp"],"picked":"Slimebound:SplitSpecialist","floor":12},{"not_picked":["Slimebound:Recollect","Slimebound:Schlurp"],"picked":"Slimebound:SplitLeeching","floor":14},{"not_picked":["Slimebound:Prepare","Slimebound:SpikyOuterGoop"],"picked":"Slimebound:SlimeBarrage","floor":15},{"not_picked":["Slimebound:Darklings","Slimebound:WasteNot"],"picked":"Slimebound:SelfFormingGoo","floor":16},{"not_picked":[],"picked":"Slimebound:SplitAcid","floor":19},{"not_picked":[],"picked":"Slimebound:PressTheAttack","floor":21},{"not_picked":["Slimebound:Recollect"],"picked":"SKIP","floor":22},{"not_picked":[],"picked":"Slimebound:SplitSpecialist","floor":23},{"not_picked":["Slimebound:SplitBruiser"],"picked":"SKIP","floor":26},{"not_picked":[],"picked":"Slimebound:LeechingTouch+1","floor":27},{"not_picked":[],"picked":"Slimebound:PressTheAttack+1","floor":29},{"not_picked":["Slimebound:Schlurp+1"],"picked":"SKIP","floor":30},{"not_picked":["Slimebound:Schlurp"],"picked":"SKIP","floor":31},{"not_picked":[],"picked":"Slimebound:Prepare+1","floor":32},{"not_picked":["Slimebound:BestDefense+1"],"picked":"SKIP","floor":36},{"not_picked":["Slimebound:Gluttony+1"],"picked":"SKIP","floor":37},{"not_picked":[],"picked":"Slimebound:SplitLeeching+1","floor":39},{"not_picked":["Slimebound:TongueLash"],"picked":"SKIP","floor":43},{"not_picked":["expansioncontent:HyperBeam","expansioncontent:LastStand"],"picked":"expansioncontent:AwakenDeath","floor":45},{"not_picked":["expansioncontent:HyperBeam","expansioncontent:LastStand"],"picked":"expansioncontent:AwakenDeath","floor":45},{"not_picked":["expansioncontent:GuardianWhirl","expansioncontent:PolyBeam"],"picked":"expansioncontent:YouAreMine","floor":45},{"not_picked":["Slimebound:TongueLash"],"picked":"SKIP","floor":46},{"not_picked":[],"picked":"Slimebound:SlimeTap+1","floor":47},{"not_picked":[],"picked":"Slimebound:LivingWall+1","floor":48},{"not_picked":["Slimebound:ComboTackle"],"picked":"SKIP","floor":49}],"player_experience":201007,"relics_obtained":[{"floor":7,"key":"Akabeko"},{"floor":10,"key":"Bronze Scales"},{"floor":12,"key":"Slimebound:AggressiveSlimeRelic"},{"floor":13,"key":"Bag of Marbles"},{"floor":24,"key":"Boot"},{"floor":26,"key":"War Paint"},{"floor":41,"key":"Kunai"},{"floor":48,"key":"InkBottle"}],"event_choices":[{"damage_healed":0,"gold_gain":0,"player_choice":"Rummage","damage_taken":0,"relics_obtained":["WarpedTongs"],"max_hp_gain":0,"max_hp_loss":0,"event_name":"Accursed Blacksmith","floor":3,"gold_loss":0,"cards_obtained":["Pain"]},{"cards_removed":["Slimebound:Tackle"],"damage_healed":0,"gold_gain":0,"player_choice":"Card Removal","damage_taken":0,"max_hp_gain":0,"max_hp_loss":0,"event_name":"The Cleric","floor":6,"gold_loss":0}],"is_beta":false,"boss_relics":[{"not_picked":["Velvet Choker","Sozu"],"picked":"Busted Crown"},{"not_picked":["Cursed Key","bronze:MakeshiftBattery"],"picked":"Pandora\u0027s Box"}],"items_purged_floors":[27,46],"is_endless":false,"potions_floor_spawned":[12,14,15,19,23,26,32,33,36,47,49],"killed_by":"SI_POISON_ARCHETYPE","ascension_level":4}}