{"host":"e4udrxcgdvpx3wcj","time":1613511114,"event":{"mods":["Act Like it!","Aspiration","Astrologer","BaseMod","Gensokyo","Highlight Path","Infinite Spire","Koishi","Marisa????????","Minty Spire (QoL Compilation)","Replay The Spire","StSLib","SuperFastMode","The Bug Knight","The Construct","The Jungle","The Runesmith","The Servant 0.9.4","TheBandit"],"gold_per_floor":[117,135,76,95,95,95,120,68,68,97,109,139,150,177,177,255,255,272,272,272,272,272,272,172,172,172,172,172,172],"floor_reached":28,"language":"ENG","playtime":1622,"items_purged":[],"score":444,"play_id":"6ba059e1-a306-41dd-9ba4-45e4a6acc5ad","local_time":"20210216163154","is_ascension_mode":true,"campfire_choices":[{"data":"construct:Hazardproof+1","floor":6.0,"key":"SMITH"},{"data":"construct:DefenseMode","floor":15.0,"key":"SMITH"},{"floor":23,"key":"REST"},{"floor":25,"key":"REST"},{"floor":27,"key":"REST"}],"circlet_count":0,"master_deck":["AscendersBane","construct:Strike_Gold+1","construct:Strike_Gold+1","construct:Strike_Gold+1","construct:Strike_Gold+1","construct:Strike_Gold+1","construct:Defend_Gold+2","construct:Defend_Gold+1","construct:Defend_Gold+1","construct:Defend_Gold+1","construct:Defend_Gold+1","construct:AttackMode","construct:DefenseMode+1","construct:ElectricArmor","construct:Hazardproof+2","construct:OneWayMirror","construct:Analyze+2","construct:Analyze+1","construct:ReactiveShield","construct:Forcefield","construct:FocusedBeam","construct:ShieldGenerator","construct:MassProduction+1","construct:LaserCore","ReplayTheSpireMod:Chaos Vortex"],"relics":["construct:ClockworkPhoenix","construct:MasterCore","Gremlin Horn","InkBottle","Replay:Bottled Eggs","Gremlin Food","Black Star","Enchiridion","Replay:Bottled Flurry"],"acts_visited":["Gensokyo:Gensokyo","TheCity"],"potions_floor_usage":[],"damage_taken":[{"damage":10.0,"enemies":"Gensokyo:2_Kodama","floor":1.0,"turns":11.0},{"damage":0.0,"enemies":"Gensokyo:3_Fairies","floor":2.0,"turns":4.0},{"damage":0.0,"enemies":"Gensokyo:Gryphon","floor":4.0,"turns":6.0},{"damage":21.0,"enemies":"Gensokyo:Mamizou","floor":7.0,"turns":11.0},{"damage":22.0,"enemies":"Gensokyo:Aya","floor":10.0,"turns":9.0},{"damage":0.0,"enemies":"Gensokyo:CorruptedTreant","floor":11.0,"turns":5.0},{"damage":3.0,"enemies":"Gensokyo:Mamizou","floor":12.0,"turns":8.0},{"damage":0.0,"enemies":"Gensokyo:Kitsune","floor":13.0,"turns":4.0},{"damage":12.0,"enemies":"Gensokyo:Aya","floor":14.0,"turns":8.0},{"damage":23.0,"enemies":"Gensokyo:Yukari","floor":16.0,"turns":12.0},{"damage":35.0,"enemies":"Shell Parasite","floor":18.0,"turns":12.0},{"damage":0,"enemies":"2 Thieves","floor":24,"turns":5},{"damage":76,"enemies":"Book of Stabbing","floor":28,"turns":10}],"seed_played":"2576308575654403743","potions_obtained":[{"floor":1.0,"key":"FairyPotion"},{"floor":7.0,"key":"DistilledChaos"},{"floor":10.0,"key":"LifebloodPotion"},{"floor":11.0,"key":"PowerPotion"},{"floor":12.0,"key":"Swift Potion"}],"is_trial":false,"path_per_floor":["M","M","$","M","?","R","E","$","T","E","M","E","M","E","R","B",null,"M","?","?","?","?","R","M","R","T","R","E"],"character_chosen":"THE_CONSTRUCT_MOD","items_purchased":["construct:Hazardproof+1","construct:Analyze"],"campfire_rested":3,"item_purchase_floors":[3,8],"current_hp_per_floor":[62,62,62,62,66,66,45,45,45,23,23,20,20,8,8,12,63,28,44,23,3,3,27,27,51,51,75,0,0],"gold":172,"neow_bonus":"RANDOM_COMMON_RELIC","is_daily":false,"chose_seed":false,"campfire_upgraded":2,"win_rate":0.0,"timestamp":1613511114,"path_taken":["M","?","$","M","?","R","E","$","T","E","M","E","?","E","R","BOSS","M","?","?","?","?","R","M","R","T","R","E"],"items_purchased_type":["Card","Card"],"build_version":"2020-12-22","purchased_purges":0,"victory":false,"max_hp_per_floor":[80,80,80,80,80,80,80,80,80,80,80,80,80,80,80,80,80,80,80,80,80,80,80,80,80,80,80,80,80],"card_choices":[{"not_picked":["construct:SyphonStrike","construct:SaveState","construct:Anticipate"],"picked":"SKIP","floor":1.0},{"not_picked":["construct:Stasis","construct:Backfire"],"picked":"construct:ElectricArmor","floor":2.0},{"not_picked":["construct:SuppressiveFire","construct:Tumble"],"picked":"construct:OneWayMirror","floor":4.0},{"not_picked":["construct:Accumulate","construct:SaveState","construct:HeavyBolt"],"picked":"SKIP","floor":7.0},{"not_picked":["construct:VentSteam","construct:Isolate"],"picked":"construct:Analyze","floor":10.0},{"not_picked":["construct:Chainstrike","construct:Forcefield"],"picked":"construct:ReactiveShield","floor":11.0},{"not_picked":["construct:VentSteam","construct:ShiftStrike"],"picked":"construct:Forcefield","floor":12.0},{"not_picked":["construct:ScrapCannon","construct:HeavyBolt"],"picked":"construct:FocusedBeam","floor":13.0},{"not_picked":["construct:FierceBash","construct:Bunker"],"picked":"construct:ShieldGenerator","floor":14.0},{"not_picked":["construct:ShieldBurst","construct:LongRangeLance"],"picked":"construct:MassProduction","floor":16.0},{"not_picked":["construct:HeavyBolt+1","construct:Backfire+1"],"picked":"construct:LaserCore","floor":18.0},{"not_picked":["infinitespire:DeathsTouch","ReplayTheSpireMod:Black Plague"],"picked":"ReplayTheSpireMod:Chaos Vortex","floor":21},{"not_picked":["construct:FierceBash","construct:FocusedBeam","construct:HeavyBolt"],"picked":"SKIP","floor":24}],"player_experience":2409183,"relics_obtained":[{"floor":7.0,"key":"Gremlin Horn"},{"floor":10.0,"key":"InkBottle"},{"floor":12.0,"key":"Replay:Bottled Eggs"},{"floor":14.0,"key":"Gremlin Food"},{"floor":20.0,"key":"Enchiridion"},{"floor":26,"key":"Replay:Bottled Flurry"}],"event_choices":[{"damage_healed":16.0,"max_hp_gain":0.0,"max_hp_loss":0.0,"gold_gain":0.0,"event_name":"The Library","player_choice":"Heal","floor":19.0,"gold_loss":0.0,"damage_taken":0.0},{"damage_healed":0.0,"max_hp_gain":0.0,"max_hp_loss":0.0,"gold_gain":0.0,"event_name":"Cursed Tome","player_choice":"Obtained Book","floor":20.0,"gold_loss":0.0,"damage_taken":21.0},{"damage_healed":0,"gold_gain":0,"player_choice":"Simplicity","damage_taken":0,"max_hp_gain":0,"max_hp_loss":0,"event_name":"Back to Basics","floor":22,"gold_loss":0,"cards_upgraded":["construct:Strike_Gold","construct:Strike_Gold","construct:Strike_Gold","construct:Strike_Gold","construct:Strike_Gold","construct:Defend_Gold","construct:Defend_Gold","construct:Defend_Gold","construct:Defend_Gold","construct:Defend_Gold"]}],"is_beta":false,"boss_relics":[{"not_picked":["Busted Crown","aspiration:RitualDagger"],"picked":"Black Star"}],"items_purged_floors":[],"is_endless":false,"potions_floor_spawned":[1,7,10,11,12],"killed_by":"Book of Stabbing","ascension_level":20}}