{"host":"e4udrxcgdvpx3wcj","time":1613516768,"event":{"mods":["Act Like it!","Aspiration","Astrologer","BaseMod","Gensokyo","Highlight Path","Infinite Spire","Koishi","Marisa????????","Minty Spire (QoL Compilation)","Replay The Spire","StSLib","SuperFastMode","The Bug Knight","The Construct","The Jungle","The Runesmith","The Servant 0.9.4","TheBandit"],"gold_per_floor":[19,19,0,0,15,15,42,42,42,62,76,76,103,117,117,117,117],"floor_reached":16,"language":"ENG","playtime":709,"items_purged":[],"score":200,"play_id":"6582f211-28f9-486c-a560-ef3940f01a95","local_time":"20210216180608","is_ascension_mode":true,"campfire_choices":[{"data":"FlawlessForm","floor":6.0,"key":"SMITH"},{"data":"DoubleEdge","floor":8.0,"key":"SMITH"},{"floor":12.0,"key":"REST"}],"circlet_count":0,"master_deck":["AscendersBane","Strike_S","Strike_S","Strike_S","Strike_S","Defend_S","Defend_S","Defend_S","Defend_S","KidneyShot","Exchange","FlawlessForm+1","Rewind","Revamp+1","DoubleEdge+1","Moonlight","Spin","DoubleEdge"],"relics":["Uniform","KneeBrace","Juzu Bracelet","Bag of Marbles"],"acts_visited":["Gensokyo:Gensokyo"],"potions_floor_usage":[16],"damage_taken":[{"damage":14.0,"enemies":"Gensokyo:2_Kodama","floor":1.0,"turns":6.0},{"damage":5.0,"enemies":"Gensokyo:Python","floor":5.0,"turns":5.0},{"damage":19.0,"enemies":"Gensokyo:Mamizou","floor":7.0,"turns":13.0},{"damage":0.0,"enemies":"Gensokyo:Gryphon","floor":10.0,"turns":3.0},{"damage":23.0,"enemies":"Gensokyo:Python_and_Kodama","floor":11.0,"turns":7.0},{"damage":7.0,"enemies":"Gensokyo:Aya","floor":13.0,"turns":5.0},{"damage":6.0,"enemies":"Gensokyo:2_Rabbits","floor":14.0,"turns":4.0},{"damage":17,"enemies":"Gensokyo:Reimu","floor":16,"turns":11}],"seed_played":"7959929517629812783","potions_obtained":[{"floor":5.0,"key":"Energy Potion"},{"floor":10.0,"key":"Weak Potion"},{"floor":11.0,"key":"AttackPotion"},{"floor":14.0,"key":"LifebloodPotion"}],"is_trial":false,"path_per_floor":["M","$","?","?","M","R","E","R","T","M","M","R","E","M","R","B"],"character_chosen":"THE_SERVANT","items_purchased":[],"campfire_rested":1,"item_purchase_floors":[],"current_hp_per_floor":[40,40,49,52,47,47,28,28,28,28,5,23,16,10,28,11,11],"gold":117,"neow_bonus":"THREE_RARE_CARDS","is_daily":false,"chose_seed":false,"campfire_upgraded":2,"win_rate":0.0,"timestamp":1613516768,"path_taken":["M","?","?","?","?","R","E","R","T","M","M","R","E","M","R","BOSS"],"items_purchased_type":[],"build_version":"2020-12-22","purchased_purges":0,"victory":false,"max_hp_per_floor":[60,60,60,60,60,60,60,60,60,60,60,60,60,60,60,60,60],"card_choices":[{"not_picked":["ForgedInTime","FloweringNight"],"picked":"FlawlessForm","floor":0.0},{"not_picked":["ReturningBlade","TimeWarp"],"picked":"Rewind","floor":1.0},{"not_picked":["Misdirection","Starlight"],"picked":"Revamp","floor":5.0},{"not_picked":["FastForward","KillingDoll"],"picked":"DoubleEdge","floor":7.0},{"not_picked":["Misdirection","WasteNot"],"picked":"Moonlight","floor":10.0},{"not_picked":["Snipe","Defy","Reset"],"picked":"SKIP","floor":11.0},{"not_picked":["Duplication","Unruled"],"picked":"Spin","floor":13.0},{"not_picked":["FastForward","Sabotage"],"picked":"DoubleEdge","floor":14.0}],"player_experience":2415362,"relics_obtained":[{"floor":7.0,"key":"KneeBrace"},{"floor":9.0,"key":"Juzu Bracelet"},{"floor":13.0,"key":"Bag of Marbles"}],"event_choices":[],"is_beta":false,"boss_relics":[],"items_purged_floors":[],"is_endless":false,"potions_floor_spawned":[5,10,11,14],"killed_by":"Gensokyo:Reimu","ascension_level":20}}