{"host":"1ooxfz79hmpvpehx","time":1613437727,"event":{"mods":["BaseMod","Better Altar","Better Match","Better Note","Better Sensory Stone","Better Skull","Better Third Choice","Infinite Spire","Marked Mod","Minty Spire (QoL Compilation)","Quick Restart","RNG Fix","Replay The Spire","StSLib","SuperFastMode"],"gold_per_floor":[119,119,138,138,138,138,138,138,138,155,155,175,175,189,189,189,189],"floor_reached":16,"language":"ENG","playtime":256,"items_purged":[],"score":90,"play_id":"e3ef3956-ee74-4b09-8004-741d6a390d5a","local_time":"20210215220847","is_ascension_mode":false,"campfire_choices":[{"data":"infinitespire:Execution","floor":6,"key":"SMITH"},{"data":"Heatsinks","floor":8,"key":"SMITH"},{"data":"Zap","floor":11,"key":"SMITH"},{"data":"Storm","floor":15,"key":"SMITH"}],"circlet_count":0,"master_deck":["Strike_B","Strike_B","Strike_B","Strike_B","Defend_B","Defend_B","Defend_B","Defend_B","Zap+1","Dualcast","Heatsinks+1","infinitespire:Execution+1","Skim","Storm+1"],"relics":["Cracked Core","infinitespire:Lucky Rock","TungstenRod","Question Card"],"acts_visited":["Exordium"],"potions_floor_usage":[14,14,16],"damage_taken":[{"damage":1,"enemies":"Cultist","floor":1,"turns":3},{"damage":3,"enemies":"Jaw Worm","floor":3,"turns":3},{"damage":1,"enemies":"2 Louse","floor":10,"turns":2},{"damage":13,"enemies":"Looter","floor":12,"turns":3},{"damage":0,"enemies":"2 Fungi Beasts","floor":14,"turns":4},{"damage":31,"enemies":"Hexaghost","floor":16,"turns":9}],"seed_played":"698573873434198055","potions_obtained":[{"floor":10,"key":"Energy Potion"},{"floor":12,"key":"Adrenaline Potion"},{"floor":14,"key":"PotionOfCapacity"}],"is_trial":false,"path_per_floor":["M","?","M","?","T","R","?","R","T","M","R","M","?","M","R","B"],"character_chosen":"DEFECT","items_purchased":[],"campfire_rested":0,"item_purchase_floors":[],"current_hp_per_floor":[67,67,64,43,43,43,43,43,43,42,42,29,29,29,29,0,0],"gold":189,"neow_bonus":"TWENTY_PERCENT_HP_BONUS","is_daily":false,"chose_seed":false,"campfire_upgraded":4,"win_rate":0.0,"timestamp":1613437727,"path_taken":["M","?","?","?","?","R","?","R","T","?","R","M","?","M","R","BOSS"],"items_purchased_type":[],"build_version":"2020-12-22","purchased_purges":0,"victory":false,"max_hp_per_floor":[89,89,89,89,89,89,89,89,89,89,89,89,89,89,89,89,89],"card_choices":[{"not_picked":["Streamline","Steam","Ball Lightning"],"picked":"SKIP","floor":1},{"not_picked":["Ball Lightning","Redo"],"picked":"Heatsinks","floor":3},{"not_picked":["infinitespire:SealOfDarkness+","ReplayTheSpireMod:Echoes of Time"],"picked":"infinitespire:Execution","floor":4},{"not_picked":["Ball Lightning","Chill","Glacier","Genetic Algorithm"],"picked":"SKIP","floor":10},{"not_picked":["ReplayTheSpireMod:Calculation Training","Turbo","Beam Cell"],"picked":"Skim","floor":12},{"not_picked":["Lockon","Genetic Algorithm","Ball Lightning"],"picked":"Storm","floor":14}],"player_experience":39873,"relics_obtained":[{"floor":5,"key":"TungstenRod"},{"floor":9,"key":"Question Card"}],"event_choices":[{"damage_healed":0,"gold_gain":0,"player_choice":"Box","damage_taken":0,"relics_obtained":["infinitespire:Lucky Rock"],"max_hp_gain":0,"max_hp_loss":0,"event_name":"Big Fish","floor":2,"gold_loss":0,"cards_obtained":["Regret"]},{"damage_healed":0,"gold_gain":1,"player_choice":"1","damage_taken":0,"max_hp_gain":0,"max_hp_loss":0,"event_name":"betterStone:BetterStone","floor":7,"gold_loss":0},{"cards_removed":["Regret"],"damage_healed":0,"gold_gain":0,"player_choice":"Removed Curses","damage_taken":0,"max_hp_gain":0,"max_hp_loss":0,"event_name":"Fountain of Cleansing","floor":13,"gold_loss":0}],"is_beta":false,"boss_relics":[],"items_purged_floors":[],"is_endless":false,"potions_floor_spawned":[10,12,14],"killed_by":"Hexaghost","ascension_level":0}}