{"host":"121m0oxswv9tg9hk","time":1613492498,"event":{"mods":["AchievementEnabler","BaseMod","Better Third Choice","Downfall","Minty Spire (QoL Compilation)","StSLib"],"gold_per_floor":[99,110,125,125,137,29,55,68,97,108,108,108,120,153,171,268,268,268,280,14,24,42,74,153,165,196,96,106,106,138,171,188,293,293,293,311,324,234,247,247,247,297,97,132,132,132,132,152,163,163,163,194,50,50,50,50],"floor_reached":57,"language":"ENG","playtime":7530,"items_purged":["sneckomod:Strike"],"score":1784,"play_id":"716c2c97-4a1b-4b46-af73-9292875d6657","local_time":"20210216172138","is_ascension_mode":true,"campfire_choices":[{"data":"sneckomod:UnknownDexterity","floor":1,"key":"SMITH"},{"floor":12,"key":"REST"},{"data":"sneckomod:Nope","floor":18,"key":"SMITH"},{"floor":29,"key":"REST"},{"floor":40,"key":"RECALL"}],"circlet_count":0,"master_deck":["sneckomod:Defend","sneckomod:Defend","sneckomod:Defend","sneckomod:TailWhip+1","sneckomod:SnekBite","sneckomod:Unknown+1","sneckomod:Unknown","sneckomod:UnknownDraw","sneckomod:UnknownDraw","sneckomod:MorePower","Flash of Steel","sneckomod:UnknownRareAttack+1","sneckomod:SoulRoll","sneckomod:Unknown0Cost+1","sneckomod:UnknownBlock","sneckomod:UnknownUncommonSkill+1","sneckomod:Rotation","Blind","sneckomod:SnekBeam","sneckomod:Nope+1","sneckomod:SoulRoll","sneckomod:SerpentMind","sneckomod:UnknownRareAttack+1","sneckomod:UnknownRarePower","sneckomod:UnknownDexterity+1","sneckomod:QuickMove+1","sneckomod:UnknownColorless+1","sneckomod:UnknownStrike+1","sneckomod:UnknownX+1","sneckomod:TrashToTreasure","sneckomod:DiceBlock+1","sneckomod:UnlimitedRolls","sneckomod:Unknown1Cost+1","sneckomod:UnknownRarePower","bronze:FunctionCard","Barricade+1","sneckomod:UnknownBoss+1","sneckomod:SoulCleanse","sneckomod:Rotation+1","Juggernaut","sneckomod:UnknownUncommonPower+1","sneckomod:RainOfDice+1","sneckomod:UnknownClassBLUE+1","sneckomod:SerpentMind","bronze:Library+1","sneckomod:UnknownStrike+1","sneckomod:QuickBite+1","sneckomod:TrashToTreasure+1","sneckomod:UnknownX+1","sneckomod:UnknownBlock+1","Reprogram+1","sneckomod:UnknownX+1","bronze:Library+1","sneckomod:UnknownDraw+1","sneckomod:Unknown3Cost","sneckomod:UnknownWeak+1","sneckomod:SnekBeam+1","Feel No Pain+1","bronze:FunctionCard"],"relics":["sneckomod:SneckoSoul","Anchor","Question Card","Eternal Feather","bronze:MakeshiftBattery","HornCleat","Akabeko","White Beast Statue","Bronze Scales","downfall:HeartBlessingGreen","Kunai","Red Mask","Black Star","StoneCalendar","downfall:HeartBlessingBlue","downfall:HeartBlessingRed","Whetstone","Strawberry","Happy Flower","bronze:BronzeIdol","Chemical X"],"acts_visited":["Exordium","TheCity","TheBeyond","TheEnding"],"potions_floor_usage":[10,16,19,21,25,26,26,26,26,26,28,31,32,36,39,44,48,49,49,55,56,56],"damage_taken":[{"damage":13,"enemies":"Jaw Worm","floor":2,"turns":4},{"damage":6,"enemies":"Cultist","floor":3,"turns":3},{"damage":0,"enemies":"2 Louse","floor":5,"turns":4},{"damage":5,"enemies":"downfall:FleeingMerchant","floor":6,"turns":4},{"damage":4,"enemies":"Exordium Thugs","floor":8,"turns":5},{"damage":18,"enemies":"Gremlin Nob","floor":9,"turns":4},{"damage":0,"enemies":"Exordium Wildlife","floor":10,"turns":4},{"damage":6,"enemies":"downfall:LooterAlt","floor":13,"turns":2},{"damage":0,"enemies":"Lagavulin","floor":14,"turns":7},{"damage":0,"enemies":"3 Louse","floor":15,"turns":3},{"damage":48,"enemies":"DF_ARCHETYPE_STREAMLINE","floor":16,"turns":11},{"damage":27,"enemies":"downfall:LooterAlt2","floor":19,"turns":4},{"damage":0,"enemies":"downfall:FleeingMerchant","floor":20,"turns":4},{"damage":29,"enemies":"3 Byrds","floor":21,"turns":6},{"damage":1,"enemies":"Centurion and Healer","floor":22,"turns":7},{"damage":19,"enemies":"Book of Stabbing","floor":23,"turns":5},{"damage":18,"enemies":"Snake Plant","floor":25,"turns":4},{"damage":5,"enemies":"Gremlin Leader","floor":26,"turns":7},{"damage":10,"enemies":"Cultist and Chosen","floor":28,"turns":8},{"damage":0,"enemies":"Slavers","floor":30,"turns":3},{"damage":5,"enemies":"Masked Bandits","floor":31,"turns":4},{"damage":0,"enemies":"Sentry and Sphere","floor":32,"turns":3},{"damage":4,"enemies":"SI_MIRROR_ARCHETYPE","floor":33,"turns":11},{"damage":0,"enemies":"3 Shapes","floor":36,"turns":2},{"damage":0,"enemies":"3 Darklings","floor":37,"turns":3},{"damage":0,"enemies":"downfall:FleeingMerchant","floor":38,"turns":4},{"damage":6,"enemies":"Jaw Worm Horde","floor":39,"turns":4},{"damage":0,"enemies":"Jaw Worm Horde","floor":42,"turns":5},{"damage":0,"enemies":"Nemesis","floor":44,"turns":5},{"damage":6,"enemies":"Sphere and 2 Shapes","floor":48,"turns":2},{"damage":15,"enemies":"4 Shapes","floor":49,"turns":5},{"damage":6,"enemies":"IC_BLOCK_ARCHETYPE","floor":50,"turns":7},{"damage":21,"enemies":"downfall:CharBossMerchant","floor":52,"turns":6},{"damage":21,"enemies":"downfall:NeowBoss","floor":55,"turns":12},{"damage":6,"enemies":"downfall:NeowBossFinal","floor":56,"turns":7}],"seed_played":"-8534669211137489734","potions_obtained":[{"floor":2,"key":"Block Potion"},{"floor":3,"key":"Swift Potion"},{"floor":14,"key":"Weak Potion"},{"floor":15,"key":"sneckomod:OffclassReductionPotion"},{"floor":21,"key":"Fire Potion"},{"floor":22,"key":"EntropicBrew"},{"floor":23,"key":"Explosive Potion"},{"floor":25,"key":"sneckomod:CheatPotion"},{"floor":26,"key":"Fire Potion"},{"floor":28,"key":"Strength Potion"},{"floor":30,"key":"sneckomod:DiceRollPotion"},{"floor":31,"key":"AttackPotion"},{"floor":32,"key":"sneckomod:DiceRollPotion"},{"floor":33,"key":"Swift Potion"},{"floor":36,"key":"sneckomod:MuddlingPotion"},{"floor":37,"key":"Fire Potion"},{"floor":38,"key":"Explosive Potion"},{"floor":39,"key":"Strength Potion"},{"floor":42,"key":"Energy Potion"},{"floor":44,"key":"hexamod:SoulburnPotion"},{"floor":48,"key":"Fire Potion"},{"floor":49,"key":"BlessingOfTheForge"},{"floor":52,"key":"hexamod:SoulburnPotion"}],"is_trial":false,"path_per_floor":["R","M","M","?","M","$","T","M","E","M","?","R","M","E","M","B",null,"R","M","$","M","M","E","T","M","E","R","M","R","E","?","M","B",null,"R","M","M","$","M","R","T","?","R","E","R","?","?","M","M","B",null,"E","$","R","B","B",null],"character_chosen":"THE_SNECKO","items_purchased":["Flash of Steel","HornCleat","Chemical X"],"campfire_rested":2,"item_purchase_floors":[6,20,53],"current_hp_per_floor":[81,68,62,62,62,57,57,53,46,46,46,74,75,75,75,27,77,94,67,67,38,37,24,24,6,13,37,27,82,82,77,77,73,89,94,94,94,94,88,94,94,94,104,111,111,111,111,105,90,84,104,89,89,111,90,84],"gold":50,"neow_bonus":"TRANSFORM_CARD","is_daily":false,"chose_seed":false,"campfire_upgraded":2,"win_rate":0.0,"timestamp":1613492498,"path_taken":["R","M","M","?","?","$","T","M","E","M","?","R","M","E","M","BOSS","R","M","$","M","M","E","T","M","E","R","M","R","E","?","M","BOSS","R","M","M","$","M","R","T","?","R","E","R","?","?","?","M","BOSS","E","$","R","BOSS","BOSS"],"items_purchased_type":["Card","Relic","Relic"],"build_version":"2020-12-22","purchased_purges":1,"victory":true,"max_hp_per_floor":[90,90,90,90,90,90,90,90,94,94,94,94,94,94,94,94,94,94,94,94,94,94,94,94,94,94,94,94,94,94,94,94,94,94,94,94,94,94,94,94,94,94,104,111,111,111,111,111,111,111,111,111,111,111,111,111],"card_choices":[{"not_picked":["sneckomod:UnknownCommonAttack","sneckomod:UnknownColorless"],"picked":"sneckomod:UnknownDraw","floor":2},{"not_picked":["sneckomod:WideSting","sneckomod:IronFang"],"picked":"sneckomod:UnknownDraw","floor":3},{"not_picked":["sneckomod:UnknownX","sneckomod:QuickBite"],"picked":"sneckomod:UnknownBlock","floor":5},{"not_picked":["sneckomod:UnknownDexterity","sneckomod:UnknownCommonAttack"],"picked":"sneckomod:MorePower","floor":6},{"not_picked":["sneckomod:UnknownStrike+1","sneckomod:UnknownExhaust+1"],"picked":"sneckomod:UnknownRareAttack+1","floor":8},{"not_picked":["sneckomod:ImprovisedAttack","sneckomod:DiceBoulder"],"picked":"sneckomod:SoulRoll","floor":8},{"not_picked":["sneckomod:UnknownCommonSkill+1","sneckomod:UnknownStrike+1"],"picked":"sneckomod:Unknown0Cost+1","floor":9},{"not_picked":["sneckomod:SoulCleanse","sneckomod:DiceCrush"],"picked":"sneckomod:UnknownBlock","floor":9},{"not_picked":["sneckomod:Unknown3Cost+1","sneckomod:UnknownBlock+1"],"picked":"sneckomod:UnknownUncommonSkill+1","floor":10},{"not_picked":["sneckomod:PureSnecko","sneckomod:UnknownCommonSkill","sneckomod:SoulDraw"],"picked":"sneckomod:Rotation","floor":10},{"not_picked":["sneckomod:UnknownDexterity+1","sneckomod:UnknownVulnerable+1"],"picked":"sneckomod:Unknown3Cost+1","floor":13},{"not_picked":["sneckomod:UnknownUncommonAttack","sneckomod:MixItUp","sneckomod:Unknown0Cost"],"picked":"sneckomod:Nope","floor":13},{"not_picked":["sneckomod:UnknownWeak+1","sneckomod:UnknownDexterity+1"],"picked":"sneckomod:UnknownRarePower+1","floor":14},{"not_picked":["sneckomod:DiceCrush","sneckomod:UnknownCommonAttack","sneckomod:DiceBlock"],"picked":"sneckomod:SoulRoll","floor":14},{"not_picked":["sneckomod:SerpentIdol","sneckomod:QuickMove","sneckomod:RainOfDice"],"picked":"sneckomod:SerpentMind","floor":15},{"not_picked":["sneckomod:UnknownUncommonSkill+1","sneckomod:UnknownCommonSkill+1"],"picked":"sneckomod:UnknownRareAttack+1","floor":16},{"not_picked":["sneckomod:Unknown3Cost","sneckomod:MorePower","sneckomod:DangerNoodle"],"picked":"sneckomod:UnknownRarePower","floor":16},{"not_picked":["sneckomod:UnknownRareSkill+1","sneckomod:UnknownBlock+1"],"picked":"sneckomod:UnknownDexterity+1","floor":19},{"not_picked":["sneckomod:CheapStock","sneckomod:MasterEye","sneckomod:UnknownBlock"],"picked":"sneckomod:QuickMove+1","floor":19},{"not_picked":["sneckomod:UnknownVulnerable+1","sneckomod:UnknownDraw+1"],"picked":"sneckomod:UnknownColorless+1","floor":20},{"not_picked":["sneckomod:WideSting+1","sneckomod:UnknownCommonAttack","sneckomod:UnknownClassBLUE"],"picked":"sneckomod:UnknownStrike","floor":20},{"not_picked":["sneckomod:UnknownColorless+1","sneckomod:UnknownRareAttack+1"],"picked":"sneckomod:UnknownX+1","floor":21},{"not_picked":["sneckomod:UnknownStrength","sneckomod:UnknownVulnerable","sneckomod:QuickMove"],"picked":"sneckomod:TrashToTreasure","floor":21},{"not_picked":["sneckomod:UnknownDexterity+1","sneckomod:UnknownUncommonAttack+1"],"picked":"sneckomod:Unknown3Cost+1","floor":22},{"not_picked":["sneckomod:ImprovisedGuard+1","sneckomod:UnknownColorless","sneckomod:UnknownX"],"picked":"sneckomod:DiceBlock+1","floor":22},{"not_picked":["sneckomod:TrashToTreasure+1","sneckomod:SlitherStrike+1","sneckomod:UnknownCommonSkill"],"picked":"sneckomod:UnlimitedRolls","floor":23},{"not_picked":["sneckomod:Unknown0Cost+1","sneckomod:UnknownRareSkill+1"],"picked":"sneckomod:Unknown1Cost+1","floor":25},{"not_picked":["sneckomod:CheapStock","sneckomod:UnknownClassRED+1","sneckomod:ImprovisedGuard"],"picked":"sneckomod:UnknownRarePower","floor":25},{"not_picked":["sneckomod:UnknownX+1","sneckomod:UnknownExhaust+1"],"picked":"sneckomod:UnknownUncommonPower+1","floor":26},{"not_picked":["sneckomod:UnknownDraw","sneckomod:UnknownBlock","sneckomod:UnknownUncommonPower"],"picked":"sneckomod:Memorize+1","floor":26},{"not_picked":["sneckomod:UnknownCommonSkill+1","sneckomod:UnknownWeak+1"],"picked":"sneckomod:UnknownBoss+1","floor":28},{"not_picked":["sneckomod:UnknownCommonAttack","sneckomod:UnknownClassBLUE","sneckomod:UnknownStrength"],"picked":"sneckomod:SoulCleanse","floor":28},{"not_picked":["sneckomod:UnknownClassRED","sneckomod:Transmogrify","sneckomod:QuickBite"],"picked":"sneckomod:Rotation+1","floor":30},{"not_picked":["sneckomod:UnknownBlock+1","sneckomod:UnknownDraw+1"],"picked":"sneckomod:UnknownUncommonPower+1","floor":32},{"not_picked":["sneckomod:MasterEye","sneckomod:DiceCrush","sneckomod:Cheat"],"picked":"sneckomod:RainOfDice+1","floor":32},{"not_picked":["sneckomod:UnknownWeak+1","sneckomod:UnknownUncommonSkill+1"],"picked":"sneckomod:UnknownClassBLUE+1","floor":33},{"not_picked":["sneckomod:UnknownRarePower","sneckomod:SoulExchange","sneckomod:Unknown3Cost"],"picked":"sneckomod:SerpentMind","floor":33},{"not_picked":["sneckomod:UnknownWeak","sneckomod:UnknownDexterity+1","sneckomod:UnendingSupply+1"],"picked":"sneckomod:UnknownStrike+1","floor":36},{"not_picked":["sneckomod:Unknown1Cost+1","sneckomod:UnknownCommonAttack","sneckomod:UnknownClassRED"],"picked":"sneckomod:QuickBite+1","floor":37},{"not_picked":["sneckomod:UnknownBlock+1","sneckomod:SlitherStrike","sneckomod:Unknown3Cost"],"picked":"sneckomod:TrashToTreasure+1","floor":38},{"not_picked":["sneckomod:SoulDraw","sneckomod:DiceCrush+1","sneckomod:MixItUp+1","sneckomod:ImprovisedAttack+1"],"picked":"SKIP","floor":39},{"not_picked":["sneckomod:UnknownBoss+1","sneckomod:UnknownUncommonAttack+1"],"picked":"sneckomod:UnknownX+1","floor":42},{"not_picked":["sneckomod:WideSting+1","sneckomod:UnknownCommonSkill","sneckomod:Unknown1Cost"],"picked":"sneckomod:UnknownBlock+1","floor":42},{"not_picked":["sneckomod:IronFang","sneckomod:UnknownVulnerable+1","sneckomod:SoulDraw"],"picked":"sneckomod:UnknownX+1","floor":44},{"not_picked":["sneckomod:QuickBite+1","sneckomod:UnknownX+1","sneckomod:UnknownStrength+1"],"picked":"sneckomod:UnknownDraw+1","floor":48},{"not_picked":["sneckomod:ImprovisedAttack","sneckomod:Rotation","sneckomod:UnknownDraw+1"],"picked":"sneckomod:Unknown3Cost","floor":49},{"not_picked":["sneckomod:UnknownClassRED+1","sneckomod:UnknownRareAttack+1"],"picked":"sneckomod:UnknownWeak+1","floor":52},{"not_picked":["sneckomod:SlitherStrike+1","sneckomod:UnknownRareAttack","sneckomod:QuickBite+1"],"picked":"sneckomod:SnekBeam+1","floor":52}],"player_experience":2683504,"relics_obtained":[{"floor":7,"key":"Anchor"},{"floor":9,"key":"Question Card"},{"floor":14,"key":"Eternal Feather"},{"floor":23,"key":"Akabeko"},{"floor":24,"key":"White Beast Statue"},{"floor":26,"key":"Bronze Scales"},{"floor":30,"key":"Kunai"},{"floor":31,"key":"Red Mask"},{"floor":42,"key":"StoneCalendar"},{"floor":44,"key":"Whetstone"},{"floor":44,"key":"Strawberry"},{"floor":52,"key":"Happy Flower"},{"floor":52,"key":"bronze:BronzeIdol"}],"event_choices":[{"damage_healed":0,"gold_gain":0,"player_choice":"Fought Bandits","damage_taken":0,"max_hp_gain":0,"max_hp_loss":0,"event_name":"Masked Bandits","floor":31,"gold_loss":0},{"cards_removed":["sneckomod:Strike"],"damage_healed":0,"gold_gain":0,"player_choice":"Card Removal","damage_taken":0,"max_hp_gain":0,"max_hp_loss":0,"event_name":"Wheel of Change","floor":47,"gold_loss":0}],"is_beta":false,"boss_relics":[{"not_picked":["Cursed Key","Sozu"],"picked":"bronze:MakeshiftBattery"},{"not_picked":["Runic Dome","Runic Pyramid"],"picked":"Black Star"}],"items_purged_floors":[38],"is_endless":false,"potions_floor_spawned":[2,3,14,15,21,22,23,25,26,28,30,31,32,33,36,37,38,39,42,44,48,49,52],"ascension_level":7}}