{"host":"mwb0clku6crgv6yl","time":1613472972,"event":{"mods":["AchievementEnabler","BaseMod","Highlight Path","Minty Spire (QoL Compilation)","StSLib","The Cursed"],"gold_per_floor":[117,133,62,62,62,96,96,125,125,125,135,160,160,192,192,291,291,305,305,305,318,86,86,121,121,121,21,21,33,33,44,44,145,145,158,158,158,171,171,200,200,94,121,131,131,131,6,57,57,57],"floor_reached":51,"language":"ZHS","playtime":3274,"items_purged":["TheCursedMod:Defend_TheCursed","TheCursedMod:Defend_TheCursed","Normality"],"score":1223,"play_id":"543fc1cf-8f01-4b61-8136-fc14754c6fb4","local_time":"20210216185612","is_ascension_mode":true,"campfire_choices":[{"data":"TheCursedMod:CircleOfBlood","floor":7.0,"key":"SMITH"},{"floor":10.0,"key":"REST"},{"data":"TheCursedMod:CleanUpWorkshop","floor":13.0,"key":"SMITH"},{"floor":15.0,"key":"REST"},{"data":"TheCursedMod:VoidForm","floor":23.0,"key":"SMITH"},{"data":"TheCursedMod:SpitefulPray","floor":25.0,"key":"SMITH"},{"floor":28.0,"key":"REST"},{"data":"TheCursedMod:Hemoplague","floor":30.0,"key":"SMITH"},{"data":"TheCursedMod:SmokeScreen","floor":32.0,"key":"SMITH"},{"data":"Enlightenment","floor":41.0,"key":"SMITH"},{"data":"Impatience","floor":46.0,"key":"SMITH"},{"floor":49,"key":"REST"}],"circlet_count":0,"master_deck":["AscendersBane","TheCursedMod:Strike_TheCursed+1","TheCursedMod:Strike_TheCursed","TheCursedMod:Strike_TheCursed","TheCursedMod:CleanUpWorkshop+1","TheCursedMod:Dregs","TheCursedMod:CircleOfBlood+1","TheCursedMod:AbyssShockwave+1","TheCursedMod:Hemoplague+1","TheCursedMod:SmokeScreen+1","TheCursedMod:CursedArmor","TheCursedMod:RapidMovement","TheCursedMod:SpitefulPray+1","TheCursedMod:CursedMace","TheCursedMod:VoidForm+1","TheCursedMod:CursedBlade+1","TheCursedMod:TroublousMinions+1","TheCursedMod:EmpowerCircles+1","TheCursedMod:FleshFromBone+1","TheCursedMod:CursedBoomerang","TheCursedMod:BlessingInDisguise","TheCursedMod:CircleOfAbyss","Enlightenment+1","Impatience+1","Madness","Madness","TheCursedMod:CircleOfAbyss","Doubt"],"relics":["TheCursedMod:BlackMagic101","NeowsBlessing","White Beast Statue","Boot","Ginger","Ancient Tea Set","Kunai","Vajra","Astrolabe","TheCursedMod:PinkPellets","Thread and Needle","Singing Bowl","Cursed Key","Orichalcum","Lantern","Oddly Smooth Stone","Mango"],"acts_visited":["Exordium","TheCity","TheBeyond"],"potions_floor_usage":[48,50,50,50],"damage_taken":[{"damage":0.0,"enemies":"2 Louse","floor":1.0,"turns":1.0},{"damage":0.0,"enemies":"Small Slimes","floor":2.0,"turns":1.0},{"damage":0.0,"enemies":"3 Sentries","floor":6.0,"turns":1.0},{"damage":51.0,"enemies":"Gremlin Nob","floor":8.0,"turns":6.0},{"damage":4.0,"enemies":"Jaw Worm","floor":11.0,"turns":3.0},{"damage":8.0,"enemies":"3 Sentries","floor":12.0,"turns":6.0},{"damage":0.0,"enemies":"Lagavulin","floor":14.0,"turns":5.0},{"damage":0.0,"enemies":"Slime Boss","floor":16.0,"turns":8.0},{"damage":0.0,"enemies":"3 Byrds","floor":18.0,"turns":4.0},{"damage":20.0,"enemies":"2 Thieves","floor":21.0,"turns":4.0},{"damage":14.0,"enemies":"Book of Stabbing","floor":24.0,"turns":4.0},{"damage":0.0,"enemies":"3 Cultists","floor":29.0,"turns":3.0},{"damage":19.0,"enemies":"Snake Plant","floor":31.0,"turns":5.0},{"damage":57.0,"enemies":"Collector","floor":33.0,"turns":8.0},{"damage":3.0,"enemies":"3 Shapes","floor":35.0,"turns":3.0},{"damage":0.0,"enemies":"3 Darklings","floor":38.0,"turns":2.0},{"damage":17.0,"enemies":"Giant Head","floor":40.0,"turns":9.0},{"damage":39.0,"enemies":"4 Shapes","floor":44.0,"turns":4.0},{"damage":61,"enemies":"2 Orb Walkers","floor":48,"turns":6},{"damage":18,"enemies":"Donu and Deca","floor":50,"turns":11}],"seed_played":"5487866131730009499","potions_obtained":[{"floor":6.0,"key":"FearPotion"},{"floor":8.0,"key":"FearPotion"},{"floor":11.0,"key":"ColorlessPotion"},{"floor":12.0,"key":"Swift Potion"},{"floor":14.0,"key":"PowerPotion"},{"floor":16.0,"key":"EssenceOfSteel"},{"floor":18.0,"key":"BlessingOfTheForge"},{"floor":21.0,"key":"DistilledChaos"},{"floor":24.0,"key":"FearPotion"},{"floor":29.0,"key":"LiquidMemories"},{"floor":33.0,"key":"SpeedPotion"},{"floor":38.0,"key":"Ancient Potion"},{"floor":48,"key":"FearPotion"}],"is_trial":false,"path_per_floor":["M","M","$","?","?","E","R","E","T","R","M","E","R","E","R","B",null,"M","?","?","M","$","R","E","R","T","$","R","M","R","M","R","B",null,"M","?","?","M","?","E","R","?","T","M","?","R","$","?","R","B",null],"character_chosen":"THE_CURSED","items_purchased":["TheCursedMod:Hemoplague","TheCursedMod:PinkPellets"],"campfire_rested":4,"item_purchase_floors":[3,22],"current_hp_per_floor":[68,72,72,69,54,58,58,11,11,33,33,29,29,33,55,63,72,75,61,61,45,45,45,39,39,39,39,63,81,81,65,65,16,67,66,58,47,49,49,42,42,42,42,3,92,92,92,47,79,69],"gold":57,"neow_bonus":"THREE_ENEMY_KILL","is_daily":false,"chose_seed":false,"campfire_upgraded":8,"win_rate":0.0,"timestamp":1613472972,"path_taken":["M","M","$","?","?","E","R","E","T","R","M","E","R","E","R","BOSS","M","?","?","?","?","R","E","R","T","$","R","M","R","M","R","BOSS","M","?","?","M","?","E","R","?","T","?","?","R","?","?","R","BOSS"],"items_purchased_type":["Card","Relic"],"build_version":"2020-12-22","purchased_purges":3,"victory":true,"max_hp_per_floor":[75,75,75,75,75,75,75,75,75,75,75,75,75,75,75,75,75,75,80,80,80,80,80,80,80,80,80,80,82,82,84,84,84,84,86,88,88,90,90,92,92,92,92,92,92,92,92,108,108,108],"card_choices":[{"not_picked":["TheCursedMod:RavingStaff","TheCursedMod:Grudge"],"picked":"TheCursedMod:CircleOfBlood","floor":1.0},{"not_picked":["TheCursedMod:CursedMace","TheCursedMod:CursedAmulet"],"picked":"TheCursedMod:AbyssShockwave","floor":2.0},{"not_picked":["TheCursedMod:FleshFromBone","TheCursedMod:CursedBlade"],"picked":"TheCursedMod:SmokeScreen","floor":6.0},{"not_picked":["TheCursedMod:SpitefulPray","TheCursedMod:Stigma"],"picked":"TheCursedMod:CursedArmor","floor":8.0},{"not_picked":["TheCursedMod:CursedBoomerang","TheCursedMod:SpitefulStrike"],"picked":"TheCursedMod:RapidMovement","floor":11.0},{"not_picked":["TheCursedMod:SurpriseAttack","TheCursedMod:SmokeScreen"],"picked":"TheCursedMod:SpitefulPray","floor":12.0},{"not_picked":["TheCursedMod:CursedShiv","TheCursedMod:Wield"],"picked":"TheCursedMod:CursedMace","floor":14.0},{"not_picked":["TheCursedMod:CursedRelics","TheCursedMod:OutForBlood"],"picked":"TheCursedMod:VoidForm","floor":16.0},{"not_picked":["TheCursedMod:CircleOfAmplification+1","TheCursedMod:TacticalStrike"],"picked":"TheCursedMod:FleshFromBone+1","floor":18.0},{"not_picked":["TheCursedMod:CursedShiv","TheCursedMod:CursedBlade"],"picked":"TheCursedMod:CursedBoomerang","floor":21.0},{"not_picked":["TheCursedMod:FuryStrike","TheCursedMod:RapidMovement+1"],"picked":"TheCursedMod:BlessingInDisguise","floor":24.0},{"not_picked":["TheCursedMod:SpitefulPray+1","TheCursedMod:Torture","TheCursedMod:SurpriseAttack"],"picked":"Singing Bowl","floor":29.0},{"not_picked":["TheCursedMod:FuryStrike+1","TheCursedMod:SpreadPlague","TheCursedMod:CircleOfFocus"],"picked":"Singing Bowl","floor":31.0},{"not_picked":["TheCursedMod:ParallelWorld","TheCursedMod:StunningStrike"],"picked":"TheCursedMod:CircleOfAbyss","floor":33.0},{"not_picked":["TheCursedMod:Stretching","TheCursedMod:CursedMace","TheCursedMod:PrepareRite+1"],"picked":"Singing Bowl","floor":35.0},{"not_picked":["Blind","Apotheosis"],"picked":"Enlightenment","floor":36.0},{"not_picked":["Deep Breath","Chrysalis","Transmutation"],"picked":"Singing Bowl","floor":36.0},{"not_picked":["Transmutation","Forethought"],"picked":"Impatience","floor":36.0},{"not_picked":["TheCursedMod:VitalStrike+1","TheCursedMod:FleshFromBone+1","TheCursedMod:Mangle"],"picked":"Singing Bowl","floor":38.0},{"not_picked":["TheCursedMod:Stretching","TheCursedMod:Mangle","TheCursedMod:CircleOfCorruption+1"],"picked":"Singing Bowl","floor":40.0},{"not_picked":["TheCursedMod:CursedAmulet+1","TheCursedMod:ReleasedStrength+1"],"picked":"TheCursedMod:CircleOfAbyss","floor":44.0},{"not_picked":["TheCursedMod:SurpriseAttack","TheCursedMod:CircleOfWindfury","TheCursedMod:SpreadPlague"],"picked":"Singing Bowl","floor":48}],"player_experience":330395,"relics_obtained":[{"floor":6.0,"key":"Boot"},{"floor":8.0,"key":"Ginger"},{"floor":9.0,"key":"Ancient Tea Set"},{"floor":12.0,"key":"Kunai"},{"floor":14.0,"key":"Vajra"},{"floor":24.0,"key":"Thread and Needle"},{"floor":26.0,"key":"Singing Bowl"},{"floor":40.0,"key":"Orichalcum"},{"floor":43.0,"key":"Oddly Smooth Stone"},{"floor":48,"key":"Mango"}],"event_choices":[{"damage_healed":0.0,"max_hp_gain":0.0,"max_hp_loss":0.0,"gold_gain":0.0,"event_name":"Scrap Ooze","player_choice":"Success","floor":4.0,"gold_loss":0.0,"damage_taken":3.0,"relics_obtained":["White Beast Statue"]},{"damage_healed":0.0,"max_hp_gain":0.0,"max_hp_loss":0.0,"gold_gain":0.0,"event_name":"Shining Light","player_choice":"Entered Light","floor":5.0,"gold_loss":0.0,"damage_taken":15.0,"cards_upgraded":["TheCursedMod:Strike_TheCursed","TheCursedMod:AbyssShockwave"]},{"damage_healed":0.0,"max_hp_gain":5.0,"max_hp_loss":0.0,"gold_gain":0.0,"event_name":"Forgotten Altar","player_choice":"Shed Blood","floor":19.0,"gold_loss":0.0,"damage_taken":19.0},{"damage_healed":0.0,"max_hp_gain":0.0,"max_hp_loss":0.0,"gold_gain":0.0,"event_name":"Ghosts","player_choice":"Ignored","floor":20.0,"gold_loss":0.0,"damage_taken":0.0},{"damage_healed":0.0,"max_hp_gain":0.0,"max_hp_loss":0.0,"gold_gain":0.0,"event_name":"SensoryStone","player_choice":"Memory 3","floor":36.0,"gold_loss":0.0,"damage_taken":10.0},{"damage_healed":0.0,"max_hp_gain":0.0,"max_hp_loss":0.0,"gold_gain":0.0,"event_name":"Winding Halls","player_choice":"Embrace Madness","floor":37.0,"gold_loss":0.0,"damage_taken":11.0,"cards_obtained":["Madness","Madness"]},{"cards_removed":["TheCursedMod:CursedWand"],"damage_healed":0.0,"max_hp_gain":0.0,"max_hp_loss":0.0,"gold_gain":0.0,"event_name":"Falling","player_choice":"Removed Attack","floor":39.0,"gold_loss":0.0,"damage_taken":0.0},{"damage_healed":0.0,"max_hp_gain":0.0,"max_hp_loss":0.0,"gold_gain":0.0,"event_name":"WeMeetAgain","player_choice":"Paid Gold","floor":42.0,"gold_loss":106.0,"damage_taken":0.0,"relics_obtained":["Lantern"]},{"damage_healed":89.0,"max_hp_gain":0.0,"max_hp_loss":0.0,"gold_gain":0.0,"event_name":"MindBloom","player_choice":"Heal","floor":45.0,"gold_loss":0.0,"damage_taken":0.0,"cards_obtained":["Doubt"]},{"damage_healed":0,"gold_gain":0,"player_choice":"Fight","damage_taken":0,"max_hp_gain":0,"max_hp_loss":0,"event_name":"Mysterious Sphere","floor":48,"gold_loss":0}],"is_beta":false,"boss_relics":[{"not_picked":["Pandora\u0027s Box","Runic Dome"],"picked":"Astrolabe"},{"not_picked":["SacredBark","Tiny House"],"picked":"Cursed Key"}],"items_purged_floors":[22,27,47],"is_endless":false,"potions_floor_spawned":[6,8,11,12,14,16,18,21,24,29,31,33,35,38,40,44,48],"ascension_level":10}}