{"host":"q57ekfojy3i00x9o","time":1613489215,"event":{"mods":["Act Like it!","Arknights","Aspiration","BaseMod","Colored Map","Energized Spire","Hermit","Minty Spire (QoL Compilation)","Quick Restart","Spicy Shops","Spikes Relics","StSLib","slay the spire mod where everything is the same but ironclad has a cowboy hat"],"gold_per_floor":[115,40,40,40,215,215,215],"floor_reached":6,"language":"RUS","playtime":141,"items_purged":["Doubt"],"score":51,"play_id":"ef5de581-d45a-4a6c-a6c5-7c9987700afa","local_time":"20210216202655","is_ascension_mode":true,"campfire_choices":[],"circlet_count":0,"master_deck":["AscendersBane","ats:Strike C","ats:Strike G","ats:Strike S","ats:Strike V","ats:Armor Crushing Shot","ats:Defend","ats:Defend","ats:Defend","ats:Defend","ats:Emotion Absorption","BlessedFruit","BlessedFruit","ats:Consecutive Shot Auto","Doubt"],"relics":["ats:Sanity","HeavenlyBonsai","Golden Idol"],"acts_visited":["Exordium"],"potions_floor_usage":[],"damage_taken":[{"damage":16,"enemies":"Jaw Worm","floor":1,"turns":6},{"damage":55,"enemies":"3 Sentries","floor":6,"turns":7}],"seed_played":"-273488630058074381","potions_obtained":[],"is_trial":false,"path_per_floor":["M","$","?","?","?","E"],"character_chosen":"DOCTOR_CLASS","items_purchased":[],"campfire_rested":0,"item_purchase_floors":[],"current_hp_per_floor":[51,51,51,51,51,0,0],"gold":215,"neow_bonus":"ONE_RARE_RELIC","is_daily":false,"chose_seed":false,"campfire_upgraded":0,"win_rate":0.0,"timestamp":1613489215,"path_taken":["M","$","?","?","?","E"],"items_purchased_type":[],"build_version":"2020-12-22","purchased_purges":1,"victory":false,"max_hp_per_floor":[74,74,69,69,69,71,71],"card_choices":[{"not_picked":["ats:Hammer On","ats:Spore Proliferation"],"picked":"ats:Consecutive Shot Auto","floor":1}],"player_experience":772715,"relics_obtained":[],"event_choices":[{"damage_healed":0,"gold_gain":0,"player_choice":"Lose Max HP","damage_taken":0,"relics_obtained":["Golden Idol"],"max_hp_gain":0,"max_hp_loss":5,"event_name":"Golden Idol","floor":3,"gold_loss":0},{"damage_healed":0,"gold_gain":0,"player_choice":"Leave","damage_taken":0,"max_hp_gain":0,"max_hp_loss":0,"event_name":"The Cleric","floor":4,"gold_loss":0},{"damage_healed":0,"gold_gain":175,"player_choice":"AGREE","damage_taken":0,"max_hp_gain":0,"max_hp_loss":0,"event_name":"Liars Game","floor":5,"gold_loss":0,"cards_obtained":["Doubt"]}],"is_beta":false,"boss_relics":[],"items_purged_floors":[2],"is_endless":false,"potions_floor_spawned":[],"killed_by":"3 Sentries","ascension_level":12}}