{"host":"6wux4armhsntp4yb","time":1613464463,"event":{"mods":["BaseMod","Colored Map","DeckTracker","Minty Spire (QoL Compilation)","Relic Stats"],"gold_per_floor":[114,40,53,71,81,81,111,127,207,207,226,251,251,251,251,325,325,344,344,344,360,360,387,387,420,420,168,194,33,33,44,44,120,120,139,139,139,139,159,159,191,191,215,241,252,92,110,110,110,110,110,110,110,10,35,35],"floor_reached":57,"language":"JPN","playtime":5453,"items_purged":["Accuracy","Well Laid Plans+1"],"score":2802,"play_id":"37513381-f299-442f-ba5c-babf004f03dd","local_time":"20210216173423","is_ascension_mode":true,"campfire_choices":[{"data":"Glass Knife","floor":6.0,"key":"SMITH"},{"data":"Tools of the Trade","floor":10.0,"key":"SMITH"},{"data":"Calculated Gamble","floor":13.0,"key":"SMITH"},{"data":"Wraith Form v2","floor":15.0,"key":"SMITH"},{"data":"Well Laid Plans","floor":24.0,"key":"SMITH"},{"data":"Tactician","floor":30,"key":"SMITH"},{"data":"Reflex","floor":32,"key":"SMITH"},{"data":"Concentrate","floor":40,"key":"SMITH"},{"data":"Prepared","floor":42,"key":"SMITH"},{"floor":49,"key":"RECALL"},{"data":"Acrobatics","floor":53,"key":"SMITH"}],"circlet_count":0,"master_deck":["AscendersBane","Survivor+1","Neutralize","Calculated Gamble+1","Prepared","Endless Agony","Dash","Glass Knife+1","Tools of the Trade+1","Blur","Footwork","Cloak And Dagger","Crippling Poison","Wraith Form v2+1","Acrobatics+1","Malaise","Malaise","PiercingWail+1","Neutralize","After Image","Concentrate+1","Reflex+1","Tactician+1","Eviscerate","Outmaneuver+1","Prepared+1","Grand Finale","Panache","Escape Plan","Expertise+1"],"relics":["Pandora\u0027s Box","Letter Opener","Pantograph","Ginger","Coffee Dripper","MutagenicStrength","Vajra","Bottled Lightning","War Paint","White Beast Statue","Dream Catcher","Bag of Preparation","Runic Pyramid","Bird Faced Urn","Ancient Tea Set","ClockworkSouvenir","Turnip"],"acts_visited":["Exordium","TheCity","TheBeyond","TheEnding"],"potions_floor_usage":[35,41,44,55,56,56],"damage_taken":[{"damage":0.0,"enemies":"Cultist","floor":1.0,"turns":3.0},{"damage":2.0,"enemies":"2 Louse","floor":3.0,"turns":3.0},{"damage":1.0,"enemies":"Jaw Worm","floor":4.0,"turns":4.0},{"damage":3.0,"enemies":"3 Louse","floor":5.0,"turns":3.0},{"damage":9.0,"enemies":"3 Sentries","floor":7.0,"turns":11.0},{"damage":9.0,"enemies":"Gremlin Gang","floor":8.0,"turns":3.0},{"damage":0.0,"enemies":"Large Slime","floor":11.0,"turns":4.0},{"damage":13.0,"enemies":"Gremlin Nob","floor":12.0,"turns":6.0},{"damage":10.0,"enemies":"Hexaghost","floor":16.0,"turns":11.0},{"damage":3.0,"enemies":"Shell Parasite","floor":18.0,"turns":6.0},{"damage":0.0,"enemies":"Spheric Guardian","floor":21.0,"turns":6.0},{"damage":9.0,"enemies":"Slavers","floor":23.0,"turns":6.0},{"damage":0.0,"enemies":"Book of Stabbing","floor":25.0,"turns":7.0},{"damage":14,"enemies":"Slavers","floor":28,"turns":6},{"damage":0,"enemies":"Snecko","floor":31,"turns":5},{"damage":8,"enemies":"Champ","floor":33,"turns":10},{"damage":0,"enemies":"3 Shapes","floor":35,"turns":4},{"damage":0,"enemies":"Orb Walker","floor":39,"turns":5},{"damage":1,"enemies":"Reptomancer","floor":41,"turns":4},{"damage":3,"enemies":"Nemesis","floor":44,"turns":9},{"damage":2,"enemies":"Transient","floor":45,"turns":6},{"damage":3,"enemies":"3 Darklings","floor":47,"turns":3},{"damage":11,"enemies":"Donu and Deca","floor":50,"turns":8},{"damage":9,"enemies":"Awakened One","floor":51,"turns":13},{"damage":0,"enemies":"Shield and Spear","floor":55,"turns":6},{"damage":47,"enemies":"The Heart","floor":56,"turns":8}],"seed_played":"-6162393053270576682","potions_obtained":[{"floor":1.0,"key":"Regen Potion"},{"floor":4.0,"key":"FairyPotion"},{"floor":8.0,"key":"Ancient Potion"},{"floor":21.0,"key":"GamblersBrew"},{"floor":23.0,"key":"Fruit Juice"},{"floor":28,"key":"EssenceOfSteel"},{"floor":31,"key":"LiquidMemories"},{"floor":33,"key":"Swift Potion"},{"floor":35,"key":"FearPotion"},{"floor":39,"key":"GamblersBrew"},{"floor":41,"key":"SteroidPotion"},{"floor":44,"key":"SteroidPotion"},{"floor":45,"key":"LiquidMemories"},{"floor":47,"key":"Swift Potion"},{"floor":55,"key":"Swift Potion"}],"is_trial":false,"path_per_floor":["M","$","M","M","M","R","E","M","T","R","M","E","R","?","R","B",null,"M","?","?","M","?","E","R","E","T","$","E","$","R","M","R","B",null,"M","?","?","?","M","R","E","R","T","E","M","$","M","?","R","B","B",null,"R","$","E","B",null],"character_chosen":"THE_SILENT","items_purchased":["Well Laid Plans","Tactician","Eviscerate","Bag of Preparation","ClockworkSouvenir"],"campfire_rested":0,"item_purchase_floors":[2,27,27,29,46],"current_hp_per_floor":[59,59,57,56,53,53,59,50,50,50,50,37,37,42,42,57,68,65,65,65,65,65,56,56,56,61,61,47,47,47,47,47,64,73,73,73,63,63,63,63,62,62,62,69,76,76,75,75,75,67,71,75,75,75,76,37],"gold":35,"neow_bonus":"BOSS_RELIC","is_daily":false,"chose_seed":false,"campfire_upgraded":10,"win_rate":0.0,"timestamp":1613464463,"path_taken":["M","$","?","M","M","R","E","M","T","R","M","E","R","?","R","BOSS","M","?","?","?","?","E","R","E","T","$","E","$","R","M","R","BOSS","M","?","?","?","M","R","E","R","T","E","M","$","M","?","R","BOSS","BOSS","R","$","E","BOSS"],"items_purchased_type":["Card","Card","Card","Relic","Relic"],"build_version":"2020-12-22","purchased_purges":2,"victory":true,"max_hp_per_floor":[66,66,66,66,66,66,66,66,66,66,66,66,66,71,71,71,71,71,71,71,71,71,71,71,71,76,76,76,76,76,76,76,76,76,76,76,76,76,76,76,76,76,76,76,76,76,76,76,76,76,76,76,76,76,76,76],"relic_stats":{"Dream Catcher":0,"counters":[26,160],"Pantograph":60,"Bird Faced Urn":[36],"Pandora\u0027s Box":["Calculated Gamble","Prepared","Endless Agony","Dash","Escape Plan","Glass Knife","Tools of the Trade","Accuracy","Blur","Footwork"],"Turnip":[2],"Bag of Preparation":[24],"Letter Opener":[741],"Ginger":[15],"War Paint":["Escape Plan","Survivor"],"obtain_stats":[{"Vajra":22,"Bag of Preparation":29,"Letter Opener":7,"Ginger":12,"War Paint":25,"Ancient Tea Set":44,"White Beast Statue":26,"ClockworkSouvenir":46,"Dream Catcher":28,"Pantograph":9,"MutagenicStrength":19,"Bird Faced Urn":41,"Pandora\u0027s Box":0,"Turnip":55,"Coffee Dripper":17,"Bottled Lightning":23,"Ring of the Snake":0,"Runic Pyramid":34},{"Vajra":11,"Bag of Preparation":14,"Letter Opener":5,"Ginger":8,"War Paint":13,"Ancient Tea Set":20,"White Beast Statue":13,"ClockworkSouvenir":21,"Dream Catcher":14,"Pantograph":6,"MutagenicStrength":10,"Bird Faced Urn":19,"Pandora\u0027s Box":0,"Turnip":25,"Coffee Dripper":9,"Bottled Lightning":12,"Ring of the Snake":0,"Runic Pyramid":16},{"Vajra":60,"Bag of Preparation":79,"Letter Opener":24,"Ginger":37,"War Paint":73,"Ancient Tea Set":116,"White Beast Statue":73,"ClockworkSouvenir":122,"Dream Catcher":79,"Pantograph":27,"MutagenicStrength":54,"Bird Faced Urn":107,"Pandora\u0027s Box":0,"Turnip":152,"Coffee Dripper":48,"Bottled Lightning":66,"Ring of the Snake":0,"Runic Pyramid":94}]},"card_choices":[{"not_picked":["Concentrate","Dash"],"picked":"Cloak And Dagger","floor":1.0},{"not_picked":["Blur","Slice"],"picked":"Crippling Poison","floor":3.0},{"not_picked":["Quick Slash","Sucker Punch","Cloak And Dagger"],"picked":"SKIP","floor":4.0},{"not_picked":["Outmaneuver","Slice","Poisoned Stab"],"picked":"SKIP","floor":5.0},{"not_picked":["Skewer","All Out Attack"],"picked":"Wraith Form v2","floor":7.0},{"not_picked":["Poisoned Stab","Quick Slash","Dagger Throw"],"picked":"SKIP","floor":8.0},{"not_picked":["Crippling Poison","Dagger Spray"],"picked":"Acrobatics","floor":11.0},{"not_picked":["Predator","Underhanded Strike"],"picked":"Malaise","floor":12.0},{"not_picked":["Unload","Doppelganger"],"picked":"Malaise","floor":16.0},{"not_picked":["Bouncing Flask","Backstab"],"picked":"PiercingWail+1","floor":18.0},{"not_picked":["Outmaneuver","Prepared","Cloak And Dagger"],"picked":"SKIP","floor":21.0},{"not_picked":["Dodge and Roll","Deadly Poison"],"picked":"Concentrate","floor":23.0},{"not_picked":["Masterful Stab","Dodge and Roll"],"picked":"Reflex","floor":25.0},{"not_picked":["Skewer","Setup"],"picked":"Outmaneuver+1","floor":28},{"not_picked":["Dagger Spray","Dagger Throw"],"picked":"Prepared","floor":31},{"not_picked":["Malaise","Die Die Die"],"picked":"Grand Finale","floor":33},{"not_picked":["Slice+1","Quick Slash+1","Dagger Spray"],"picked":"SKIP","floor":35},{"not_picked":["Dramatic Entrance","Swift Strike"],"picked":"Panache","floor":37},{"not_picked":["Blade Dance","Dagger Throw","Sucker Punch+1"],"picked":"SKIP","floor":39},{"not_picked":["Choke+1","Underhanded Strike","Finisher"],"picked":"SKIP","floor":41},{"not_picked":["Backstab","Choke"],"picked":"Escape Plan","floor":44},{"not_picked":["Flechettes","Quick Slash","Riddle With Holes"],"picked":"SKIP","floor":45},{"not_picked":["Deadly Poison","Expertise","Acrobatics"],"picked":"SKIP","floor":47},{"not_picked":["Glass Knife","Poisoned Stab+1"],"picked":"Expertise+1","floor":55}],"player_experience":5878549,"relics_obtained":[{"floor":7.0,"key":"Letter Opener"},{"floor":9.0,"key":"Pantograph"},{"floor":12.0,"key":"Ginger"},{"floor":22.0,"key":"Vajra"},{"floor":23.0,"key":"Bottled Lightning"},{"floor":25.0,"key":"War Paint"},{"floor":26.0,"key":"White Beast Statue"},{"floor":28,"key":"Dream Catcher"},{"floor":41,"key":"Bird Faced Urn"},{"floor":44,"key":"Ancient Tea Set"},{"floor":55,"key":"Turnip"}],"event_choices":[{"damage_healed":0.0,"max_hp_gain":5.0,"max_hp_loss":0.0,"gold_gain":0.0,"event_name":"Big Fish","player_choice":"Donut","floor":14.0,"gold_loss":0.0,"damage_taken":0.0},{"damage_healed":0.0,"max_hp_gain":0.0,"max_hp_loss":0.0,"gold_gain":0.0,"event_name":"Drug Dealer","player_choice":"Inject Mutagens","floor":19.0,"gold_loss":0.0,"damage_taken":0.0,"relics_obtained":["MutagenicStrength"]},{"damage_healed":0.0,"max_hp_gain":0.0,"max_hp_loss":0.0,"gold_gain":0.0,"event_name":"Match and Keep!","player_choice":"2 cards matched","floor":20.0,"gold_loss":0.0,"damage_taken":0.0,"cards_obtained":["Neutralize","After Image"]},{"damage_healed":0.0,"max_hp_gain":0.0,"max_hp_loss":0.0,"gold_gain":0.0,"event_name":"Wheel of Change","player_choice":"Relic","floor":22.0,"gold_loss":0.0,"damage_taken":0.0},{"damage_healed":0,"gold_gain":0,"player_choice":"Ignored","damage_taken":0,"max_hp_gain":0,"max_hp_loss":0,"event_name":"Tomb of Lord Red Mask","floor":36,"gold_loss":0},{"damage_healed":0,"gold_gain":0,"player_choice":"Memory 3","damage_taken":10,"max_hp_gain":0,"max_hp_loss":0,"event_name":"SensoryStone","floor":37,"gold_loss":0},{"cards_removed":["Escape Plan"],"damage_healed":0,"gold_gain":0,"player_choice":"Removed Skill","damage_taken":0,"max_hp_gain":0,"max_hp_loss":0,"event_name":"Falling","floor":38,"gold_loss":0},{"damage_healed":0,"gold_gain":0,"player_choice":"0 cards matched","damage_taken":0,"max_hp_gain":0,"max_hp_loss":0,"event_name":"Match and Keep!","floor":48,"gold_loss":0,"cards_obtained":[]}],"is_beta":false,"boss_relics":[{"not_picked":["Philosopher\u0027s Stone","WristBlade"],"picked":"Coffee Dripper"},{"not_picked":["Velvet Choker","Snecko Eye"],"picked":"Runic Pyramid"}],"items_purged_floors":[27,54],"is_endless":false,"potions_floor_spawned":[1,4,8,12,21,23,28,31,33,35,39,41,44,45,47,55],"ascension_level":20}}