{"host":"kiepq204ejgahl1h","time":1613443803,"event":{"mods":["100% Spire Juice","ATMod(°¢èªMod)","Act Like it!","Aspiration","BaseMod","BetterRewards","Booster Modes","Bossed Relics","Colored Map","Colored Powertips","Conjunction","Conspire","Curses Come First","Dota2Spire","Energized Spire","GifTheSpireLib","Gold Saver","Halation","Hubris","Humility","Infinite Spire","Ironclad Rager","Jedi Mod","KinomotoSakuraMod(Ä¾Ö®±¾Ó£)","LagranYue(À­¸ñÀÊ¡¤ÔÂ)","Luminous","Marisa£¨ìFÓê¡¡Ä§ÀíÉ³£©","Minty Spire (QoL Compilation)","MostiFishMod","Pale of the Ancients","Prisma Mod","Quarter Circle Forward PUNCH!","Quick Restart","RRrroohrrRGHHhhh!!","Rare Cards Sparkle","Reimu£¨²©ÀöÁéÃÎ£©","Relic Stats","Reliquary","Remilia£¨ÀÙÃ×ÀòÑÇ£©","Replay The Spire","Ruina","RumiaBox-Â¶Ã×æ«µÄÉñÃØºÐ×Ó","SIMod","SacredBarkPlus","Spikes Relics","Spires \u0026 Sneckos","StS++","StSLib","Stuff the Spire","TestMod","The Bug Knight","The Gatherer","The Servant 0.9.4","Virulent Crown","Yakumo Yukari mod","Youmu£¨»êÆÇÑýÃÎ£©","¡¾ÒÅÎï¿¨ÅÆ¡¿REMEMod"],"gold_per_floor":[2165,1542,1608,1625,1645,1670,1697,1737,1761,1795,1812,1812,1829,1869,1869,2000,2000,2015,2040,1965,1987,1987,2040,2067,2100,2100,1664,1664,1664,1664,1691,1691,1810,1810,1836,1863,1293,1293,1043,1079,1079,1101,1124,1124,1124,1147,1185,1223,1289,1307],"floor_reached":51,"language":"ZHS","playtime":3027,"items_purged":["AT_purpleEX","Defend_purpleEX","AT_purpleEX","Defend_purpleEX","AT_purpleEX","AT_purpleEX","Defend_purpleEX","Defend_purpleEX+1","Writhe"],"score":1817,"play_id":"bde9e33a-af8b-4c66-8074-83e42d740da2","local_time":"20210216105003","is_ascension_mode":true,"campfire_choices":[{"data":"Human_Monster_Realm_purple","floor":12.0,"key":"SMITH"},{"data":"AT_FamilyPortrait","floor":15.0,"key":"SMITH"},{"data":"testmod-ChaoticCore","floor":28.0,"key":"SMITH"},{"data":"Panacea","floor":30.0,"key":"SMITH"},{"data":"Observe_purple_2","floor":32.0,"key":"SMITH"},{"floor":41.0,"key":"RECALL"}],"circlet_count":0,"master_deck":["Observe_purple_1","Observe_purple_2+1","AT_FamilyPortrait+1","testmod-ChaoticCore+1","StuffTheSpire:FreeRealEstate+1","jedi:forcepush","Human_Monster_Realm_purple+1","WeekHit_purple","Worldmountain_purple","Erosivefilter_purple","AdvanceAttack_purple","Boundary_LifeAndDeath_purple","Panacea+1","StretchesForeverDream_purple+1","DimensionStaggered_purple+1","Specialist"],"relics":["Boundary_crack","Memoryfragments_purpleEX","DaveBox","AT_ATBox","REME_ComplimentaryCards","testmod-TestBox","LagranYue:RandomDrawCardRelic","SentryEyes","testmod-CardMagician","ClockworkSouvenir","StuffTheSpire:CocoNut","War Paint","LagranYue:MagicReflectiveArmorRelic","infinitespire:BottledMercury","Counterbalance","SynthV:TestCard","Happy Flower","rorgmod:The Boot","AT_EbonyIvory","infinitespire:Golems Mask","ReplayTheSpireMod:Ninjato","SSSystem","testmod-Alchemist","RoseTintedShades","RedLine:ReiMu","StSpp:GiftCard","MagicDraw3","qcfpunch:Broken_Tusk","Replay:Mystery Machine","aspiration:FrozenJewel","energizedSpire:NeverEndingSparkler","Singing Bowl","BrokenLever","reliquary:PartyBalloon","halation:SwordOfLegend","Vajra"],"acts_visited":["Exordium","TheCity","TheBeyond"],"potions_floor_usage":[],"damage_taken":[{"damage":0.0,"enemies":"Small Slimes","floor":1.0,"turns":2.0},{"damage":0.0,"enemies":"conspire:RoseBush","floor":4.0,"turns":2.0},{"damage":0.0,"enemies":"Cultist","floor":5.0,"turns":1.0},{"damage":0.0,"enemies":"HollowMod:MossKnight","floor":6.0,"turns":3.0},{"damage":0.0,"enemies":"Lots of Slimes","floor":7.0,"turns":1.0},{"damage":0.0,"enemies":"Lagavulin","floor":8.0,"turns":2.0},{"damage":0.0,"enemies":"Replay:BlueRogue","floor":10.0,"turns":2.0},{"damage":0.0,"enemies":"conspire:2 RoseBushes","floor":11.0,"turns":2.0},{"damage":0.0,"enemies":"Exordium Wildlife","floor":13.0,"turns":1.0},{"damage":0.0,"enemies":"Lagavulin","floor":14.0,"turns":2.0},{"damage":0.0,"enemies":"Fading Forest","floor":16.0,"turns":1.0},{"damage":0.0,"enemies":"2 Thieves","floor":18.0,"turns":1.0},{"damage":0.0,"enemies":"Chosen","floor":19.0,"turns":1.0},{"damage":0.0,"enemies":"3 Cultists","floor":21.0,"turns":1.0},{"damage":0.0,"enemies":"HollowMod:Nosk","floor":23.0,"turns":1.0},{"damage":0.0,"enemies":"conspire:HollyBat","floor":24.0,"turns":3.0},{"damage":12.0,"enemies":"Replay:Snechameleon","floor":25.0,"turns":2.0},{"damage":0.0,"enemies":"Centurion and Healer","floor":31.0,"turns":1.0},{"damage":0.0,"enemies":"Champ","floor":33.0,"turns":1.0},{"damage":0.0,"enemies":"3 Darklings","floor":35.0,"turns":1.0},{"damage":0.0,"enemies":"3 Shapes","floor":36.0,"turns":1.0},{"damage":0.0,"enemies":"R_Hoarder","floor":40.0,"turns":2.0},{"damage":0.0,"enemies":"Writhing Mass","floor":42.0,"turns":1.0},{"damage":0.0,"enemies":"4 Shapes","floor":46.0,"turns":1.0},{"damage":0.0,"enemies":"HollowMod:StalkingDevout","floor":47.0,"turns":1.0},{"damage":0.0,"enemies":"Transient","floor":48.0,"turns":1.0},{"damage":0.0,"enemies":"2 Orb Walkers","floor":49.0,"turns":1.0},{"damage":0,"enemies":"Donu and Deca","floor":50,"turns":1}],"seed_played":"-2317976827883980205","potions_obtained":[{"floor":3.0,"key":"StSpp:ScatteredWeakPotion"},{"floor":3.0,"key":"FearPotion"},{"floor":4.0,"key":"Dota2Spire:Clarity"},{"floor":6.0,"key":"Energy Potion"},{"floor":10.0,"key":"StSpp:ScatteredWeakPotion"},{"floor":11.0,"key":"EssenceOfSteel"},{"floor":14.0,"key":"testmod-TestPotion"},{"floor":19.0,"key":"Elixir"},{"floor":21.0,"key":"StSpp:SecondWindPotion"},{"floor":24.0,"key":"Strength Potion"},{"floor":33.0,"key":"AttackPotion"},{"floor":35.0,"key":"Strength Potion"}],"is_trial":false,"path_per_floor":["M","$","?","M","M","E","M","E","T","E","M","R","M","E","R","B",null,"M","M","?","M","?","E","M","E","T","$","R","AVR","R","M","R","B",null,"M","M","$","?","$","E","R","M","T","AVR","?","M","E","M","R_BF","B",null],"character_chosen":"Youkari","items_purchased":["ClockworkSouvenir","StuffTheSpire:CocoNut","StuffTheSpire:FreeRealEstate","War Paint","LagranYue:MagicReflectiveArmorRelic","jedi:forcepush","infinitespire:BottledMercury","Counterbalance","Happy Flower","rorgmod:The Boot","Human_Monster_Realm_purple","Panacea","Replay:Mystery Machine","Singing Bowl","Adrenaline Potion","Specialist"],"campfire_rested":0,"item_purchase_floors":[0,0,0,0,0,0,0,0,2,2,2,27,27,37,37,37],"current_hp_per_floor":[36,36,36,42,44,45,46,46,46,47,48,48,48,50,50,52,78,78,78,78,78,78,78,80,69,69,69,69,69,69,71,71,71,80,80,80,80,80,80,82,82,84,84,84,84,86,88,90,92,92],"gold":1307,"neow_bonus":"","is_daily":false,"chose_seed":false,"campfire_upgraded":5,"win_rate":0.0,"timestamp":1613443803,"path_taken":["M","$","?","M","M","E","M","E","T","E","M","R","M","E","R","BOSS","M","M","?","M","?","E","?","E","T","$","R","AVR","R","?","R","BOSS","M","M","$","?","$","E","R","M","T","AVR","?","M","E","M","R_BF","BOSS"],"items_purchased_type":["Relic","Relic","Card","Relic","Relic","Card","Relic","Relic","Relic","Relic","Card","Card","Relic","Relic","Potion","Card"],"build_version":"2020-12-22","purchased_purges":9,"victory":true,"max_hp_per_floor":[77,77,77,77,77,77,77,77,77,77,77,77,77,77,77,78,78,78,78,78,78,78,78,80,80,80,80,80,80,80,80,80,80,80,80,80,80,80,80,82,82,84,84,84,84,86,88,90,92,92],"relic_stats":{"Happy Flower":[12],"Singing Bowl":12,"counters":[371,1188],"War Paint":["Defend_purpleEX","StuffTheSpire:FreeRealEstate"],"obtain_stats":[{"Replay:Accelerometer":9,"AT_ATBox":0,"ScarletDevilRocket":14,"Spirit Poop":50,"qcfpunch:Red_Beret":10,"Dota2Spire:EtherealBlade":28,"testmod-BlackFramedGlasses":0,"jedi:shrinkray":0,"Replay:Wanted Poster":17,"conspire:GlowingRock":0,"testmod-Prudence":0,"halation:PromiseList":49,"HollowMod:PaleOreRelic":8,"AT_RedTearstoneRing":9,"testmod-TestBox":0,"testmod-Register":31,"Eternal Feather":43,"Pen Nib":14,"Ling":0,"qcfpunch:Broken_Tusk":26,"StuffTheSpire:MayFlowers":10,"SentryEyes":0,"CultistMask":30,"WarlordEmblem:VoidPower":17,"Torii":44,"Singing Bowl":8,"Dota2Spire:Vanguard":40,"StuffTheSpire:GrapeVine":44,"LagranYue:MagicReflectiveArmorRelic":0,"Smiling Mask":26,"testmod-CasingShield":25,"Pet Ghost":0,"infinitespire:Bottled Soul":47,"vexMod:RedPlottingStone":27,"aspiration:FutureDiary":19,"Potion Belt":22,"halation:BottledLove":0,"hubris:64BitClover":0,"testmod-CardMagician":0,"PreservedInsect":31,"aspiration:RandomNobGenerator":36,"Boundary_crack":0,"hubris:Towel":37,"ChaoDraw":40,"halation:SwordOfLegend":44,"Dota2Spire:Butterfly":41,"Ornamental Fan":36,"Art of War":3,"SpikesRelics:DaevaFist":47,"paleoftheancients:SoulOfTheThorton":53,"AT_SunfireAegis":23,"REME_ComplimentaryCards":0,"Dota2Spire:MaskOfMadness":55,"Chi":0,"HalfPhantom":0,"Dota2Spire:ShadowBlade":31,"StSpp:GiftCard":23,"HollowMod:StagPassRelic":7,"RedLine:ReiMu":17,"Sozu":50,"Prayer Wheel":30,"Iron Hammer":0,"qcfpunch:Handcuffs":24,"LugNut":13,"paleoftheancients:KeyRelic":50,"ReplayTheSpireMod:CursedCoin":29,"StuffTheSpire:ForceGauntlet":32,"vexMod:PaidLearning":36,"halation:Thesaurus":0,"testmod-RealStoneCalender":0,"conspire:GiftBox":41,"paleoftheancients:SoulOfTheWokeBloke":51,"Onion Ring":43,"CosmicIsotope":17,"StuffTheSpire:OldFever":0,"testmod-OneHitWonder":54,"Memoryfragments_purpleEX":0,"GodSword1":54,"PrismaMod:PrismaSapphire":0,"aspiration:TomeofQuesting":48,"StSpp:BoiledEgg":23,"SecretRecord":25,"Juzu Bracelet":10,"LagranYue:RareGoldArmorRelic":17,"Replay:Mystery Machine":11,"vexMod:Spyglass":5,"testmod-Charity":5,"Nunchaku":60,"Chameleon Ring":15,"testmod-InjuryResistance":44,"testmod-Alchemist":10,"testmod-Motorcycle":21,"MiniBlackHole":13,"qcfpunch:Necklace_of_Skulls":17,"halation:LettersToHer":23,"Guide Book":19,"vexMod:FocusSash":23,"testmod-Justice":0,"jedi:fakemustache":0,"Strange Spoon":41,"SynthV:TestCard":1,"halation:EternalFortune":4,"StuffTheSpire:CocoNut":58,"Bag of Marbles":46,"RuthlessExorcism:ReiMu":0,"infinitespire:BottledMercury":0,"Golden Egg":28,"StuffTheSpire:Barrel":25,"LagranYue:RandomDrawCardRelic":0,"WarlordEmblem:MantleBaku":13,"Whetstone":0,"MagicDraw4":9,"Bottled Tornado":15,"MagicDraw3":25,"MagicDraw2":21,"MagicDraw1":24,"rorgmod:The Boot":2,"MealTicket":43,"infinitespire:Golems Mask":6,"vexMod:DeviousBotling":17,"WarlordEmblem:BrokenMantle":0,"testmod-Maize":0,"Counterbalance":0,"Dota2Spire:Bloodstone":34,"AT_EbonyIvory":58,"Replay:Ancient Bell":17,"aspiration:FrozenJewel":29,"hubris:TenFootPole":42,"Technique":0,"ChiLing":0,"MetatronsCube":0,"Lantern":13,"DaveBox":0,"RoseTintedShades":14,"Bag of Preparation":0,"Replay:Multitool":10,"Shovel":8,"Dota2Spire:BladeMail":6,"AT_TrinityForce":34,"testmod-ObsoleteBoomerang":31,"halation:Toothbrush":42,"LagranYue:NewUniverseRelic":13,"hubris:GlazedTorus":46,"StuffTheSpire:TintedRock":7,"testmod-TurbochargingSystem":0,"halation:SelfBoilingWater":45,"PrismaMod:PrismaSapphireUpgrade":34,"AT_ImmortalShieldbow":37,"Busted Crown":34,"ExplosiveVial":0,"CrazyTorch:ReiMu":36,"halation:AfternoonTea":6,"PatriotShield":0,"hubris:CrystalStatue":19,"reliquary:PartyBalloon":43,"Dota2Spire:ArmletOfMordiggian":27,"AT_MibuBalloonWealth":6,"SSSystem":9,"Vajra":47,"HornCleat":42,"aspiration:ArtOfWarUpgrade":57,"Toxic Egg 2":4,"qcfpunch:Chain_With_Nametags":26,"conspire:Dentures":9,"Dota2Spire:HandOfMidas":56,"Happy Flower":2,"vexMod:ScavengeHelm":25,"Astrolabe":21,"WarlordEmblem:WuziBook":43,"Oddly Smooth Stone":50,"Replay:Kaleidoscope":23,"Letter Opener":50,"War Paint":58,"RhineCircuit":0,"paleoftheancients:Timepiece":50,"Replay:Baseball":38,"energizedSpire:NeverEndingSparkler":34,"Bronze Scales":8,"Molten Egg 2":5,"Nloth\u0027s Gift":20,"ReplayTheSpireMod:TigerMarble":0,"hubris:ToyBattleship":26,"Meat on the Bone":48,"SnailShell":40,"Dota2Spire:DrumOfEndurance":45,"Mango":19,"BrokenLever":40,"hubris:SlimyHat":30,"jedi:Pinwheel":39,"ClockworkSouvenir":0,"StuffTheSpire:Experiment12":57,"paleoftheancients:SoulOfTheGuardian":52,"jedi:cryingmask":0,"qcfpunch:Wrestler\u0027s_Cloak":6,"Gremlin Food":13,"ReplayTheSpireMod:Ninjato":58,"paleoftheancients:BlurryLens":55,"testmod-IndustrialRevolution":18,"testmod-Antiphasic":45,"vexMod:HeadHunter":4,"testmod-AssaultLearning":39},{"Replay:Accelerometer":197,"AT_ATBox":0,"ScarletDevilRocket":290,"Spirit Poop":245,"qcfpunch:Red_Beret":255,"Dota2Spire:EtherealBlade":297,"testmod-BlackFramedGlasses":0,"jedi:shrinkray":191,"Replay:Wanted Poster":291,"conspire:GlowingRock":250,"testmod-Prudence":167,"halation:PromiseList":217,"HollowMod:PaleOreRelic":287,"AT_RedTearstoneRing":287,"testmod-TestBox":167,"testmod-Register":180,"Eternal Feather":334,"Pen Nib":172,"Ling":191,"qcfpunch:Broken_Tusk":178,"StuffTheSpire:MayFlowers":171,"SentryEyes":0,"CultistMask":234,"WarlordEmblem:VoidPower":200,"Torii":187,"Singing Bowl":223,"Dota2Spire:Vanguard":240,"StuffTheSpire:GrapeVine":274,"LagranYue:MagicReflectiveArmorRelic":191,"Smiling Mask":232,"testmod-CasingShield":203,"Pet Ghost":250,"infinitespire:Bottled Soul":337,"vexMod:RedPlottingStone":178,"aspiration:FutureDiary":260,"Potion Belt":201,"halation:BottledLove":313,"hubris:64BitClover":313,"testmod-CardMagician":0,"PreservedInsect":266,"aspiration:RandomNobGenerator":269,"Boundary_crack":0,"hubris:Towel":301,"ChaoDraw":303,"halation:SwordOfLegend":366,"Dota2Spire:Butterfly":334,"Ornamental Fan":237,"Art of War":253,"SpikesRelics:DaevaFist":276,"paleoftheancients:SoulOfTheThorton":248,"AT_SunfireAegis":231,"REME_ComplimentaryCards":0,"Dota2Spire:MaskOfMadness":248,"Chi":191,"HalfPhantom":313,"Dota2Spire:ShadowBlade":299,"StSpp:GiftCard":358,"HollowMod:StagPassRelic":170,"RedLine:ReiMu":354,"Sozu":339,"Prayer Wheel":180,"Iron Hammer":167,"qcfpunch:Handcuffs":263,"LugNut":199,"paleoftheancients:KeyRelic":245,"ReplayTheSpireMod:CursedCoin":204,"StuffTheSpire:ForceGauntlet":206,"vexMod:PaidLearning":330,"halation:Thesaurus":313,"testmod-RealStoneCalender":167,"conspire:GiftBox":185,"paleoftheancients:SoulOfTheWokeBloke":340,"Onion Ring":186,"CosmicIsotope":322,"StuffTheSpire:OldFever":167,"testmod-OneHitWonder":248,"Memoryfragments_purpleEX":0,"GodSword1":311,"PrismaMod:PrismaSapphire":0,"aspiration:TomeofQuesting":244,"StSpp:BoiledEgg":325,"SecretRecord":264,"Juzu Bracelet":319,"LagranYue:RareGoldArmorRelic":227,"Replay:Mystery Machine":255,"vexMod:Spyglass":253,"testmod-Charity":284,"Nunchaku":282,"Chameleon Ring":199,"testmod-InjuryResistance":214,"testmod-Alchemist":350,"testmod-Motorcycle":229,"MiniBlackHole":172,"qcfpunch:Necklace_of_Skulls":227,"halation:LettersToHer":295,"Guide Book":201,"vexMod:FocusSash":177,"testmod-Justice":0,"jedi:fakemustache":191,"Strange Spoon":334,"SynthV:TestCard":219,"halation:EternalFortune":284,"StuffTheSpire:CocoNut":342,"Bag of Marbles":188,"RuthlessExorcism:ReiMu":250,"infinitespire:BottledMercury":283,"Golden Egg":327,"StuffTheSpire:Barrel":178,"LagranYue:RandomDrawCardRelic":167,"WarlordEmblem:MantleBaku":172,"Whetstone":191,"MagicDraw4":223,"Bottled Tornado":258,"MagicDraw3":360,"MagicDraw2":201,"MagicDraw1":202,"rorgmod:The Boot":344,"MealTicket":242,"infinitespire:Golems Mask":347,"vexMod:DeviousBotling":173,"WarlordEmblem:BrokenMantle":167,"testmod-Maize":0,"Counterbalance":343,"Dota2Spire:Bloodstone":236,"AT_EbonyIvory":249,"Replay:Ancient Bell":227,"aspiration:FrozenJewel":360,"hubris:TenFootPole":272,"Technique":0,"ChiLing":191,"MetatronsCube":0,"Lantern":320,"DaveBox":0,"RoseTintedShades":353,"Bag of Preparation":167,"Replay:Multitool":224,"Shovel":197,"Dota2Spire:BladeMail":222,"AT_TrinityForce":329,"testmod-ObsoleteBoomerang":235,"halation:Toothbrush":214,"LagranYue:NewUniverseRelic":172,"hubris:GlazedTorus":306,"StuffTheSpire:TintedRock":222,"testmod-TurbochargingSystem":283,"halation:SelfBoilingWater":215,"PrismaMod:PrismaSapphireUpgrade":181,"AT_ImmortalShieldbow":237,"Busted Crown":207,"ExplosiveVial":218,"CrazyTorch:ReiMu":237,"halation:AfternoonTea":196,"PatriotShield":313,"hubris:CrystalStatue":323,"reliquary:PartyBalloon":366,"Dota2Spire:ArmletOfMordiggian":265,"AT_MibuBalloonWealth":285,"SSSystem":349,"Vajra":368,"HornCleat":242,"aspiration:ArtOfWarUpgrade":281,"Toxic Egg 2":169,"qcfpunch:Chain_With_Nametags":296,"conspire:Dentures":170,"Dota2Spire:HandOfMidas":281,"Happy Flower":344,"vexMod:ScavengeHelm":326,"Astrolabe":229,"WarlordEmblem:WuziBook":214,"Oddly Smooth Stone":339,"Replay:Kaleidoscope":202,"Letter Opener":245,"War Paint":312,"RhineCircuit":0,"paleoftheancients:Timepiece":245,"Replay:Baseball":183,"energizedSpire:NeverEndingSparkler":362,"Bronze Scales":318,"Molten Egg 2":169,"Nloth\u0027s Gift":229,"ReplayTheSpireMod:TigerMarble":250,"hubris:ToyBattleship":264,"Meat on the Bone":308,"SnailShell":271,"Dota2Spire:DrumOfEndurance":274,"Mango":292,"BrokenLever":365,"hubris:SlimyHat":327,"jedi:Pinwheel":271,"ClockworkSouvenir":313,"StuffTheSpire:Experiment12":249,"paleoftheancients:SoulOfTheGuardian":247,"jedi:cryingmask":283,"qcfpunch:Wrestler\u0027s_Cloak":317,"Gremlin Food":256,"ReplayTheSpireMod:Ninjato":312,"paleoftheancients:BlurryLens":281,"testmod-IndustrialRevolution":323,"testmod-Antiphasic":243,"vexMod:HeadHunter":194,"testmod-AssaultLearning":333},{"Replay:Accelerometer":746,"AT_ATBox":0,"ScarletDevilRocket":1036,"Spirit Poop":909,"qcfpunch:Red_Beret":944,"Dota2Spire:EtherealBlade":1054,"testmod-BlackFramedGlasses":0,"jedi:shrinkray":734,"Replay:Wanted Poster":1039,"conspire:GlowingRock":932,"testmod-Prudence":641,"halation:PromiseList":816,"HollowMod:PaleOreRelic":1032,"AT_RedTearstoneRing":1032,"testmod-TestBox":641,"testmod-Register":691,"Eternal Feather":1137,"Pen Nib":661,"Ling":734,"qcfpunch:Broken_Tusk":686,"StuffTheSpire:MayFlowers":656,"SentryEyes":0,"CultistMask":873,"WarlordEmblem:VoidPower":762,"Torii":719,"Singing Bowl":834,"Dota2Spire:Vanguard":889,"StuffTheSpire:GrapeVine":997,"LagranYue:MagicReflectiveArmorRelic":734,"Smiling Mask":865,"testmod-CasingShield":770,"Pet Ghost":932,"infinitespire:Bottled Soul":1140,"vexMod:RedPlottingStone":686,"aspiration:FutureDiary":960,"Potion Belt":764,"halation:BottledLove":1102,"hubris:64BitClover":1102,"testmod-CardMagician":0,"PreservedInsect":975,"aspiration:RandomNobGenerator":985,"Boundary_crack":0,"hubris:Towel":1066,"ChaoDraw":1070,"halation:SwordOfLegend":1183,"Dota2Spire:Butterfly":1137,"Ornamental Fan":883,"Art of War":940,"SpikesRelics:DaevaFist":1001,"paleoftheancients:SoulOfTheThorton":919,"AT_SunfireAegis":862,"REME_ComplimentaryCards":0,"Dota2Spire:MaskOfMadness":919,"Chi":734,"HalfPhantom":1102,"Dota2Spire:ShadowBlade":1062,"StSpp:GiftCard":1171,"HollowMod:StagPassRelic":653,"RedLine:ReiMu":1167,"Sozu":1144,"Prayer Wheel":691,"Iron Hammer":641,"qcfpunch:Handcuffs":968,"LugNut":751,"paleoftheancients:KeyRelic":909,"ReplayTheSpireMod:CursedCoin":776,"StuffTheSpire:ForceGauntlet":780,"vexMod:PaidLearning":1131,"halation:Thesaurus":1102,"testmod-RealStoneCalender":641,"conspire:GiftBox":710,"paleoftheancients:SoulOfTheWokeBloke":1146,"Onion Ring":714,"CosmicIsotope":1115,"StuffTheSpire:OldFever":641,"testmod-OneHitWonder":919,"Memoryfragments_purpleEX":0,"GodSword1":1094,"PrismaMod:PrismaSapphire":0,"aspiration:TomeofQuesting":905,"StSpp:BoiledEgg":1120,"SecretRecord":971,"Juzu Bracelet":1112,"LagranYue:RareGoldArmorRelic":850,"Replay:Mystery Machine":944,"vexMod:Spyglass":940,"testmod-Charity":1027,"Nunchaku":1020,"Chameleon Ring":751,"testmod-InjuryResistance":803,"testmod-Alchemist":1162,"testmod-Motorcycle":854,"MiniBlackHole":661,"qcfpunch:Necklace_of_Skulls":850,"halation:LettersToHer":1047,"Guide Book":764,"vexMod:FocusSash":682,"testmod-Justice":0,"jedi:fakemustache":734,"Strange Spoon":1137,"SynthV:TestCard":823,"halation:EternalFortune":1027,"StuffTheSpire:CocoNut":1149,"Bag of Marbles":723,"RuthlessExorcism:ReiMu":932,"infinitespire:BottledMercury":1026,"Golden Egg":1125,"StuffTheSpire:Barrel":686,"LagranYue:RandomDrawCardRelic":641,"WarlordEmblem:MantleBaku":661,"Whetstone":734,"MagicDraw4":834,"Bottled Tornado":951,"MagicDraw3":1176,"MagicDraw2":764,"MagicDraw1":768,"rorgmod:The Boot":1153,"MealTicket":898,"infinitespire:Golems Mask":1158,"vexMod:DeviousBotling":666,"WarlordEmblem:BrokenMantle":641,"testmod-Maize":0,"Counterbalance":1152,"Dota2Spire:Bloodstone":881,"AT_EbonyIvory":925,"Replay:Ancient Bell":850,"aspiration:FrozenJewel":1176,"hubris:TenFootPole":993,"Technique":0,"ChiLing":734,"MetatronsCube":0,"Lantern":1113,"DaveBox":0,"RoseTintedShades":1166,"Bag of Preparation":641,"Replay:Multitool":838,"Shovel":746,"Dota2Spire:BladeMail":832,"AT_TrinityForce":1130,"testmod-ObsoleteBoomerang":877,"halation:Toothbrush":803,"LagranYue:NewUniverseRelic":661,"hubris:GlazedTorus":1081,"StuffTheSpire:TintedRock":832,"testmod-TurbochargingSystem":1026,"halation:SelfBoilingWater":810,"PrismaMod:PrismaSapphireUpgrade":696,"AT_ImmortalShieldbow":883,"Busted Crown":785,"ExplosiveVial":821,"CrazyTorch:ReiMu":883,"halation:AfternoonTea":743,"PatriotShield":1102,"hubris:CrystalStatue":1117,"reliquary:PartyBalloon":1183,"Dota2Spire:ArmletOfMordiggian":974,"AT_MibuBalloonWealth":1029,"SSSystem":1161,"Vajra":1185,"HornCleat":898,"aspiration:ArtOfWarUpgrade":1018,"Toxic Egg 2":648,"qcfpunch:Chain_With_Nametags":1052,"conspire:Dentures":653,"Dota2Spire:HandOfMidas":1018,"Happy Flower":1153,"vexMod:ScavengeHelm":1122,"Astrolabe":854,"WarlordEmblem:WuziBook":803,"Oddly Smooth Stone":1144,"Replay:Kaleidoscope":768,"Letter Opener":909,"War Paint":1098,"RhineCircuit":0,"paleoftheancients:Timepiece":909,"Replay:Baseball":700,"energizedSpire:NeverEndingSparkler":1178,"Bronze Scales":1109,"Molten Egg 2":648,"Nloth\u0027s Gift":854,"ReplayTheSpireMod:TigerMarble":932,"hubris:ToyBattleship":971,"Meat on the Bone":1085,"SnailShell":989,"Dota2Spire:DrumOfEndurance":997,"Mango":1040,"BrokenLever":1182,"hubris:SlimyHat":1125,"jedi:Pinwheel":989,"ClockworkSouvenir":1102,"StuffTheSpire:Experiment12":925,"paleoftheancients:SoulOfTheGuardian":917,"jedi:cryingmask":1026,"qcfpunch:Wrestler\u0027s_Cloak":1108,"Gremlin Food":945,"ReplayTheSpireMod:Ninjato":1098,"paleoftheancients:BlurryLens":1018,"testmod-IndustrialRevolution":1117,"testmod-Antiphasic":901,"vexMod:HeadHunter":740,"testmod-AssaultLearning":1135}]},"card_choices":[{"not_picked":["StateErode_purple","Realm_recovery_purpleEX","Umbrella_purple"],"picked":"SKIP","floor":1.0},{"not_picked":["DimensionStaggered_purple","OpenedBox_purple","SharpContractionReality_purple","StateErode_purple"],"picked":"WeekHit_purple","floor":3.0},{"not_picked":["WorldDissolvedintheRealm_purple","RealityDreamConfluencek_purple","ExistenceContinue_purple","SharpContractionReality_purple"],"picked":"Worldmountain_purple","floor":4.0},{"not_picked":["EighthInstrument_OneDividesIntoTwo_purple","Human_Monster_Realm_purple","WorldDissolvedintheRealm_purple","ExternalForce_HighSpeedFlying_purple"],"picked":"Erosivefilter_purple","floor":5.0},{"not_picked":["ExistenceContinue_purple","DimensionStaggered_purple","SfantasyHide_purple","Umbrella_purple","WatchEChange_purple"],"picked":"SKIP","floor":6.0},{"not_picked":["Anti_communist_purple","Worldmountain_purple","Umbrella_purple","ExistenceContinue_purple","Mirror_FormAndEmptin_purple"],"picked":"SKIP","floor":7.0},{"not_picked":["OmniscientAndOmnipotent_Monster_purple","WeekHit_purple","Price_of_realm_purpleEX","Yakumo_Ran_purple"],"picked":"AdvanceAttack_purple","floor":8.0},{"not_picked":["StateErode_purple","Worldmountain_purple","WingOfChimera_purple","DarkRealmRedLine_purple","RuleDissolution_purple"],"picked":"SKIP","floor":10.0},{"not_picked":["StateErode_purple","Worldmountain_purple","WingOfChimera_purple","DarkRealmRedLine_purple","RuleDissolution_purple"],"picked":"SKIP","floor":10.0},{"not_picked":["MeetDecomposer_purple","WorldDissolvedintheRealm_purple","Mirror_Drifter_purple","Extrememeaning_purpleEX","MNeedle_purple"],"picked":"SKIP","floor":11.0},{"not_picked":["Worldmountain_purple","OmniscientAndOmnipotent_Monster_purple","Realm_recovery_purpleEX","StateErode_purple","ExternalForce_HighSpeedFlying_purple"],"picked":"SKIP","floor":13.0},{"not_picked":["Umbrella_purple","Boundary_DreamRealityDamnation_purple","Boundary_LightAndDark_purple","Extrememeaning_purpleEX","Boundary_of_Extermination_purpleEX"],"picked":"SKIP","floor":14.0},{"not_picked":["WangLiang_LineAndCurveDreams_purple","Monsters_DoubleDeathButterfly_purple","ProofOfUnderstanding_purple","Price_of_realm_purpleEX"],"picked":"Boundary_LifeAndDeath_purple","floor":16.0},{"not_picked":["RuleDissolution_purple","StateDuplicate_purple","Worldmountain_purple","StretchesForeverDream_purple","StateErode_purple"],"picked":"SKIP","floor":18.0},{"not_picked":["WasteWire_Metro_purple","Worldmountain_purple","Photoelasticity_Doppler_Effect_purple","PurpleNeedle_purple+1","Shallow_ocean_purpleEX"],"picked":"SKIP","floor":19.0},{"not_picked":["Shallow_ocean_purpleEX","RuleDissolution_purple","MeetDecomposer_purple+1","StateDuplicate_purple","Charmbait_purple"],"picked":"SKIP","floor":21.0},{"not_picked":["Mirror_FormAndEmptin_purple","Extrememeaning_purpleEX","MNeedle_purple","Theboundaryofcreation_purpleEX","CommonSense_AntiCommonSense_purple"],"picked":"SKIP","floor":23.0},{"not_picked":["MeetDecomposer_purple","PositiveMatter_Antimatter_Universe_purple","Mirror_FormAndEmptin_purple","EighthInstrument_OneDividesIntoTwo_purple","ExternalForce_HighSpeedFlying_purple"],"picked":"SKIP","floor":24.0},{"not_picked":["MNeedle_purple+1","Realm_recovery_purpleEX","MeetDecomposer_purple+1","EighthInstrument_OneDividesIntoTwo_purple","Worldmountain_purple+1"],"picked":"SKIP","floor":25.0},{"not_picked":["AdvanceAttack_purple+1","Boundary_LifeAndDeath_purple","SfantasyHide_purple","Shallow_ocean_purpleEX","Line_surface_state_purple+1"],"picked":"SKIP","floor":31.0},{"not_picked":["ExistenceContinue_purple+1","SharpContractionReality_purple+1","SfantasyHide_purple+1","Mirror_FourBoundary_purple"],"picked":"StretchesForeverDream_purple+1","floor":35.0},{"not_picked":["ExistenceContinue_purple+1","StateDuplicate_purple","Charmbait_purple","MeetDecomposer_purple"],"picked":"DimensionStaggered_purple+1","floor":36.0},{"not_picked":["Line_surface_state_purple","WorldDissolvedintheRealm_purple","AdvanceAttack_purple+1","Boundary_DreamRealityDamnation_purple+1","Boundary_DynamicStaticEquilibrium_purple"],"picked":"Singing Bowl","floor":40.0},{"not_picked":["Charmbait_purple+1","Photoelasticity_Doppler_Effect_purple","PositiveMatter_Antimatter_Universe_purple+1","Boundary_LightAndDark_purple","Boundary_DreamRealityDamnation_purple"],"picked":"Singing Bowl","floor":42.0},{"not_picked":["StateDuplicate_purple","Charmbait_purple+1","OmniscientAndOmnipotent_Monster_purple+1","RealityDreamConfluencek_purple","RuptureOfTimeAndSpace_purple+1"],"picked":"Singing Bowl","floor":46.0},{"not_picked":["Mirror_Drifter_purple+1","Mirror_TwoAndThreeElementRealm_purple","MeetDecomposer_purple+1","Mirror_FourBoundary_purple","RuleDissolution_purple+1"],"picked":"Singing Bowl","floor":47.0},{"not_picked":["Mirror_WaveAndshot_purple+1","SfantasyHide_purple","ExistenceContinue_purple","Photoelasticity_Doppler_Effect_purple","CommonSense_AntiCommonSense_purple+1"],"picked":"Singing Bowl","floor":48.0},{"not_picked":["Bait_HighSpeedFlying_purple","Realm_recovery_purpleEX+1","Erosivefilter_purple","WingOfChimera_purple+1","StateErode_purple"],"picked":"Singing Bowl","floor":49.0}],"player_experience":1379121,"relics_obtained":[{"floor":1.0,"key":"SynthV:TestCard"},{"floor":3.0,"key":"AT_EbonyIvory"},{"floor":6.0,"key":"infinitespire:Golems Mask"},{"floor":8.0,"key":"ReplayTheSpireMod:Ninjato"},{"floor":9.0,"key":"SSSystem"},{"floor":10.0,"key":"testmod-Alchemist"},{"floor":14.0,"key":"RoseTintedShades"},{"floor":23.0,"key":"StSpp:GiftCard"},{"floor":25.0,"key":"MagicDraw3"},{"floor":26.0,"key":"qcfpunch:Broken_Tusk"},{"floor":40.0,"key":"BrokenLever"},{"floor":43.0,"key":"reliquary:PartyBalloon"},{"floor":47.0,"key":"Vajra"}],"event_choices":[{"cards_removed":["ReplayTheSpireMod:Splinters"],"damage_healed":0.0,"max_hp_gain":0.0,"max_hp_loss":0.0,"gold_gain":0.0,"event_name":"Beggar","player_choice":"Gave Gold","floor":20.0,"gold_loss":75.0,"damage_taken":0.0},{"damage_healed":0.0,"max_hp_gain":0.0,"max_hp_loss":0.0,"gold_gain":0.0,"event_name":"The Woman in Blue","player_choice":"Bought 0 Potions","floor":22.0,"gold_loss":0.0,"damage_taken":0.0},{"damage_healed":20.0,"max_hp_gain":0.0,"max_hp_loss":0.0,"gold_gain":0.0,"event_name":"Winding Halls","player_choice":"Writhe","floor":38.0,"gold_loss":0.0,"damage_taken":0.0,"cards_obtained":["Writhe"]},{"damage_healed":0.0,"max_hp_gain":0.0,"max_hp_loss":0.0,"gold_gain":0.0,"event_name":"Mysterious Sphere","player_choice":"Fight","floor":49.0,"gold_loss":0.0,"damage_taken":0.0}],"is_beta":false,"boss_relics":[{"not_picked":["hubris:ScarierMask","REME_DemonsWealth"],"picked":"RedLine:ReiMu"},{"not_picked":["testmod-Fanaticism","StSpp:Magatama"],"picked":"energizedSpire:NeverEndingSparkler"}],"items_purged_floors":[0,0,0,0,2,27,29,37,39],"is_endless":false,"potions_floor_spawned":[4,6,10,11,14,19,21,24,33,35,42,46,47],"ascension_level":4,"is_humility":true}}