{"host":"dl909bjyolgrn2uw","time":1613493409,"event":{"mods":["2.2 Compatiblity","BaseMod","Bestiary","Better Altar","Better Note","Better Sensory Stone","Better Skull","Better Third Choice","Better Vampires","Better-Laid Plans","BetterRewards","Colored Powertips","Curses Come First","Disable Question Mark Monsters","Displayed Cursed Tome","Emptier Cage","Minty Spire (QoL Compilation)","Morshu Shopkeeper","Permanent Neow","Rare Cards Sparkle","Relic Stats","Shop Mod","Spicy Shops","StSLib","SuperFastMode","Transform Curses"],"gold_per_floor":[115,126,136,56,72,98,98,98,98,113,113,113,113,130,130,201,201,211,222,233,17,37,67,77,77,77,77,105,138,138,238,238,310,310,325,344,344,391,613,646,417,450,450,493,505,101,101,111,111,111],"floor_reached":51,"language":"ENG","playtime":4554,"items_purged":["Strike_B","Defend_B"],"score":1528,"play_id":"0ffc5a79-cec3-4161-a469-f67e96263cbc","local_time":"20210216103649","is_ascension_mode":true,"campfire_choices":[{"floor":7.0,"key":"REST"},{"data":"Defragment","floor":13.0,"key":"SMITH"},{"data":"Coolheaded","floor":15.0,"key":"SMITH"},{"floor":25,"key":"REST"},{"data":"Buffer","floor":27,"key":"SMITH"},{"floor":30,"key":"REST"},{"floor":32,"key":"REST"},{"data":"Defragment","floor":47,"key":"SMITH"},{"data":"Capacitor","floor":49,"key":"SMITH"}],"circlet_count":0,"master_deck":["AscendersBane","Defend_B","Defend_B","Defend_B","Zap","Dualcast","Streamline","Ball Lightning","Coolheaded+1","Defragment+1","Core Surge","Auto Shields","Buffer+1","Hologram","Apotheosis","Leap+1","Hologram","Electrodynamics","Capacitor+1","Meteor Strike","Coolheaded","Capacitor+1","Heatsinks","Defragment","Coolheaded+1","Glacier","Defragment+1","Force Field"],"relics":["Snecko Eye","Bronze Scales","DataDisk","Cables","Empty Cage","Darkstone Periapt","Blue Candle","Red Mask","Meat on the Bone","Turnip","HornCleat","Coffee Dripper","Gambling Chip","WingedGreaves","Orrery","Pantograph","MawBank","StrikeDummy","Omamori"],"acts_visited":["Exordium","TheCity","TheBeyond"],"potions_floor_usage":[24,29,35,38,50,50,50],"damage_taken":[{"damage":1.0,"enemies":"Cultist","floor":1.0,"turns":4.0},{"damage":7.0,"enemies":"Jaw Worm","floor":2.0,"turns":3.0},{"damage":3.0,"enemies":"2 Louse","floor":3.0,"turns":3.0},{"damage":23.0,"enemies":"Gremlin Gang","floor":5.0,"turns":5.0},{"damage":22.0,"enemies":"Lagavulin","floor":6.0,"turns":6.0},{"damage":9.0,"enemies":"3 Louse","floor":10.0,"turns":2.0},{"damage":0.0,"enemies":"Looter","floor":14.0,"turns":3.0},{"damage":9.0,"enemies":"Hexaghost","floor":16.0,"turns":7.0},{"damage":0.0,"enemies":"Chosen","floor":18.0,"turns":5.0},{"damage":5.0,"enemies":"3 Byrds","floor":19.0,"turns":4.0},{"damage":27.0,"enemies":"Centurion and Healer","floor":20.0,"turns":11.0},{"damage":0.0,"enemies":"3 Cultists","floor":22.0,"turns":4.0},{"damage":14.0,"enemies":"Slavers","floor":23.0,"turns":2.0},{"damage":0,"enemies":"Snake Plant","floor":24,"turns":4},{"damage":8,"enemies":"Masked Bandits","floor":28,"turns":4},{"damage":0,"enemies":"Book of Stabbing","floor":29,"turns":8},{"damage":17,"enemies":"Colosseum Slavers","floor":31,"turns":3},{"damage":4,"enemies":"Colosseum Nobs","floor":31,"turns":3},{"damage":19,"enemies":"Collector","floor":33,"turns":9},{"damage":11,"enemies":"3 Darklings","floor":35,"turns":3},{"damage":0,"enemies":"Orb Walker","floor":36,"turns":3},{"damage":7,"enemies":"2 Orb Walkers","floor":38,"turns":4},{"damage":0,"enemies":"Giant Head","floor":40,"turns":9},{"damage":2,"enemies":"Nemesis","floor":42,"turns":9},{"damage":0,"enemies":"Giant Head","floor":44,"turns":15},{"damage":0,"enemies":"Writhing Mass","floor":48,"turns":7},{"damage":0,"enemies":"Awakened One","floor":50,"turns":11}],"seed_played":"9062869600330337501","potions_obtained":[{"floor":2.0,"key":"Strength Potion"},{"floor":3.0,"key":"SkillPotion"},{"floor":10.0,"key":"Dexterity Potion"},{"floor":16.0,"key":"Swift Potion"},{"floor":18.0,"key":"PowerPotion"},{"floor":23.0,"key":"SkillPotion"},{"floor":28,"key":"FocusPotion"},{"floor":33,"key":"ColorlessPotion"},{"floor":35,"key":"LiquidMemories"},{"floor":36,"key":"Weak Potion"}],"is_trial":false,"path_per_floor":["M","M","M","$","M","E","R","?","T","M","T","?","R","M","R","B",null,"M","M","M","$","M","E","M","R","T","R","?","E","R","?","R","B",null,"M","M","?","?","?","E","$","E","T","E","T","$","R","M","R","B",null],"character_chosen":"DEFECT","items_purchased":["Defragment","Apotheosis","FocusPotion","Orrery","EssenceOfDarkness","Force Field","DuplicationPotion"],"campfire_rested":4,"item_purchase_floors":[4,21,21,41,46,46,46],"current_hp_per_floor":[63,56,53,53,30,8,29,29,29,20,20,20,20,20,20,11,56,56,51,24,24,24,10,10,31,31,31,23,23,44,47,68,49,66,55,55,55,48,48,48,48,46,46,46,46,46,46,46,46,67],"gold":111,"neow_bonus":"BOSS_RELIC","is_daily":false,"chose_seed":false,"campfire_upgraded":5,"win_rate":0.0,"timestamp":1613493409,"path_taken":["M","M","M","$","M","E","R","?","T","M","?","?","R","M","R","BOSS","M","M","M","$","?","E","M","R","T","R","?","E","R","?","R","BOSS","M","M","?","?","?","E","$","E","T","E","?","$","R","?","R","BOSS"],"items_purchased_type":["Card","Card","Potion","Relic","Potion","Card","Potion"],"build_version":"2020-12-22","purchased_purges":2,"victory":true,"max_hp_per_floor":[71,71,71,71,71,71,71,71,71,71,71,71,71,71,71,71,71,71,71,71,71,71,71,71,71,71,71,71,71,71,71,71,71,71,71,71,67,67,67,67,67,67,67,67,67,67,67,67,67,67],"relic_stats":{"Darkstone Periapt":0,"counters":[27,151],"Bronze Scales":[470],"Blue Candle":[0],"Gambling Chip":[21],"Pantograph":21,"Snecko Eye":[278,295,306,294],"Turnip":[3],"MawBank":36,"obtain_stats":[{"Darkstone Periapt":23,"Blue Candle":26,"Omamori":45,"Empty Cage":17,"MawBank":43,"Cables":11,"DataDisk":9,"HornCleat":31,"Bronze Scales":6,"Gambling Chip":38,"Pantograph":42,"Snecko Eye":0,"Orrery":41,"Turnip":31,"WingedGreaves":40,"Red Mask":28,"Coffee Dripper":34,"Cracked Core":0,"StrikeDummy":44,"Meat on the Bone":29},{"Darkstone Periapt":13,"Blue Candle":14,"Omamori":25,"Empty Cage":8,"MawBank":24,"Cables":6,"DataDisk":5,"HornCleat":18,"Bronze Scales":5,"Gambling Chip":22,"Pantograph":24,"Snecko Eye":0,"Orrery":23,"Turnip":18,"WingedGreaves":23,"Red Mask":15,"Coffee Dripper":19,"Cracked Core":0,"StrikeDummy":25,"Meat on the Bone":16},{"Darkstone Periapt":59,"Blue Candle":63,"Omamori":133,"Empty Cage":33,"MawBank":118,"Cables":23,"DataDisk":21,"HornCleat":81,"Bronze Scales":21,"Gambling Chip":100,"Pantograph":118,"Snecko Eye":0,"Orrery":109,"Turnip":81,"WingedGreaves":109,"Red Mask":67,"Coffee Dripper":90,"Cracked Core":0,"StrikeDummy":133,"Meat on the Bone":75}],"Cables":[113,35,62,10,6],"Meat on the Bone":24},"card_choices":[{"not_picked":["Lockon","Double Energy"],"picked":"Streamline","floor":1.0},{"not_picked":["Compile Driver","Turbo"],"picked":"Ball Lightning","floor":2.0},{"not_picked":["Chaos","Redo"],"picked":"Coolheaded","floor":3.0},{"not_picked":["Steam","White Noise","Go for the Eyes"],"picked":"SKIP","floor":5.0},{"not_picked":["Hologram","Seek"],"picked":"Core Surge","floor":6.0},{"not_picked":["Stack","Steam Power","Sweeping Beam"],"picked":"SKIP","floor":10.0},{"not_picked":["White Noise","Hologram"],"picked":"Auto Shields","floor":14.0},{"not_picked":["Core Surge","Rainbow"],"picked":"Buffer","floor":16.0},{"not_picked":["Cold Snap","Leap"],"picked":"Hologram","floor":18.0},{"not_picked":["Doom and Gloom","Fusion","Rebound"],"picked":"SKIP","floor":19.0},{"not_picked":["Sweeping Beam","Gash","Hologram"],"picked":"SKIP","floor":20.0},{"not_picked":["BootSequence+1","Tempest"],"picked":"Leap+1","floor":22.0},{"not_picked":["Rip and Tear","Doom and Gloom","BootSequence"],"picked":"SKIP","floor":23.0},{"not_picked":["Sweeping Beam","Chaos"],"picked":"Hologram","floor":24},{"not_picked":["White Noise","Cold Snap"],"picked":"Electrodynamics","floor":28},{"not_picked":["Rebound","Beam Cell"],"picked":"Capacitor","floor":29},{"not_picked":["Core Surge","Machine Learning"],"picked":"Meteor Strike","floor":33},{"not_picked":["Cold Snap+1","Hologram"],"picked":"Coolheaded","floor":35},{"not_picked":["Double Energy","Stack"],"picked":"Capacitor+1","floor":36},{"not_picked":["Rebound+1","Blizzard+1"],"picked":"Heatsinks","floor":38},{"not_picked":["Cold Snap","Buffer"],"picked":"Defragment","floor":40},{"not_picked":["Ball Lightning+1","Machine Learning"],"picked":"Coolheaded+1","floor":41},{"not_picked":["Streamline+1","Auto Shields+1"],"picked":"Glacier","floor":41},{"not_picked":["Turbo","Loop"],"picked":"Defragment","floor":41},{"not_picked":["Conserve Battery","Static Discharge","White Noise"],"picked":"SKIP","floor":42},{"not_picked":["Hologram+1","Barrage+1","Cold Snap"],"picked":"SKIP","floor":44},{"not_picked":["Turbo","Hyperbeam","Streamline"],"picked":"SKIP","floor":48}],"player_experience":447580,"relics_obtained":[{"floor":6.0,"key":"Bronze Scales"},{"floor":9.0,"key":"DataDisk"},{"floor":11.0,"key":"Cables"},{"floor":23.0,"key":"Darkstone Periapt"},{"floor":26,"key":"Blue Candle"},{"floor":28,"key":"Red Mask"},{"floor":29,"key":"Meat on the Bone"},{"floor":31,"key":"Turnip"},{"floor":31,"key":"HornCleat"},{"floor":38,"key":"Gambling Chip"},{"floor":40,"key":"WingedGreaves"},{"floor":42,"key":"Pantograph"},{"floor":43,"key":"MawBank"},{"floor":44,"key":"StrikeDummy"},{"floor":45,"key":"Omamori"}],"event_choices":[{"damage_healed":29.0,"max_hp_gain":0.0,"max_hp_loss":71.0,"gold_gain":0.0,"event_name":"betterThird:BetterShining","player_choice":"Leave","floor":8.0,"gold_loss":0.0,"damage_taken":0.0},{"damage_healed":0.0,"max_hp_gain":0.0,"max_hp_loss":0.0,"gold_gain":0.0,"event_name":"FaceTrader","player_choice":"Leave","floor":12.0,"gold_loss":0.0,"damage_taken":0.0},{"damage_healed":0,"gold_gain":0,"player_choice":"Fought Bandits","damage_taken":0,"max_hp_gain":0,"max_hp_loss":0,"event_name":"Masked Bandits","floor":28,"gold_loss":0},{"damage_healed":0,"gold_gain":0,"player_choice":"Fight","damage_taken":0,"max_hp_gain":0,"max_hp_loss":0,"event_name":"Colosseum","floor":31,"gold_loss":0},{"damage_healed":0,"gold_gain":0,"player_choice":"Fought Nobs","damage_taken":0,"max_hp_gain":0,"max_hp_loss":0,"event_name":"Colosseum","floor":31,"gold_loss":0},{"damage_healed":0,"gold_gain":0,"player_choice":"Max HP","damage_taken":0,"max_hp_gain":0,"max_hp_loss":4,"event_name":"Winding Halls","floor":37,"gold_loss":0},{"damage_healed":0,"gold_gain":0,"player_choice":"Fight","damage_taken":0,"max_hp_gain":0,"max_hp_loss":0,"event_name":"Mysterious Sphere","floor":38,"gold_loss":0},{"damage_healed":0,"gold_gain":222,"player_choice":"Wore Mask","damage_taken":0,"max_hp_gain":0,"max_hp_loss":0,"event_name":"Tomb of Lord Red Mask","floor":39,"gold_loss":0}],"is_beta":false,"boss_relics":[{"not_picked":["Ectoplasm","Inserter"],"picked":"Empty Cage"},{"not_picked":["Nuclear Battery","Runic Pyramid"],"picked":"Coffee Dripper"}],"items_purged_floors":[41,46],"is_endless":false,"potions_floor_spawned":[2,3,10,16,18,23,28,31,33,35,36],"ascension_level":15}}