{"host":"hrvs05np4ys7itky","time":1613444928,"event":{"mods":["BaseMod","Colored Map","Colored Powertips","Downfall","Emptier Cage","Hermit","Highlight Path","Minty Spire (QoL Compilation)","Permanent Neow","Rare Cards Sparkle","Relic Stats","StSLib","everything is the same but u backflip on backflip"],"gold_per_floor":[10,27,42,55,74,74,85,118,183,223,235,247,293,328,340,441,453,484,411,51,51,70,70,70,105,105,105,105,105,129,167,167,265,265,283,308,641,641,661,661,673,70,70,97,113,113,13,27,27,27,27,27,27,58,58,58],"floor_reached":55,"language":"ENG","playtime":3164,"items_purged":["Strike_B","Defend_B+1"],"score":1478,"play_id":"d672bbd3-3c12-45da-87e9-cc5d4365aefd","local_time":"20210215220848","is_ascension_mode":true,"campfire_choices":[{"data":"Zap","floor":6.0,"key":"SMITH"},{"data":"White Noise","floor":11.0,"key":"SMITH"},{"data":"Consume","floor":15,"key":"SMITH"},{"data":"White Noise","floor":23,"key":"SMITH"},{"data":"Barrage","floor":27,"key":"SMITH"},{"data":"Seek","floor":29,"key":"SMITH"},{"data":"Defragment","floor":32,"key":"SMITH"},{"data":"Coolheaded","floor":40,"key":"SMITH"},{"floor":49,"key":"RECALL"},{"data":"Echo Form","floor":52,"key":"SMITH"}],"circlet_count":0,"master_deck":["AscendersBane","Defend_B+1","Defend_B+1","Zap+1","Dualcast","Barrage+1","Glacier","Electrodynamics","White Noise+1","Conserve Battery","Conserve Battery","White Noise+1","Consume+1","Reboot","Force Field","Double Energy","Chill","Static Discharge","Seek+1","Coolheaded+1","Defragment+1","Echo Form+1","Ball Lightning+1","Defragment+1","Machine Learning","Coolheaded+1"],"relics":["Cracked Core","MawBank","Lantern","Symbiotic Virus","Eternal Feather","DataDisk","Inserter","Juzu Bracelet","MealTicket","Mummified Hand","Meat on the Bone","Du-Vu Doll","Runic Dome","Gambling Chip","Sling","Anchor","Blue Candle","Centennial Puzzle"],"acts_visited":["Exordium","TheCity","TheBeyond","TheEnding"],"potions_floor_usage":[25,33,50,55],"damage_taken":[{"damage":1.0,"enemies":"Cultist","floor":1.0,"turns":4.0},{"damage":4.0,"enemies":"Small Slimes","floor":2.0,"turns":3.0},{"damage":1.0,"enemies":"Jaw Worm","floor":3.0,"turns":3.0},{"damage":1.0,"enemies":"2 Fungi Beasts","floor":4.0,"turns":2.0},{"damage":4.0,"enemies":"Exordium Wildlife","floor":5.0,"turns":3.0},{"damage":2.0,"enemies":"Large Slime","floor":7.0,"turns":4.0},{"damage":14.0,"enemies":"Gremlin Nob","floor":8.0,"turns":4.0},{"damage":5.0,"enemies":"Lagavulin","floor":10.0,"turns":10.0},{"damage":11,"enemies":"Gremlin Nob","floor":13,"turns":4},{"damage":0,"enemies":"Slime Boss","floor":16,"turns":5},{"damage":0,"enemies":"3 Byrds","floor":18,"turns":1},{"damage":7,"enemies":"Spheric Guardian","floor":22,"turns":4},{"damage":25,"enemies":"Book of Stabbing","floor":25,"turns":5},{"damage":10,"enemies":"Cultist and Chosen","floor":30,"turns":5},{"damage":9,"enemies":"Slavers","floor":31,"turns":5},{"damage":0,"enemies":"Champ","floor":33,"turns":8},{"damage":28,"enemies":"3 Shapes","floor":35,"turns":1},{"damage":3,"enemies":"Orb Walker","floor":36,"turns":3},{"damage":10,"enemies":"Transient","floor":39,"turns":5},{"damage":7,"enemies":"Sphere and 2 Shapes","floor":41,"turns":2},{"damage":0,"enemies":"Reptomancer","floor":44,"turns":8},{"damage":0,"enemies":"Jaw Worm Horde","floor":45,"turns":2},{"damage":0,"enemies":"Writhing Mass","floor":48,"turns":5},{"damage":14,"enemies":"Awakened One","floor":50,"turns":12},{"damage":50,"enemies":"Shield and Spear","floor":54,"turns":5},{"damage":27,"enemies":"The Heart","floor":55,"turns":2}],"seed_played":"-8439113273008700738","potions_obtained":[{"floor":2.0,"key":"Weak Potion"},{"floor":3.0,"key":"BlessingOfTheForge"},{"floor":5.0,"key":"FearPotion"},{"floor":18,"key":"AttackPotion"},{"floor":31,"key":"FocusPotion"},{"floor":36,"key":"PowerPotion"},{"floor":41,"key":"Energy Potion"}],"is_trial":false,"path_per_floor":["M","M","M","M","M","R","M","E","T","E","R","?","E","T","R","B",null,"M","?","$","?","M","R","?","E","T","R","?","R","M","E","R","B",null,"M","M","?","?","M","R","M","$","T","E","M","?","$","M","R","B",null,"R","$","E","B"],"character_chosen":"DEFECT","items_purchased":["Self Repair","MealTicket","Force Field","Gambling Chip","Sling","Anchor"],"campfire_rested":0,"item_purchase_floors":[20,20,20,42,42,42],"current_hp_per_floor":[63,59,58,57,53,53,51,37,37,32,32,32,21,21,30,30,56,56,56,56,56,56,64,64,46,46,58,58,64,61,59,64,64,64,43,47,47,47,37,49,42,57,57,57,57,57,64,64,64,50,61,64,64,26,0,0],"gold":58,"neow_bonus":"REMOVE_TWO","is_daily":false,"chose_seed":false,"campfire_upgraded":9,"win_rate":0.0,"timestamp":1613444928,"path_taken":["M","M","M","M","?","R","M","E","T","E","R","?","E","?","R","BOSS","M","?","$","?","M","R","?","E","T","R","?","R","M","E","R","BOSS","M","M","?","?","M","R","M","$","T","E","M","?","$","M","R","BOSS","R","$","E","BOSS"],"items_purchased_type":["Card","Relic","Card","Relic","Relic","Relic"],"build_version":"2020-12-22","purchased_purges":2,"victory":false,"max_hp_per_floor":[71,71,71,71,71,71,71,71,71,71,71,64,64,64,64,64,64,64,64,64,64,64,64,64,64,64,64,64,64,64,64,64,64,64,64,64,64,64,64,64,64,64,64,64,64,64,64,64,64,64,64,64,64,64,64,64],"relic_stats":{"Centennial Puzzle":[3],"Inserter":[36],"counters":[26,115],"Mummified Hand":[109],"Gambling Chip":[12],"Blue Candle":[0],"Eternal Feather":55,"MealTicket":22,"Juzu Bracelet":0,"MawBank":144,"obtain_stats":[{"Lantern":9,"Inserter":17,"Golden Idol":12,"Blue Candle":44,"Eternal Feather":13,"Juzu Bracelet":19,"MawBank":8,"Sling":42,"Du-Vu Doll":31,"Runic Dome":34,"DataDisk":14,"Anchor":42,"Centennial Puzzle":54,"Mummified Hand":25,"Gambling Chip":42,"MealTicket":20,"Cracked Core":0,"Symbiotic Virus":10,"Meat on the Bone":26},{"Lantern":7,"Inserter":10,"Golden Idol":8,"Blue Candle":21,"Eternal Feather":9,"Juzu Bracelet":11,"MawBank":7,"Sling":20,"Du-Vu Doll":15,"Runic Dome":16,"DataDisk":9,"Anchor":20,"Centennial Puzzle":25,"Mummified Hand":13,"Gambling Chip":20,"MealTicket":11,"Cracked Core":0,"Symbiotic Virus":8,"Meat on the Bone":13},{"Lantern":23,"Inserter":42,"Golden Idol":33,"Blue Candle":89,"Eternal Feather":37,"Juzu Bracelet":43,"MawBank":23,"Sling":81,"Du-Vu Doll":62,"Runic Dome":70,"DataDisk":37,"Anchor":81,"Centennial Puzzle":113,"Mummified Hand":52,"Gambling Chip":81,"MealTicket":43,"Cracked Core":0,"Symbiotic Virus":33,"Meat on the Bone":52}],"Meat on the Bone":12},"card_choices":[{"not_picked":["Steam","Rebound"],"picked":"Barrage","floor":1.0},{"not_picked":["Compile Driver","Rebound"],"picked":"Glacier","floor":2.0},{"not_picked":["Reprogram","Streamline"],"picked":"Electrodynamics","floor":3.0},{"not_picked":["Turbo","Loop"],"picked":"White Noise","floor":4.0},{"not_picked":["Cold Snap","Sweeping Beam","Steam"],"picked":"SKIP","floor":5.0},{"not_picked":["Auto Shields","Stack"],"picked":"Conserve Battery","floor":7.0},{"not_picked":["Stack","Rainbow"],"picked":"Conserve Battery","floor":8.0},{"not_picked":["Go for the Eyes","Cold Snap"],"picked":"White Noise","floor":10.0},{"not_picked":["Rebound","Aggregate"],"picked":"Consume","floor":13},{"not_picked":["Biased Cognition","Thunder Strike"],"picked":"Reboot","floor":16},{"not_picked":["Barrage","Streamline","Rebound"],"picked":"SKIP","floor":18},{"not_picked":["Redo","Ball Lightning"],"picked":"Double Energy","floor":22},{"not_picked":["Rip and Tear","Recycle"],"picked":"Chill","floor":25},{"not_picked":["Darkness","Rebound"],"picked":"Coolheaded","floor":30},{"not_picked":["Aggregate+1","All For One"],"picked":"Defragment","floor":31},{"not_picked":["Electrodynamics","Biased Cognition"],"picked":"Echo Form","floor":33},{"not_picked":["Sunder+1","Auto Shields","Chaos"],"picked":"SKIP","floor":35},{"not_picked":["Doom and Gloom+1","Gash","Compile Driver"],"picked":"SKIP","floor":36},{"not_picked":["Sweeping Beam+1","Beam Cell","Rebound"],"picked":"SKIP","floor":39},{"not_picked":["Sweeping Beam+1","Chill","Redo"],"picked":"SKIP","floor":41},{"not_picked":["Consume","Steam Power+1","Genetic Algorithm"],"picked":"SKIP","floor":44},{"not_picked":["Auto Shields","Hologram"],"picked":"Ball Lightning+1","floor":45},{"not_picked":["White Noise","Blizzard"],"picked":"Machine Learning","floor":48},{"not_picked":["Conserve Battery+1","Hello World+1"],"picked":"Coolheaded+1","floor":54}],"player_experience":1090537,"relics_obtained":[{"floor":8.0,"key":"MawBank"},{"floor":9.0,"key":"Lantern"},{"floor":10.0,"key":"Symbiotic Virus"},{"floor":13,"key":"Eternal Feather"},{"floor":14,"key":"DataDisk"},{"floor":25,"key":"Mummified Hand"},{"floor":26,"key":"Meat on the Bone"},{"floor":31,"key":"Du-Vu Doll"},{"floor":44,"key":"Blue Candle"},{"floor":54,"key":"Centennial Puzzle"}],"event_choices":[{"damage_healed":0.0,"max_hp_gain":0.0,"max_hp_loss":7.0,"gold_gain":0.0,"event_name":"Golden Idol","player_choice":"Lose Max HP","floor":12.0,"gold_loss":0.0,"damage_taken":0.0,"relics_obtained":["Golden Idol"]},{"damage_healed":0,"gold_gain":0,"player_choice":"Obtained Relic","damage_taken":0,"relics_obtained":["Juzu Bracelet"],"max_hp_gain":0,"max_hp_loss":0,"event_name":"Addict","floor":19,"gold_loss":85},{"damage_healed":0,"gold_gain":0,"player_choice":"Simplicity","damage_taken":0,"max_hp_gain":0,"max_hp_loss":0,"event_name":"Back to Basics","floor":21,"gold_loss":0,"cards_upgraded":["Strike_B","Strike_B","Defend_B","Defend_B","Defend_B"]},{"damage_healed":0,"gold_gain":0,"player_choice":"Ignored","damage_taken":0,"max_hp_gain":0,"max_hp_loss":0,"event_name":"Vampires","floor":24,"gold_loss":0},{"damage_healed":0,"gold_gain":0,"cards_transformed":["Strike_B","Strike_B"],"player_choice":"Became Test Subject","damage_taken":0,"max_hp_gain":0,"max_hp_loss":0,"event_name":"Drug Dealer","floor":28,"gold_loss":0,"cards_obtained":["Static Discharge","Seek"]},{"damage_healed":0,"gold_gain":333,"player_choice":"Gave Idol","damage_taken":0,"max_hp_gain":0,"max_hp_loss":0,"event_name":"The Moai Head","floor":37,"relics_lost":["Golden Idol"],"gold_loss":0},{"cards_removed":["Self Repair"],"damage_healed":0,"gold_gain":0,"player_choice":"Removed Power","damage_taken":0,"max_hp_gain":0,"max_hp_loss":0,"event_name":"Falling","floor":38,"gold_loss":0},{"damage_healed":0,"gold_gain":0,"player_choice":"Copied","damage_taken":0,"max_hp_gain":0,"max_hp_loss":0,"event_name":"Duplicator","floor":46,"gold_loss":0,"cards_obtained":["Defragment"]}],"is_beta":false,"boss_relics":[{"not_picked":["Tiny House","Empty Cage"],"picked":"Inserter"},{"not_picked":["Astrolabe","Pandora\u0027s Box"],"picked":"Runic Dome"}],"items_purged_floors":[20,47],"is_endless":false,"potions_floor_spawned":[2,3,4,5,18,31,36,41,44],"killed_by":"The Heart","ascension_level":15}}