{"host":"3498uni0c31c9bdm","time":1613454869,"event":{"mods":["BaseMod","Better Match","Better Note","Better Sensory Stone","Better Skull","Better Third Choice","Colored Map","Minty Spire (QoL Compilation)","Quick Restart","RNG Fix","Random Character Button","Replay The Spire","Shop Mod","Smile Girya","StSLib","Unceasing Turn Reminder"],"gold_per_floor":[110,122,135,135,135,135,161,161,161,161,336,336,362,381,381,484,484,503,413,19,35,35,69,69,88,115,127,127,127,146,178,178,178,178],"floor_reached":33,"language":"ENG","playtime":1164,"items_purged":[],"score":493,"play_id":"bfb94dfa-089e-40d0-bd82-224159f9d4d6","local_time":"20210216165429","is_ascension_mode":true,"campfire_choices":[{"data":"Crippling Poison","floor":6,"key":"SMITH"},{"floor":8,"key":"REST"},{"floor":15,"key":"REST"},{"floor":24,"key":"REST"},{"floor":29,"key":"REST"},{"floor":32,"key":"RECALL"}],"circlet_count":0,"master_deck":["AscendersBane","Strike_G","Strike_G","Strike_G+1","Strike_G+1","Strike_G","Defend_G","Defend_G+1","Defend_G","Defend_G+1","Defend_G","Survivor","Neutralize+1","Deflect+1","Crippling Poison+1","Flying Knee","Choke+1","Apotheosis+1","Noxious Fumes","Burst","ReplayTheSpireMod:From All Sides","Bane+1","ReplayTheSpireMod:The Works","Sucker Punch","Dagger Spray+1","Toxin Wave+1","Hidden Blade"],"relics":["Ring of the Snake","ReplayFunnel","Gremlin Food","Bag of Marbles","Busted Crown","TwistedFunnel","ReplayTheSpireMod:Shallot","Girya","Pen Nib","Nilry\u0027s Codex","Smiling Mask"],"acts_visited":["Exordium","TheCity"],"potions_floor_usage":[7,16,23,31,33,33],"damage_taken":[{"damage":2,"enemies":"Cultist","floor":1,"turns":4},{"damage":0,"enemies":"Small Slimes","floor":2,"turns":4},{"damage":0,"enemies":"2 Louse","floor":3,"turns":3},{"damage":19,"enemies":"3 Sentries","floor":7,"turns":14},{"damage":23,"enemies":"Gremlin Nob","floor":13,"turns":4},{"damage":15,"enemies":"Exordium Thugs","floor":14,"turns":6},{"damage":15,"enemies":"The Guardian","floor":16,"turns":10},{"damage":6,"enemies":"3 Byrds","floor":18,"turns":4},{"damage":0,"enemies":"Spheric Guardian","floor":21,"turns":4},{"damage":13,"enemies":"Slavers","floor":23,"turns":4},{"damage":2,"enemies":"3 Cultists","floor":25,"turns":5},{"damage":0,"enemies":"Snake Plant","floor":27,"turns":3},{"damage":15,"enemies":"Shelled Parasite and Fungi","floor":30,"turns":4},{"damage":11,"enemies":"Book of Stabbing","floor":31,"turns":4},{"damage":60,"enemies":"Automaton","floor":33,"turns":6}],"seed_played":"-3664642851016409066","potions_obtained":[{"floor":2,"key":"SpeedPotion"},{"floor":3,"key":"Block Potion"},{"floor":14,"key":"BlessingOfTheForge"},{"floor":23,"key":"Regen Potion"},{"floor":27,"key":"BlessingOfTheForge"},{"floor":30,"key":"AttackPotion"},{"floor":31,"key":"PowerPotion"}],"is_trial":false,"path_per_floor":["M","M","M","?","?","R","E","R","T","?","?","?","E","M","R","B",null,"M","?","$","M","$","E","R","M","T","M","?","R","M","E","R","B"],"character_chosen":"THE_SILENT","items_purchased":["TwistedFunnel","ReplayTheSpireMod:Shallot"],"campfire_rested":4,"item_purchase_floors":[20,20],"current_hp_per_floor":[61,61,61,61,44,44,25,46,46,46,46,46,23,8,29,14,56,50,50,50,50,50,37,58,56,56,56,40,61,46,35,35,0,0],"gold":178,"neow_bonus":"UPGRADE_CARD","is_daily":false,"chose_seed":false,"campfire_upgraded":1,"win_rate":0.0,"timestamp":1613454869,"path_taken":["M","M","?","?","?","R","E","R","T","?","?","?","E","M","R","BOSS","M","?","?","M","$","E","R","M","T","M","?","R","?","E","R","BOSS"],"items_purchased_type":["Relic","Relic"],"build_version":"2020-12-22","purchased_purges":0,"victory":false,"max_hp_per_floor":[70,70,70,70,70,70,70,70,70,70,70,70,70,70,70,70,70,70,70,70,70,70,70,70,70,70,70,70,70,70,70,70,70,70],"card_choices":[{"not_picked":["Bane","Backflip"],"picked":"Deflect","floor":1},{"not_picked":["Dagger Throw","Bane"],"picked":"Crippling Poison","floor":2},{"not_picked":["Slice","Acrobatics"],"picked":"Flying Knee","floor":3},{"not_picked":["Slice","PiercingWail"],"picked":"Choke","floor":7},{"not_picked":["Cloak And Dagger","Dagger Spray"],"picked":"Noxious Fumes","floor":13},{"not_picked":["Flying Knee","Sneak Up"],"picked":"Burst","floor":14},{"not_picked":["Wraith Form v2","Envenom"],"picked":"ReplayTheSpireMod:From All Sides","floor":16},{"not_picked":[],"picked":"Bane+1","floor":18},{"not_picked":[],"picked":"ReplayTheSpireMod:The Works","floor":21},{"not_picked":[],"picked":"Sucker Punch","floor":23},{"not_picked":[],"picked":"Dagger Spray+1","floor":25},{"not_picked":[],"picked":"Toxin Wave+1","floor":27},{"not_picked":[],"picked":"Hidden Blade","floor":30},{"not_picked":["Hidden Blade"],"picked":"SKIP","floor":31}],"player_experience":919348,"relics_obtained":[{"floor":7,"key":"Gremlin Food"},{"floor":13,"key":"Bag of Marbles"},{"floor":23,"key":"Girya"},{"floor":26,"key":"Pen Nib"},{"floor":28,"key":"Nilry\u0027s Codex"},{"floor":31,"key":"Smiling Mask"}],"event_choices":[{"damage_healed":0,"gold_gain":0,"player_choice":"Bought 0 Potions","damage_taken":0,"max_hp_gain":0,"max_hp_loss":0,"event_name":"The Woman in Blue","floor":4,"gold_loss":0},{"damage_healed":0,"gold_gain":0,"player_choice":"RE ","damage_taken":19,"relics_obtained":["ReplayFunnel"],"max_hp_gain":0,"max_hp_loss":0,"event_name":"betterSkull:BetterSkull","floor":5,"gold_loss":0,"cards_upgraded":[]},{"damage_healed":0,"gold_gain":175,"player_choice":"AGREE","damage_taken":161,"max_hp_gain":0,"max_hp_loss":0,"event_name":"betterThird:BetterSerpent","floor":11,"gold_loss":0},{"damage_healed":46,"gold_gain":0,"player_choice":"Embrace","damage_taken":0,"max_hp_gain":0,"max_hp_loss":70,"event_name":"betterThird:BetterShining","floor":12,"gold_loss":0},{"cards_removed":["Doubt"],"damage_healed":0,"gold_gain":0,"player_choice":"Upgrade and Remove","damage_taken":0,"max_hp_gain":0,"max_hp_loss":0,"event_name":"Designer","floor":19,"gold_loss":90,"cards_upgraded":["Defend_G"]},{"damage_healed":0,"gold_gain":0,"player_choice":"Obtained Book","damage_taken":16,"max_hp_gain":0,"max_hp_loss":0,"event_name":"Cursed Tome","floor":28,"gold_loss":0}],"is_beta":false,"boss_relics":[{"not_picked":["SacredBark","Replay:Grab Bag"],"picked":"Busted Crown"}],"items_purged_floors":[],"is_endless":false,"potions_floor_spawned":[2,3,14,23,27,30,31],"killed_by":"Automaton","ascension_level":11}}