{"host":"e4wnmsyty9uvvtwf","time":1613472715,"event":{"mods":["Act Like it!","BaseMod","Colored Map","Colored Powertips","Gensokyo","Minty Spire (QoL Compilation)","Remilia£®¿Ÿ√◊¿Ú—«£©","StSLib"],"gold_per_floor":[110,124,124,124,138,138,43,43,66,110,438,698,710,722,734,850,862,885,370,620,92,104,130,130,343,370,370,687,716,734,769,769,865,865,878,22,35,49,49,77,77,77,377,387,327,556,201,232,232,232,232,232,107,150,150],"floor_reached":56,"language":"ZHS","playtime":2849,"items_purged":["Pain","Regret","Defend_RM"],"score":2246,"play_id":"e6062494-e34c-41f8-ab60-256c24461958","local_time":"20210216185155","is_ascension_mode":true,"campfire_choices":[{"data":"ChainGang","floor":6,"key":"SMITH"},{"data":"RedMoon","floor":8,"key":"SMITH"},{"data":"ScarletSymphony","floor":13,"key":"SMITH"},{"data":"ScarletNetherworld","floor":15,"key":"SMITH"},{"data":"ScarletCoffin","floor":24,"key":"SMITH"},{"data":"BatForm","floor":27,"key":"SMITH"},{"data":"BloodRain","floor":32,"key":"SMITH"},{"data":"BatForm","floor":41,"key":"SMITH"},{"floor":49,"key":"RECALL"},{"data":"HellCatastrophe","floor":52,"key":"SMITH"}],"circlet_count":0,"master_deck":["Strike_RM","Strike_RM","Strike_RM+1","Strike_RM","Defend_RM","Defend_RM+1","Defend_RM+1","RedMoon+1","ScarletShoot","Flash of Steel+1","GlobalNightmare+1","ScarletNetherworld+1","ChainGang+1","HellCatastrophe+1","MastersStateliness","ScarletSymphony+1","ScarletCoffin+1","BloodHunter","MastersStateliness","DevilSight","BloodRain+1","BatForm+1","VampireKiss+1","DevilSight+1","Gensokyo:CustomPotion","ScarletSymphony+1"],"relics":["ScarletHat","MawBank","MealTicket","Calipers","Gensokyo:LunaticRedEyes","Black Star","TypeBBloodRedTea","Medical Kit","HandDrill","Bag of Preparation","RedBat","Art of War","White Beast Statue","Ice Cream","War Paint","Whetstone","Bronze Scales","Pen Nib","Boot","Cursed Key","OrangePellets","Chemical X","ClockworkSouvenir","Blue Candle","PreservedInsect","Orichalcum","Mummified Hand","Dream Catcher","Mango","Old Coin","Pantograph","CeramicFish","InkBottle","Gambling Chip","Omamori","Lantern","Bag of Marbles","Letter Opener"],"acts_visited":["Exordium","Gensokyo:Gensokyo","Gensokyo:Gensokyoer","TheEnding"],"potions_floor_usage":[28,55,55,55],"damage_taken":[{"damage":0,"enemies":"Gensokyo:3_Fairies","floor":1,"turns":3},{"damage":0,"enemies":"Gensokyo:Python","floor":2,"turns":3},{"damage":0,"enemies":"Gensokyo:Gryphon","floor":5,"turns":7},{"damage":30,"enemies":"Gensokyo:Cirno","floor":10,"turns":9},{"damage":10,"enemies":"Gensokyo:LivingMonolith","floor":11,"turns":4},{"damage":1,"enemies":"Gensokyo:Mamizou","floor":12,"turns":8},{"damage":4,"enemies":"Gensokyo:Kokoro","floor":16,"turns":6},{"damage":8,"enemies":"Gensokyo:CosmicMonolith","floor":18,"turns":6},{"damage":10,"enemies":"Gensokyo:Chomper","floor":22,"turns":7},{"damage":2,"enemies":"Gensokyo:Tenshi","floor":23,"turns":5},{"damage":21,"enemies":"Gensokyo:Wraith","floor":25,"turns":7},{"damage":11,"enemies":"Gensokyo:Monolith_and_Dog","floor":28,"turns":10},{"damage":0,"enemies":"Gensokyo:Reisen","floor":29,"turns":6},{"damage":0,"enemies":"Gensokyo:Slime_Group","floor":30,"turns":3},{"damage":0,"enemies":"Gensokyo:Koishi","floor":31,"turns":6},{"damage":0,"enemies":"Gensokyo:Eiki","floor":33,"turns":5},{"damage":0,"enemies":"Gensokyo:3_Boulders","floor":35,"turns":2},{"damage":0,"enemies":"Gensokyo:AncientGuardian","floor":37,"turns":3},{"damage":0,"enemies":"Gensokyo:AtlasGolem","floor":38,"turns":3},{"damage":27,"enemies":"Gensokyo:Kasen","floor":40,"turns":5},{"damage":0,"enemies":"Gensokyo:3_Boulders","floor":44,"turns":2},{"damage":6,"enemies":"Gensokyo:Doremy","floor":46,"turns":5},{"damage":0,"enemies":"Gensokyo:Marisa","floor":48,"turns":2},{"damage":2,"enemies":"Gensokyo:Shinki","floor":50,"turns":7},{"damage":13,"enemies":"Shield and Spear","floor":54,"turns":3},{"damage":0,"enemies":"The Heart","floor":55,"turns":5}],"seed_played":"-7162045227825069133","potions_obtained":[{"floor":1,"key":"DuplicationPotion"},{"floor":10,"key":"LiquidBronze"},{"floor":11,"key":"FearPotion"},{"floor":28,"key":"PowerPotion"},{"floor":54,"key":"EssenceOfSteel"}],"is_trial":false,"path_per_floor":["M","M","?","?","M","R","COS","R","T","E","M","E","R","?","R","B",null,"M","$","?","COS","M","E","R","M","T","R","M","E","M","E","R","B",null,"M","COS","M","M","?","E","R","?","T","M","?","E","$","E","R","B",null,"R","$","E","B",null],"character_chosen":"REMILIA","items_purchased":["TypeBBloodRedTea","Anchor","InkBottle"],"campfire_rested":0,"item_purchase_floors":[19,19,47],"current_hp_per_floor":[68,68,68,75,82,82,82,82,82,60,53,63,63,63,63,70,79,72,82,82,82,72,77,77,63,63,63,67,81,82,82,82,82,82,82,82,82,82,82,61,61,43,43,63,63,82,96,96,96,96,96,96,96,93,96],"gold":150,"neow_bonus":"RANDOM_COLORLESS","is_daily":false,"chose_seed":false,"campfire_upgraded":9,"win_rate":0.0,"timestamp":1613472715,"path_taken":["M","M","?","?","?","R","COS","R","T","E","?","E","R","?","R","BOSS","M","?","?","COS","M","E","R","?","T","R","M","E","M","E","R","BOSS","M","COS","M","M","?","E","R","?","T","M","?","E","$","E","R","BOSS","R","$","E","BOSS"],"items_purchased_type":["Relic","Relic","Relic"],"build_version":"2020-12-22","purchased_purges":3,"victory":true,"max_hp_per_floor":[75,75,75,82,82,82,82,82,82,82,82,82,82,82,82,82,82,82,82,82,82,82,82,82,82,82,82,82,82,82,82,82,82,82,82,82,82,82,82,82,82,96,96,96,96,96,96,96,96,96,96,96,96,96,96],"card_choices":[{"not_picked":["Dramatic Entrance","Enlightenment"],"picked":"Flash of Steel","floor":0},{"not_picked":["VampireClaw","UnstableMagic"],"picked":"GlobalNightmare","floor":1},{"not_picked":["ScarletSymphony","TwelveNightmare"],"picked":"ScarletNetherworld","floor":2},{"not_picked":["FitfulNightmare","RedRainbow"],"picked":"ChainGang","floor":5},{"not_picked":["ScarletNetherworld","ScarletDevil","ForbiddenFruit"],"picked":"SKIP","floor":10},{"not_picked":["TransientEternity","DemonKingCradle"],"picked":"HellCatastrophe","floor":11},{"not_picked":["RedNightlessCastle","BombardNight"],"picked":"MastersStateliness","floor":11},{"not_picked":["BloodyMagicSquare","TricksterDevil"],"picked":"ScarletSymphony","floor":12},{"not_picked":["BloodyHallows","DemonKingCradle"],"picked":"ScarletCoffin","floor":16},{"not_picked":["UnstableMagic","VampirishNight"],"picked":"BloodHunter","floor":18},{"not_picked":["EmergencyRegeneration","RedRainbow","StarOfDavid"],"picked":"SKIP","floor":22},{"not_picked":["VampireKiss","TwelveNightmare"],"picked":"MastersStateliness","floor":23},{"not_picked":["ChaoticDestiny","ScarletCoffin"],"picked":"BatForm","floor":25},{"not_picked":["NightDance","BombardNight"],"picked":"DevilSight","floor":25},{"not_picked":["BlasphemousPunishment+1","CharismaGuard+1","VampireKiss"],"picked":"SKIP","floor":28},{"not_picked":["RedRainbow","BlasphemousPunishment"],"picked":"BloodRain","floor":29},{"not_picked":["VampireSweep","Stigmanizer+1","ScarletNetherworld"],"picked":"SKIP","floor":30},{"not_picked":["ScarletDevil+1","MastersStateliness+1","DiffusionOfMisfortune+1"],"picked":"SKIP","floor":31},{"not_picked":["ScarletCoffin","EquivalentExchange"],"picked":"BatForm","floor":33},{"not_picked":["TwelveNightmare+1","SuperhumanBloodyKnife"],"picked":"VampireKiss+1","floor":35},{"not_picked":["StarOfDavid+1","RedMagic+1"],"picked":"DevilSight+1","floor":37},{"not_picked":["EndlessAdversity+1","HunterOfTheNight","ScarletNetherworld"],"picked":"SKIP","floor":38},{"not_picked":["VampireSweep+1","BombardNight+1","UltimateOffering"],"picked":"SKIP","floor":40},{"not_picked":["LeisurelyOfLord+1","BombardNight+1","DiffusionOfMisfortune+1"],"picked":"SKIP","floor":44},{"not_picked":["AfternoonTea","RedRainbow","UnderTheZenith+1"],"picked":"SKIP","floor":46},{"not_picked":["BloodAndWine+1","Stigmanizer","CharismaGuard+1"],"picked":"SKIP","floor":48},{"not_picked":["BlasphemousPunishment+1","ScarletDream+1"],"picked":"ScarletSymphony+1","floor":54}],"player_experience":549008,"relics_obtained":[{"floor":9,"key":"MawBank"},{"floor":10,"key":"MealTicket"},{"floor":12,"key":"Calipers"},{"floor":23,"key":"Bag of Preparation"},{"floor":23,"key":"RedBat"},{"floor":25,"key":"White Beast Statue"},{"floor":28,"key":"War Paint"},{"floor":29,"key":"Whetstone"},{"floor":29,"key":"Bronze Scales"},{"floor":31,"key":"Pen Nib"},{"floor":31,"key":"Boot"},{"floor":40,"key":"Orichalcum"},{"floor":40,"key":"Mummified Hand"},{"floor":40,"key":"Dream Catcher"},{"floor":43,"key":"Old Coin"},{"floor":46,"key":"Pantograph"},{"floor":46,"key":"CeramicFish"},{"floor":48,"key":"Omamori"},{"floor":48,"key":"Lantern"},{"floor":54,"key":"Bag of Marbles"},{"floor":54,"key":"Letter Opener"}],"event_choices":[],"is_beta":false,"boss_relics":[{"not_picked":["SacredBark","Runic Pyramid"],"picked":"Black Star"},{"not_picked":["SlaversCollar","Velvet Choker"],"picked":"Cursed Key"}],"items_purged_floors":[19,47,53],"is_endless":false,"potions_floor_spawned":[1,10,11,16,18,28,29,30,31,33,35,37,38,40,44,46,48,54],"ascension_level":9}}