{"host":"5wwct7e0z3l0f094","time":1613440232,"event":{"mods":["AchievementEnabler","BaseMod","Downfall","Highlight Path","Minty Spire (QoL Compilation)","StSLib","SuperFastMode"],"gold_per_floor":[117,117,117,135,155,186,186,361,440,440,475,0,24,24,24,147,147,167,183,183,83,101,142,242,242,242,265,305,305,305,305,305,434,434,459,792,792,481,531,559,559,559,559,118,151,151,163,195,195,195,195,195,45,79,79,79],"floor_reached":55,"language":"ENG","playtime":2014,"items_purged":["Doubt","Injury","Clumsy","Writhe"],"score":1357,"play_id":"ab696b27-7664-4268-8873-429f1f1df391","local_time":"20210215205032","is_ascension_mode":true,"campfire_choices":[{"floor":7.0,"key":"REST"},{"data":"Uppercut","floor":10.0,"key":"SMITH"},{"data":"Whirlwind","floor":15.0,"key":"SMITH"},{"floor":25.0,"key":"REST"},{"floor":30,"key":"REST"},{"data":"Heavy Blade","floor":32,"key":"SMITH"},{"floor":46,"key":"REST"},{"floor":49,"key":"RECALL"},{"data":"Inflame","floor":52,"key":"SMITH"}],"circlet_count":0,"master_deck":["AscendersBane","Strike_R","Strike_R","Strike_R","Defend_R","Defend_R","Bash","Clothesline","Disarm+1","Uppercut+1","Clash","Whirlwind+1","Berserk","Sentinel+1","Corruption+1","Flex+1","Pummel","Heavy Blade+1","Inflame+1","CurseOfTheBell","CurseOfTheBell","Offering+1","Inflame+1","Flex+1"],"relics":["Burning Blood","Anchor","TungstenRod","Incense Burner","Paper Frog","Vajra","Astrolabe","Enchiridion","Centennial Puzzle","downfall:ExtraCursedBell","Bag of Marbles","Pantograph","Calipers","CaptainsWheel","Shuriken","MutagenicStrength","Sozu","ClockworkSouvenir","Turnip","Darkstone Periapt","Lizard Tail","FossilizedHelix","Lantern","Bronze Scales","War Paint","Mango"],"acts_visited":["Exordium","TheCity","TheBeyond","TheEnding"],"potions_floor_usage":[48],"damage_taken":[{"damage":6.0,"enemies":"2 Louse","floor":1.0,"turns":3.0},{"damage":2.0,"enemies":"Jaw Worm","floor":4.0,"turns":2.0},{"damage":0.0,"enemies":"Cultist","floor":5.0,"turns":2.0},{"damage":22.0,"enemies":"Gremlin Nob","floor":6.0,"turns":4.0},{"damage":14.0,"enemies":"Lagavulin","floor":11.0,"turns":5.0},{"damage":2.0,"enemies":"Exordium Thugs","floor":13.0,"turns":4.0},{"damage":24.0,"enemies":"The Guardian","floor":16.0,"turns":10.0},{"damage":19.0,"enemies":"2 Thieves","floor":18.0,"turns":5.0},{"damage":4.0,"enemies":"Shell Parasite","floor":19.0,"turns":3.0},{"damage":14.0,"enemies":"Centurion and Healer","floor":22.0,"turns":5.0},{"damage":32.0,"enemies":"Slavers","floor":23.0,"turns":3.0},{"damage":2.0,"enemies":"Snecko","floor":27.0,"turns":4.0},{"damage":18,"enemies":"Gremlin Leader","floor":28,"turns":7},{"damage":33,"enemies":"Collector","floor":33,"turns":6},{"damage":0,"enemies":"3 Shapes","floor":35,"turns":1},{"damage":15,"enemies":"2 Orb Walkers","floor":39,"turns":3},{"damage":63,"enemies":"Nemesis","floor":40,"turns":4},{"damage":0,"enemies":"Giant Head","floor":45,"turns":6},{"damage":2,"enemies":"3 Darklings","floor":47,"turns":3},{"damage":28,"enemies":"Nemesis","floor":48,"turns":5},{"damage":119,"enemies":"Donu and Deca","floor":50,"turns":8},{"damage":50,"enemies":"Shield and Spear","floor":54,"turns":5},{"damage":71,"enemies":"The Heart","floor":55,"turns":6}],"seed_played":"-8616890202039862076","potions_obtained":[{"floor":1.0,"key":"sneckomod:MuddlingPotion"},{"floor":5.0,"key":"Weak Potion"},{"floor":16.0,"key":"AttackPotion"},{"floor":27.0,"key":"CultistPotion"}],"is_trial":false,"path_per_floor":["M","?","?","M","M","E","R","?","T","R","E","$","M","$","R","B",null,"M","M","?","$","M","E","?","R","T","M","E","?","R","?","R","B",null,"M","?","?","$","?","E","?","?","T","$","E","R","M","E","R","B",null,"R","$","E","B"],"character_chosen":"IRONCLAD","items_purchased":["Paper Frog","Vajra","ClockworkSouvenir","Inflame","FossilizedHelix","Lantern"],"campfire_rested":4,"item_purchase_floors":[12,12,38,38,44,44],"current_hp_per_floor":[51,39,39,43,49,33,57,57,57,57,49,49,53,53,53,35,69,56,58,46,46,38,12,17,42,42,46,34,34,59,59,59,57,78,84,84,84,84,75,18,18,45,45,45,51,78,82,60,60,23,74,74,74,44,0,0],"gold":79,"neow_bonus":"TRANSFORM_TWO_CARDS","is_daily":false,"chose_seed":false,"campfire_upgraded":4,"win_rate":0.0,"timestamp":1613440232,"path_taken":["M","?","?","M","M","E","R","?","T","R","E","$","?","?","R","BOSS","M","M","?","$","M","E","?","R","T","M","E","?","R","?","R","BOSS","M","?","?","$","?","E","?","?","T","?","E","R","?","E","R","BOSS","R","$","E","BOSS"],"items_purchased_type":["Relic","Relic","Relic","Card","Relic","Relic"],"build_version":"2020-12-22","purchased_purges":4,"victory":false,"max_hp_per_floor":[80,80,80,80,80,80,80,80,80,80,80,80,80,80,80,80,80,80,80,80,80,80,80,85,85,85,85,85,85,85,85,85,85,85,85,85,85,85,85,85,85,91,91,91,91,91,91,91,91,91,91,91,91,105,105,105],"card_choices":[{"not_picked":["Entrench","Sword Boomerang"],"picked":"Disarm","floor":1.0},{"not_picked":["Anger","Cleave"],"picked":"Uppercut","floor":4.0},{"not_picked":["Clothesline","Shrug It Off"],"picked":"Clash","floor":5.0},{"not_picked":["Metallicize","Perfected Strike"],"picked":"Battle Trance","floor":6.0},{"not_picked":["Reckless Charge","Warcry","Sword Boomerang"],"picked":"SKIP","floor":11.0},{"not_picked":["Perfected Strike","Headbutt"],"picked":"Whirlwind","floor":13.0},{"not_picked":["Impervious","Reaper"],"picked":"Berserk","floor":16.0},{"not_picked":["Pommel Strike","Sword Boomerang"],"picked":"Pummel","floor":18.0},{"not_picked":["Perfected Strike","Infernal Blade+1"],"picked":"Heavy Blade","floor":19.0},{"not_picked":["Seeing Red","Rupture+1","Blood for Blood"],"picked":"SKIP","floor":22.0},{"not_picked":["Iron Wave+1","Entrench"],"picked":"Inflame+1","floor":23.0},{"not_picked":["Power Through+1","True Grit+1","Berserk"],"picked":"SKIP","floor":27.0},{"not_picked":["Second Wind","Battle Trance","Wild Strike+1"],"picked":"SKIP","floor":28},{"not_picked":["Barricade","Bludgeon"],"picked":"Offering","floor":33},{"not_picked":["Cleave+1","Thunderclap+1","Sword Boomerang+1"],"picked":"SKIP","floor":35},{"not_picked":["Anger","Hemokinesis+1","Brutality"],"picked":"SKIP","floor":40},{"not_picked":["Reckless Charge+1","Metallicize+1","Battle Trance"],"picked":"SKIP","floor":45},{"not_picked":["Clash+1","Feel No Pain"],"picked":"Flex+1","floor":47},{"not_picked":["Dropkick+1","Intimidate+1","Combust"],"picked":"SKIP","floor":48},{"not_picked":["Rampage","Metallicize+1","Perfected Strike"],"picked":"SKIP","floor":54}],"player_experience":331007,"relics_obtained":[{"floor":6.0,"key":"TungstenRod"},{"floor":11.0,"key":"Incense Burner"},{"floor":20.0,"key":"Enchiridion"},{"floor":23.0,"key":"Centennial Puzzle"},{"floor":24.0,"key":"Bag of Marbles"},{"floor":24.0,"key":"Pantograph"},{"floor":24.0,"key":"Calipers"},{"floor":26.0,"key":"CaptainsWheel"},{"floor":28,"key":"Shuriken"},{"floor":39,"key":"Turnip"},{"floor":40,"key":"Darkstone Periapt"},{"floor":43,"key":"Lizard Tail"},{"floor":45,"key":"Bronze Scales"},{"floor":48,"key":"War Paint"},{"floor":54,"key":"Mango"}],"event_choices":[{"damage_healed":0.0,"max_hp_gain":0.0,"max_hp_loss":0.0,"gold_gain":0.0,"event_name":"Scrap Ooze","player_choice":"Success","floor":2.0,"gold_loss":0.0,"damage_taken":12.0,"relics_obtained":["Anchor"]},{"damage_healed":0.0,"max_hp_gain":0.0,"max_hp_loss":0.0,"gold_gain":0.0,"event_name":"Golden Idol","player_choice":"Take Wound","floor":3.0,"gold_loss":0.0,"damage_taken":0.0,"relics_obtained":["Golden Idol"],"cards_obtained":["Injury"]},{"damage_healed":0.0,"max_hp_gain":0.0,"max_hp_loss":0.0,"gold_gain":175.0,"event_name":"Liars Game","player_choice":"AGREE","floor":8.0,"gold_loss":0.0,"damage_taken":0.0,"cards_obtained":["Doubt"]},{"damage_healed":0.0,"max_hp_gain":0.0,"max_hp_loss":0.0,"gold_gain":0.0,"event_name":"Cursed Tome","player_choice":"Obtained Book","floor":20.0,"gold_loss":0.0,"damage_taken":16.0},{"damage_healed":0,"gold_gain":0,"player_choice":"Inject Mutagens","damage_taken":0,"relics_obtained":["MutagenicStrength"],"max_hp_gain":0,"max_hp_loss":0,"event_name":"Drug Dealer","floor":29,"gold_loss":0},{"cards_removed":["Normality"],"damage_healed":0,"gold_gain":0,"player_choice":"Purged","damage_taken":0,"max_hp_gain":0,"max_hp_loss":0,"event_name":"Purifier","floor":31,"gold_loss":0},{"damage_healed":0,"gold_gain":333,"player_choice":"Gave Idol","damage_taken":0,"max_hp_gain":0,"max_hp_loss":0,"event_name":"The Moai Head","floor":36,"relics_lost":["Golden Idol"],"gold_loss":0},{"damage_healed":0,"gold_gain":0,"player_choice":"Memory 1","damage_taken":0,"max_hp_gain":0,"max_hp_loss":0,"event_name":"SensoryStone","floor":37,"gold_loss":0},{"damage_healed":0,"gold_gain":0,"player_choice":"Fight","damage_taken":0,"max_hp_gain":0,"max_hp_loss":0,"event_name":"Mysterious Sphere","floor":39,"gold_loss":0},{"cards_removed":["Bludgeon"],"damage_healed":0,"gold_gain":0,"player_choice":"Removed Attack","damage_taken":0,"max_hp_gain":0,"max_hp_loss":0,"event_name":"Falling","floor":41,"gold_loss":0},{"damage_healed":21,"gold_gain":0,"player_choice":"Writhe","damage_taken":0,"max_hp_gain":0,"max_hp_loss":0,"event_name":"Winding Halls","floor":42,"gold_loss":0,"cards_obtained":["Writhe"]}],"is_beta":false,"boss_relics":[{"not_picked":["Ectoplasm","Runic Dome"],"picked":"Astrolabe"},{"not_picked":["Black Blood","Pandora\u0027s Box"],"picked":"Sozu"}],"items_purged_floors":[12,21,38,53],"is_endless":false,"potions_floor_spawned":[1,5,6,16,27,39,48],"killed_by":"The Heart","ascension_level":11}}