{"host":"prxrhpgaxnj4om9r","time":1613461715,"event":{"mods":["AchievementEnabler","BaseMod","Colored Map","DeckTracker","Minty Spire (QoL Compilation)"],"gold_per_floor":[113,124,124,138,238,266,19,19,66,92,106,166,246,266,266,366,366,379,379,379,379,398,432,451,451,451,451,469,504,20,33,33,33,33],"floor_reached":33,"language":"KOR","playtime":1679,"items_purged":[],"score":394,"play_id":"6246c414-ea93-4819-b86f-7fb7460e5afd","local_time":"20210216164835","is_ascension_mode":true,"campfire_choices":[{"floor":15,"key":"REST"},{"data":"Machine Learning","floor":25,"key":"SMITH"},{"data":"Bite","floor":27,"key":"SMITH"},{"data":"Apotheosis","floor":32,"key":"SMITH"}],"circlet_count":0,"master_deck":["Defend_B+1","Defend_B","Defend_B","Defend_B+1","Zap","Dualcast","Hologram","Streamline","Doom and Gloom","Self Repair+1","Parasite","Chaos","Buffer","Go for the Eyes","Sweeping Beam","Electrodynamics","Leap","Writhe","Bite+1","Bite","Bite","Bite","Bite","Glacier+1","Machine Learning+1","Leap+1","Sunder+1","All For One","Apotheosis+1","Scrape","Conserve Battery+1"],"relics":["Cracked Core","Juzu Bracelet","Potion Belt","Shuriken","FossilizedHelix","Whetstone","Nuclear Battery","Blue Candle","Tiny Chest","Unceasing Top","Incense Burner","Orichalcum"],"acts_visited":["Exordium","TheCity"],"potions_floor_usage":[10,12,14,29,29,29,33,33],"damage_taken":[{"damage":9,"enemies":"Jaw Worm","floor":1,"turns":3},{"damage":1,"enemies":"Cultist","floor":2,"turns":3},{"damage":8,"enemies":"Small Slimes","floor":4,"turns":2},{"damage":22,"enemies":"3 Sentries","floor":6,"turns":5},{"damage":33,"enemies":"Gremlin Nob","floor":10,"turns":5},{"damage":8,"enemies":"2 Fungi Beasts","floor":11,"turns":4},{"damage":12,"enemies":"Lagavulin Event","floor":12,"turns":7},{"damage":0,"enemies":"3 Louse","floor":14,"turns":3},{"damage":4,"enemies":"Slime Boss","floor":16,"turns":8},{"damage":11,"enemies":"2 Thieves","floor":18,"turns":3},{"damage":22,"enemies":"Chosen","floor":22,"turns":6},{"damage":23,"enemies":"Gremlin Leader","floor":23,"turns":7},{"damage":2,"enemies":"Snecko","floor":24,"turns":5},{"damage":52,"enemies":"Shelled Parasite and Fungi","floor":28,"turns":8},{"damage":43,"enemies":"Book of Stabbing","floor":29,"turns":7},{"damage":0,"enemies":"Cultist and Chosen","floor":31,"turns":7},{"damage":116,"enemies":"Collector","floor":33,"turns":12}],"seed_played":"1449389785952388829","potions_obtained":[{"floor":2,"key":"Dexterity Potion"},{"floor":4,"key":"DistilledChaos"},{"floor":14,"key":"Fruit Juice"},{"floor":16,"key":"SpeedPotion"},{"floor":28,"key":"BlessingOfTheForge"},{"floor":29,"key":"Fruit Juice"},{"floor":31,"key":"DuplicationPotion"}],"is_trial":false,"path_per_floor":["M","M","?","M","?","E","$","?","T","E","M","?","?","M","R","B",null,"M","?","?","?","M","E","M","R","T","R","M","E","$","M","R","B"],"character_chosen":"DEFECT","items_purchased":["Shuriken","Apotheosis","Orichalcum","Scrape","LiquidMemories"],"campfire_rested":1,"item_purchase_floors":[7,30,30,30,30],"current_hp_per_floor":[66,65,50,42,42,20,20,38,38,14,15,12,12,26,50,55,74,65,65,65,65,65,64,78,78,78,78,51,41,41,72,72,0,0],"gold":33,"neow_bonus":"RANDOM_COMMON_RELIC","is_daily":false,"chose_seed":false,"campfire_upgraded":3,"win_rate":0.0,"timestamp":1613461715,"path_taken":["M","M","?","M","?","E","$","?","T","E","M","?","?","M","R","BOSS","M","?","?","?","M","E","M","R","T","R","M","E","$","M","R","BOSS"],"items_purchased_type":["Relic","Card","Relic","Card","Potion"],"build_version":"2020-12-22","purchased_purges":0,"victory":false,"max_hp_per_floor":[75,75,75,75,75,75,75,75,75,75,75,75,75,80,80,80,80,80,80,80,80,80,80,80,80,80,80,80,85,85,85,85,85,85],"card_choices":[{"not_picked":["Turbo","Sweeping Beam"],"picked":"Hologram","floor":1},{"not_picked":["Fusion","Aggregate"],"picked":"Streamline","floor":2},{"not_picked":["Gash","Streamline"],"picked":"Doom and Gloom","floor":4},{"not_picked":["Beam Cell","Barrage"],"picked":"Self Repair","floor":6},{"not_picked":["Beam Cell","Steam"],"picked":"Chaos","floor":10},{"not_picked":["Chaos","Cold Snap"],"picked":"Buffer","floor":11},{"not_picked":["Ball Lightning","Compile Driver"],"picked":"Go for the Eyes","floor":12},{"not_picked":["Gash","Steam Power"],"picked":"Sweeping Beam","floor":14},{"not_picked":["Rainbow","Seek"],"picked":"Electrodynamics","floor":16},{"not_picked":["Compile Driver","Skim"],"picked":"Leap","floor":18},{"not_picked":["Go for the Eyes+1","Redo"],"picked":"Glacier+1","floor":22},{"not_picked":["Hologram+1","Storm"],"picked":"Machine Learning","floor":23},{"not_picked":["Beam Cell","Streamline"],"picked":"Leap+1","floor":24},{"not_picked":["Steam","Ball Lightning"],"picked":"Sunder+1","floor":28},{"not_picked":["Rip and Tear+1","Reprogram"],"picked":"All For One","floor":29},{"not_picked":["Beam Cell","Hologram"],"picked":"Conserve Battery+1","floor":31}],"player_experience":479937,"relics_obtained":[{"floor":6,"key":"Potion Belt"},{"floor":9,"key":"Blood Vial"},{"floor":10,"key":"FossilizedHelix"},{"floor":12,"key":"Whetstone"},{"floor":23,"key":"Tiny Chest"},{"floor":26,"key":"Unceasing Top"},{"floor":29,"key":"Incense Burner"}],"event_choices":[{"damage_healed":0,"gold_gain":0,"player_choice":"Entered Light","damage_taken":15,"max_hp_gain":0,"max_hp_loss":0,"event_name":"Shining Light","floor":3,"gold_loss":0,"cards_upgraded":["Defend_B","Defend_B"]},{"damage_healed":0,"gold_gain":100,"player_choice":"Pray","damage_taken":0,"max_hp_gain":0,"max_hp_loss":0,"event_name":"Golden Shrine","floor":5,"gold_loss":0},{"damage_healed":18,"gold_gain":0,"player_choice":"Healed and dodged fight","damage_taken":0,"max_hp_gain":0,"max_hp_loss":0,"event_name":"Mushrooms","floor":8,"gold_loss":0,"cards_obtained":["Parasite"]},{"damage_healed":0,"gold_gain":0,"player_choice":"Searched \u00272\u0027 times","damage_taken":0,"max_hp_gain":0,"max_hp_loss":0,"event_name":"Dead Adventurer","floor":12,"gold_loss":0},{"damage_healed":0,"gold_gain":80,"player_choice":"Gained Gold","damage_taken":0,"max_hp_gain":0,"max_hp_loss":0,"event_name":"Golden Wing","floor":13,"gold_loss":0},{"damage_healed":0,"gold_gain":0,"player_choice":"Forge","damage_taken":0,"max_hp_gain":0,"max_hp_loss":0,"event_name":"Accursed Blacksmith","floor":19,"gold_loss":0,"cards_upgraded":["Self Repair"]},{"damage_healed":0,"gold_gain":0,"player_choice":"Opened","damage_taken":0,"relics_obtained":["Blue Candle"],"max_hp_gain":0,"max_hp_loss":0,"event_name":"The Mausoleum","floor":20,"gold_loss":0,"cards_obtained":["Writhe"]},{"damage_healed":0,"gold_gain":0,"player_choice":"Became a vampire (Vial)","damage_taken":0,"max_hp_gain":0,"max_hp_loss":0,"event_name":"Vampires","floor":21,"relics_lost":["Blood Vial"],"gold_loss":0,"cards_obtained":["Bite","Bite","Bite","Bite","Bite"]}],"is_beta":false,"boss_relics":[{"not_picked":["Inserter","Cursed Key"],"picked":"Nuclear Battery"}],"items_purged_floors":[],"is_endless":false,"potions_floor_spawned":[2,4,14,16,28,29,31],"killed_by":"Collector","ascension_level":5}}