{"host":"hbvn1mkfq2iixsau","time":1613503609,"event":{"mods":["AchievementEnabler","Act Like it!","BaseMod","Better Altar","Better Match","Better Sensory Stone","Better Skull","Better Third Choice","Colored Map","Minty Spire (QoL Compilation)","Quick Restart","Relic Stats","Replay The Spire","Shop Mod","StSLib"],"gold_per_floor":[112,112,287,142,142,172,172,198,246,260,260,291,222,232,232,334,334,347,287,287,301,321,321,321],"floor_reached":23,"language":"ENG","playtime":1003,"items_purged":[],"score":270,"play_id":"f7644763-dea4-4d49-aab8-430367c291ba","local_time":"20210216212649","is_ascension_mode":true,"campfire_choices":[{"data":"Capacitor","floor":7,"key":"SMITH"},{"data":"BasicCrystalCard","floor":11,"key":"SMITH"},{"floor":15,"key":"DIG"}],"circlet_count":0,"master_deck":["Strike_B","Strike_B","Strike_B+1","Strike_B+1","Defend_B","Defend_B","Defend_B","Defend_B","Zap","Dualcast","BasicCrystalCard+1","Doubt","Capacitor+1","Barrage+1","Pot Of Greed","Pot Of Greed","Machine Learning","Storm","Electrodynamics","Panic Button+1"],"relics":["Cracked Core","NeowsBlessing","Replay:Frozen Program","DataDisk","Meat on the Bone","Boot","Bronze Scales","Grinning Jar","Whetstone","Nuclear Battery","Garlic"],"acts_visited":["Exordium","TheCity"],"potions_floor_usage":[16],"damage_taken":[{"damage":0,"enemies":"2 Louse","floor":1,"turns":1},{"damage":0,"enemies":"3 Sentries","floor":6,"turns":1},{"damage":0,"enemies":"Lagavulin","floor":8,"turns":1},{"damage":1,"enemies":"Jaw Worm","floor":10,"turns":2},{"damage":18,"enemies":"Gremlin Nob","floor":12,"turns":4},{"damage":1,"enemies":"Cultist","floor":14,"turns":3},{"damage":28,"enemies":"Hexaghost","floor":16,"turns":6},{"damage":19,"enemies":"Shell Parasite","floor":18,"turns":4},{"damage":8,"enemies":"Spheric Guardian","floor":21,"turns":3},{"damage":10,"enemies":"Snecko","floor":22,"turns":4},{"damage":19,"enemies":"Replay:Snechameleon","floor":23,"turns":4}],"seed_played":"4262754565841632859","potions_obtained":[{"floor":6,"key":"FocusPotion"},{"floor":8,"key":"SteroidPotion"},{"floor":12,"key":"Elixir"},{"floor":21,"key":"Energy Potion"}],"is_trial":false,"path_per_floor":["M","?","?","$","?","E","R","E","T","M","R","E","$","M","R_BF","B",null,"M","?","T","M","M","E"],"character_chosen":"DEFECT","items_purchased":["Replay:Frozen Program","Storm"],"campfire_rested":0,"item_purchase_floors":[4,13],"current_hp_per_floor":[75,75,75,75,63,63,63,63,63,62,62,44,44,43,43,27,75,56,56,56,48,38,19,19],"gold":321,"neow_bonus":"THREE_ENEMY_KILL","is_daily":false,"chose_seed":false,"campfire_upgraded":2,"win_rate":0.0,"timestamp":1613503609,"path_taken":["M","?","?","?","?","E","R","E","T","M","R","E","$","M","R_BF","BOSS","M","?","?","?","M","E"],"items_purchased_type":["Relic","Card"],"build_version":"2020-12-22","purchased_purges":0,"victory":false,"max_hp_per_floor":[75,75,75,75,75,75,75,75,75,75,75,75,75,75,75,75,75,75,75,75,75,75,75,75],"relic_stats":{"counters":[11,33],"Bronze Scales":[84],"Whetstone":["Strike_B","Barrage"],"Boot":[20],"obtain_stats":[{"DataDisk":5,"Replay:Frozen Program":4,"NeowsBlessing":0,"Bronze Scales":9,"Garlic":20,"Whetstone":15,"Grinning Jar":12,"Cracked Core":0,"Boot":8,"Meat on the Bone":6,"Nuclear Battery":17},{"DataDisk":1,"Replay:Frozen Program":1,"NeowsBlessing":0,"Bronze Scales":3,"Garlic":8,"Whetstone":6,"Grinning Jar":5,"Cracked Core":0,"Boot":3,"Meat on the Bone":2,"Nuclear Battery":7},{"DataDisk":1,"Replay:Frozen Program":1,"NeowsBlessing":0,"Bronze Scales":3,"Garlic":22,"Whetstone":12,"Grinning Jar":9,"Cracked Core":0,"Boot":3,"Meat on the Bone":2,"Nuclear Battery":18}],"Meat on the Bone":12},"card_choices":[{"not_picked":["Hologram","ReplayTheSpireMod:GoodbyeWorld"],"picked":"BasicCrystalCard","floor":1},{"not_picked":["ReplayTheSpireMod:System Scan","Loop"],"picked":"Capacitor","floor":6},{"not_picked":["Stack","ReplayGash"],"picked":"Barrage","floor":8},{"not_picked":["Cold Snap","Reinforced Body","Fission"],"picked":"SKIP","floor":10},{"not_picked":["Fusion","Undo"],"picked":"Machine Learning","floor":12},{"not_picked":["Sweeping Beam","Rebound","Hello World"],"picked":"SKIP","floor":14},{"not_picked":["Multi-Cast","Echo Form"],"picked":"Electrodynamics","floor":16},{"not_picked":["Go for the Eyes","ReplayTheSpireMod:System Scan+1","Darkness+1"],"picked":"SKIP","floor":18},{"not_picked":["Skim","Sweeping Beam+1","Stack+1"],"picked":"SKIP","floor":21},{"not_picked":["Darkness","BasicCrystalCard"],"picked":"Panic Button+1","floor":22}],"player_experience":260050,"relics_obtained":[{"floor":6,"key":"Meat on the Bone"},{"floor":8,"key":"Boot"},{"floor":9,"key":"Bronze Scales"},{"floor":12,"key":"Grinning Jar"},{"floor":15,"key":"Whetstone"},{"floor":20,"key":"Garlic"}],"event_choices":[{"damage_healed":0,"gold_gain":175,"player_choice":"AGREE","damage_taken":112,"max_hp_gain":0,"max_hp_loss":0,"event_name":"betterThird:BetterSerpent","floor":3,"gold_loss":0},{"damage_healed":0,"gold_gain":0,"player_choice":"Relic ","damage_taken":12,"max_hp_gain":0,"max_hp_loss":0,"event_name":"betterThird:BetterScrap","floor":5,"gold_loss":0,"cards_obtained":["Flechettes"]}],"is_beta":false,"boss_relics":[{"not_picked":["Replay:Drink Me","Ectoplasm"],"picked":"Nuclear Battery"}],"items_purged_floors":[],"is_endless":false,"potions_floor_spawned":[6,8,12,21,22],"killed_by":"Replay:Snechameleon","ascension_level":1}}