{"host":"sitjkmnle4og3x94","time":1613496165,"event":{"mods":["ATMod(°¢èªMod)","Act Like it!","BaseMod","Block Reminder","Downfall","Halation","Hubris","Library of Ruina","Library of Ruina Extra","Minty Spire (QoL Compilation)","MostiFishMod","Replay The Spire","StSLib","The Marked","Waifu the Spire","¡¾ÒÅÎï¿¨ÅÆ¡¿REMEMod"],"gold_per_floor":[100,115,115,144,156,68,80,118,140,182,94,125,137,161,189,278,290,302,332,344,456,534,546,558,570,460,510,510,537,604,621,637,715,815,815,833,901,912,987,1016,1063,1096,1146,1163,1063,766,793,853,871,871,871,871,904,286,286,286,286],"floor_reached":58,"language":"ZHS","playtime":3441,"items_purged":["PreparedMind","DriedUp","ExtractFuel"],"score":2888,"play_id":"ac0ac669-edc3-44e7-a999-76f73285b9cb","local_time":"20210217012245","is_ascension_mode":true,"campfire_choices":[{"floor":1.0,"key":"RECALL"},{"data":"DegradedPillar","floor":6.0,"key":"SMITH"},{"data":"CleanUp","floor":11.0,"key":"SMITH"},{"data":"DegradedShockwave","floor":18.0,"key":"SMITH"},{"data":"Faith","floor":23.0,"key":"SMITH"},{"data":"Faith","floor":25.0,"key":"SMITH"},{"data":"ToOvercomeCrisis","floor":28.0,"key":"SMITH"},{"data":"Faith","floor":35,"key":"SMITH"},{"data":"SuanNi","floor":45,"key":"SMITH"},{"data":"MostiFishMod:JungleRules","floor":55,"key":"SMITH"}],"circlet_count":0,"master_deck":["AscendersBane","DegradedFairy","DegradedFairy","DegradedFairy","DegradedChain+1","DegradedChain","DegradedLock","DegradedPillar+1","DegradedPillar+1","DegradedShockwave+1","AT_ChampionStep","GrazeTheGrass","CleanUp+1","FlamingDragonFist","Brawl","FrontalAssault","WaitUp","Quickness","Faith+1","TendonChords","TheRedNotes","AlloutWar","GrazeTheGrass","ToOvercomeCrisis+1","Faith+1","FrontalAssault","Faith+1","Faith","Faith+1","GrazeTheGrass","Faith","FrontalAssault+1","TendonChords+1","ToOvercomeCrisis","SuanNi+1","FrontalAssault+1","FrontalAssault","REME_Flogging","Faith+1","Eradication","MostiFishMod:JungleRules+1"],"relics":["PageOfLibrarian","AT_ATBox","DaveBox","REME_ComplimentaryCards","DaCapo","Prayer Wheel","MawBank","downfall:HeartBlessingRed","AT_TimeSand","Blue Candle","halation:Toothbrush","downfall:HeartBlessingGreen","downfall:CloakOfManyFaces","CultistMask","FaceOfCleric","NlothsMask","GremlinMask","SsserpentHead","REME_PuzzleBoxRelic","PageOfScarecrow","halation:TwoAmDonut","Replay:Wanted Poster","BionicSphere","PageOfBigBadWolf","Mercury Hourglass","downfall:HeartBlessingBlue","Thread and Needle","PageOfMercenary","Pen Nib","War Paint"],"acts_visited":["Exordium","TheCity","TheBeyond","TheEnding"],"potions_floor_usage":[],"damage_taken":[{"damage":3.0,"enemies":"Jaw Worm","floor":2.0,"turns":2.0},{"damage":0.0,"enemies":"2 Louse","floor":4.0,"turns":1.0},{"damage":0.0,"enemies":"Gremlin Nob","floor":8.0,"turns":2.0},{"damage":0.0,"enemies":"Cultist","floor":9.0,"turns":2.0},{"damage":0.0,"enemies":"3 Sentries","floor":10.0,"turns":3.0},{"damage":0.0,"enemies":"Exordium Wildlife","floor":12.0,"turns":1.0},{"damage":0.0,"enemies":"Large Slime","floor":14.0,"turns":1.0},{"damage":0.0,"enemies":"Gremlin Gang","floor":15.0,"turns":3.0},{"damage":1.0,"enemies":"DF_ARCHETYPE_STREAMLINE","floor":16.0,"turns":4.0},{"damage":0.0,"enemies":"Spheric Guardian","floor":19.0,"turns":2.0},{"damage":0.0,"enemies":"Chosen","floor":20.0,"turns":1.0},{"damage":0.0,"enemies":"downfall:FaceTrader","floor":21.0,"turns":1.0},{"damage":0.0,"enemies":"Centurion and Healer","floor":22.0,"turns":2.0},{"damage":0.0,"enemies":"downfall:FleeingMerchant","floor":26.0,"turns":3.0},{"damage":1.0,"enemies":"Slavers","floor":29.0,"turns":1.0},{"damage":1.0,"enemies":"Snecko","floor":30.0,"turns":1.0},{"damage":0.0,"enemies":"Snake Plant","floor":31.0,"turns":1.0},{"damage":1.0,"enemies":"Centurion and Healer","floor":32.0,"turns":1.0},{"damage":0.0,"enemies":"IC_MUSHROOM_ARCHETYPE","floor":33.0,"turns":1.0},{"damage":0,"enemies":"3 Shapes","floor":36,"turns":1},{"damage":0,"enemies":"3 Darklings","floor":37,"turns":1},{"damage":0,"enemies":"Sphere and 2 Shapes","floor":38,"turns":1},{"damage":1,"enemies":"Sphere and 2 Shapes","floor":39,"turns":1},{"damage":0,"enemies":"R_Hoarder","floor":40,"turns":1},{"damage":0,"enemies":"Nemesis","floor":42,"turns":1},{"damage":0,"enemies":"4 Shapes","floor":44,"turns":1},{"damage":0,"enemies":"Giant Head","floor":47,"turns":1},{"damage":0,"enemies":"3 Darklings","floor":48,"turns":1},{"damage":0,"enemies":"Sphere and 2 Shapes","floor":49,"turns":1},{"damage":0,"enemies":"SI_POISON_ARCHETYPE","floor":50,"turns":1},{"damage":0,"enemies":"SI_POISON_ARCHETYPE","floor":51,"turns":1},{"damage":0,"enemies":"downfall:CharBossMerchant","floor":53,"turns":1},{"damage":0,"enemies":"downfall:NeowBoss","floor":56,"turns":3},{"damage":3,"enemies":"downfall:NeowBossFinal","floor":57,"turns":3}],"seed_played":"-332248925707537797","potions_obtained":[{"floor":12.0,"key":"Explosive Potion"},{"floor":14.0,"key":"DistilledChaos"},{"floor":15.0,"key":"LifebloodPotion"},{"floor":19.0,"key":"LiquidMemories"},{"floor":33.0,"key":"Adrenaline Potion"}],"is_trial":false,"path_per_floor":["R","M","?","M","?","R","T","E","M","E","R","M","?","M","M","B",null,"R","M","M","?","M","R","T","R","$","?","R","E","M","M","M","B",null,"R","M","M","M","?","E","T","E","?","M","R","$","E","M","M","B",null,null,"E","$","R","B","B",null],"character_chosen":"Librarian","items_purchased":["REME_PuzzleBoxRelic","PageOfScarecrow","REME_Flogging","Pen Nib","War Paint","MostiFishMod:JungleRules"],"campfire_rested":0,"item_purchase_floors":[26,26,46,54,54,54],"current_hp_per_floor":[63,60,49,49,49,49,49,49,49,49,49,49,49,49,49,48,86,86,86,86,89,90,90,90,90,94,85,85,85,85,86,86,90,107,107,111,114,115,116,117,117,118,118,119,129,132,133,134,135,136,137,137,138,141,141,142,140],"gold":286,"neow_bonus":"TEN_PERCENT_HP_BONUS","is_daily":false,"chose_seed":false,"campfire_upgraded":9,"win_rate":0.0,"timestamp":1613496165,"path_taken":["R","M","?","M","?","R","T","E","M","E","R","?","?","M","M","BOSS","R","M","M","?","?","R","T","R","?","?","R","E","?","M","M","BOSS","R","M","?","M","?","E","T","E","?","M","R","$","E","?","M","BOSS","E","$","R","BOSS","BOSS"],"items_purchased_type":["Relic","Relic","Card","Relic","Relic","Card"],"build_version":"2020-12-22","purchased_purges":3,"victory":true,"max_hp_per_floor":[99,99,99,99,99,99,99,99,99,99,99,99,99,99,99,99,99,99,99,99,99,100,100,100,100,104,107,107,108,109,110,111,112,112,112,113,114,115,116,117,117,118,118,119,129,132,133,134,135,136,137,137,138,141,141,142,143],"card_choices":[{"not_picked":["EnergyShield","GreatSerpentsImpact","PinpointShot","AutomatedMovement","Overcharge","SunsetBlade","SuppressingShot","Reload"],"picked":"GrazeTheGrass","floor":2.0},{"not_picked":["DefenseOrder","YouOnlyLiveOnce","Track","GroundSmash","QuickAttack","Reload","Thrust","MultiBlock","FierceCharge"],"picked":"SKIP","floor":2.0},{"not_picked":["Standoff","DesperateStruggle","QuickAttack","TraceOfFumes","CombatPreparation","PreemptiveStrike","Overcharge","StructuralAnalysis"],"picked":"PreparedMind","floor":4.0},{"not_picked":["FendThisOffIfYouCan","DefenseOrder","BurningFlash","StrongStrike","Quickness","UncannyStrike","SnakesPrey","DestructiveImpact"],"picked":"PreparedMind","floor":4.0},{"not_picked":["DimensionalRift","ExtremeEdge","HiddenBlade","ViolentFlame","FierceOnslaught","GreatSerpentsImpact","Wallop_lor","QuickSuppression"],"picked":"CleanUp","floor":8.0},{"not_picked":["FocusFire","FeelinGood","EndlessBattle","SweepTheBackstreets","SinglePointStab","Pound","SerpentSwordTechnique","TimeForALittleTest","Outburst"],"picked":"SKIP","floor":9.0},{"not_picked":["Thirst","GreatSerpentsImpact","Fence","DefenseOrder","Suppress","AGoldenOpportunity","MultiBlock","GaleKick","HandlingWork"],"picked":"SKIP","floor":9.0},{"not_picked":["Pound","UpbeatPerformance","HighKick","VioletBlade","DefenseOrder","FleetFootsteps","BizarreAttack","FaintMemories"],"picked":"FlamingDragonFist","floor":10.0},{"not_picked":["SunsetBlade","ReadyUp","Unlock1","VioletBlade","Thrust","SpearedSweep","EndlessBattle","HandleRequest"],"picked":"Brawl","floor":12.0},{"not_picked":["QuickSuppression","Diversion","GreatSerpentsImpact","IronWall","TheArtOfRapidSteps","UndertakePrescript","Cruelty","Outburst","Reload"],"picked":"SKIP","floor":12.0},{"not_picked":["SkyClearingCut","StartinOutLightly","IdentifyWeakpoint","Standoff","SinglePointStab","Deflect_lor","Concentration","Retaliate"],"picked":"FrontalAssault","floor":14.0},{"not_picked":["YoureTooSlow","IngredientHunt","Feast","ForTheFamily","Parry2","Reload","HighKick","QuickAttack"],"picked":"WaitUp","floor":14.0},{"not_picked":["QuickSuppression","FlamingDragonFist","BlowItUp","BiAn","Outburst","PinpointShot","FleetFootsteps","Rewind"],"picked":"DriedUp","floor":15.0},{"not_picked":["SilentMist","QuickAttack","SpearedSweep","Mutilate","SearingSword","SuanNi","BindingArms","AsThePrescriptOrders"],"picked":"Quickness","floor":15.0},{"not_picked":["ToOvercomeCrisis","AsThePrescriptOrders","ViolentFlame","Standoff","ElectricShock","SmokingPipe","EnergyShield","DeepDrag"],"picked":"Faith","floor":19.0},{"not_picked":["JiaoTu","Concentration","LossOfSenses","GuardingStance","Wallop_lor+1","Standoff","PreemptiveStrike","BiAn"],"picked":"TendonChords","floor":19.0},{"not_picked":["TrashDisposal","Unlock1","Reload","ToWhereThePrescriptPoints","Thrust","SharpSwipe","FleetEdge","PinpointShot"],"picked":"TheRedNotes","floor":20.0},{"not_picked":["Cruelty","FlashingStrike","Parry2","SturdyDefense","SuppressingShot","MindPrepared","GuardingStance","Wallop_lor"],"picked":"AlloutWar","floor":20.0},{"not_picked":["EnergyShield","FleetFootsteps","FierceCharge","SmokingPipe","Gamble","SilentNight","DestructiveImpact","WildCard"],"picked":"GrazeTheGrass","floor":21.0},{"not_picked":["DriedUp","SearingSword","AsThePrescriptOrders","DimensionalRift","FierceCharge","PreparedMind","UncannyStrike","FendThisOffIfYouCan"],"picked":"ToOvercomeCrisis","floor":22.0},{"not_picked":["MultiHit","SuppressingShot+1","CoordinatedAssault","FaintMemories","EndlessBattle","PreemptiveStrike","NightInTheBackstreets","Punishment"],"picked":"Faith","floor":22.0},{"not_picked":["HandleRequest","Pound","StructuralAnalysis","FierceOnslaught","SnakesPrey","TasteMyFlamingBat","TheArtOfRapidSteps","TendonChords","SmokingPipe"],"picked":"SKIP","floor":26.0},{"not_picked":["Standoff","MultiBlock","Cruelty","Marionette","Pound","SinglePointStab","SunsetBlade","StrongStrike+1"],"picked":"FrontalAssault","floor":29.0},{"not_picked":["StrikeDown","EndlessBattle+1","ButterflySlash","TendonChords","CombatPreparation","ReadyUp","SmokingPipe","Diversion"],"picked":"Faith","floor":30.0},{"not_picked":["TendonChords","NightInTheBackstreets","FleetFootsteps+1","EnergyCycle","SetFire","EnergyStrike","QuickSuppression","AsThePrescriptOrders","YoureAHindrance"],"picked":"SKIP","floor":30.0},{"not_picked":["FocusFire+1","AutonomousRush","ViolentFlame","Reload","FleetFootsteps","SerpentSwordTechnique","Diversion","EnergyConversion"],"picked":"Faith","floor":31.0},{"not_picked":["Crush","ScatteringSlash","DarkCloud","AssaultOrder","StructuralAnalysis","WillOfThePrescript","Thrust","Disposal","IngredientHunt+1"],"picked":"SKIP","floor":31.0},{"not_picked":["UncannyStrike","SuppressingShot","Multislash","FleetEdge","WillBeTasty","Reload","TieShanKao","SpearedSweep"],"picked":"Faith+1","floor":32.0},{"not_picked":["HandleRequest","GuardingStance","CookingPrep","Overpower","StayCalm","Parry2","FleetEdge","BizarreAttack"],"picked":"GrazeTheGrass","floor":32.0},{"not_picked":["HighSpeedStabbing","Preparation","FleetFootsteps+1","BiAn","Retaliate+1","Mutilate","MultiHit","SharpSwipe"],"picked":"Faith","floor":36},{"not_picked":["HandleRequest+1","Wallop_lor","KeepItFresh+1","GuidanceOfTheGears","DarkCloud","FocusFire+1","VioletBlade","Multislash+1"],"picked":"FrontalAssault+1","floor":36},{"not_picked":["SweepTheBackstreets","AsThePrescriptOrders","NightInTheBackstreets+1","BlazingStrike","Wallop_lor","BattleCommand","PreparedMind","EnergyCycle+1"],"picked":"TendonChords+1","floor":37},{"not_picked":["GatherIntel","SerpentSwordTechnique","NightInTheBackstreets","BindingChains+1","RapidGashes","Concentration","GuidanceOfTheGears","DesperateStruggle+1","Multislash+1"],"picked":"SKIP","floor":37},{"not_picked":["SharpNails","DirtyBlow+1","Parry","PinpointShot","SnakesPrey","HeavyPeaks","RapidGashes","DarkCloud"],"picked":"ToOvercomeCrisis","floor":38},{"not_picked":["TraceOfFumes","SetFire+1","StructuralAnalysis","Laceration","StrongStrike","PreparedMind","SunsetBlade","Wallop_lor"],"picked":"ExtractFuel","floor":38},{"not_picked":["ProselytesBlade","Quickness+1","SerpentSwordTechnique+1","BattleCommand","ChiWen","SomberProcuration+1","SharpSwipe","MultiHit"],"picked":"SuanNi","floor":39},{"not_picked":["Wallop_lor+1","Faith","SerpentSwordTechnique","Reload+1","KeepItFresh","BackAttack","SmokingPipe","Duel_lor"],"picked":"FrontalAssault","floor":40},{"not_picked":["DimensionalRift","QuickSuppression","FleetEdge","BlowItUp+1","DriedUp","UnavoidableGaze","HighKick","Struggle","DefenseOrder"],"picked":"SKIP","floor":42},{"not_picked":["Parry","TendonChords","SinglePointStab","Unlock1","AsThePrescriptOrders","ICanCookAnything","GaleKick","TieShanKao"],"picked":"FrontalAssault","floor":44},{"not_picked":["EnergyShield+1","Parry2","PreemptiveStrike","SharpenedBlade+1","Overcharge+1","ClassAndRespect","Reload","DefenseOrder","SuppressingShot+1"],"picked":"SKIP","floor":44},{"not_picked":["Unlock1","Juggling","PreemptiveStrike","TraceOfFumes+1","GatherIntel+1","GuardingStance","Eliminate+1","SpearedSweep","QuickAttack+1"],"picked":"SKIP","floor":47},{"not_picked":["SharpSwipe","Transpierce","Multislash","FleetEdge+1","ButterflySlash","Parry","SweepTheBackstreets+1","DesperateStruggle+1","BulkyImpact"],"picked":"SKIP","floor":48},{"not_picked":["ButterflySlash+1","SilentNight","FierceCharge","ExtractFuel","PinpointShot","StrikeDown","DesperateStruggle","FaintMemories","BiAn"],"picked":"SKIP","floor":48},{"not_picked":["ClassAndRespect","CoordinatedAssault","SpearedSweep","Multislash","SinglePointStab","StructuralAnalysis","EnergyShield","Diversion+1"],"picked":"Faith","floor":49},{"not_picked":["FlowOfTheSword","GuardingStance","SinglePointStab","HeavyPeaks","EndlessBattle","HiddenBlade","IngredientHunt+1","UpbeatPerformance"],"picked":"Eradication","floor":49},{"not_picked":["Thrust","EnergyBeam","SunsetBlade","ScratchThat","SinglePointStab","Diversion+1","FleetFootsteps+1","NightInTheBackstreets","SuppressingShot"],"picked":"SKIP","floor":53}],"player_experience":744005,"relics_obtained":[{"floor":7.0,"key":"AT_TimeSand"},{"floor":8.0,"key":"Blue Candle"},{"floor":10.0,"key":"halation:Toothbrush"},{"floor":21.0,"key":"downfall:CloakOfManyFaces"},{"floor":29.0,"key":"halation:TwoAmDonut"},{"floor":39,"key":"BionicSphere"},{"floor":40,"key":"PageOfBigBadWolf"},{"floor":42,"key":"Mercury Hourglass"},{"floor":47,"key":"Thread and Needle"},{"floor":53,"key":"PageOfMercenary"}],"event_choices":[{"damage_healed":0.0,"max_hp_gain":0.0,"max_hp_loss":0.0,"gold_gain":0.0,"event_name":"Scrap Ooze","player_choice":"Success","floor":3.0,"gold_loss":0.0,"damage_taken":11.0,"relics_obtained":["MawBank"]},{"damage_healed":0.0,"max_hp_gain":0.0,"max_hp_loss":0.0,"gold_gain":0.0,"event_name":"Accursed Blacksmith","player_choice":"Forge","floor":5.0,"gold_loss":0.0,"damage_taken":0.0,"cards_upgraded":["DegradedPillar"]}],"is_beta":false,"boss_relics":[{"not_picked":["hubris:GrandSneckoEye","halation:MonkeysPaw","halation:Yufonium"]},{"not_picked":["EE1DDrone","Empty Cage"],"picked":"Replay:Wanted Poster"}],"items_purged_floors":[26,46,54],"is_endless":false,"potions_floor_spawned":[12,14,15,19,30,33,37,38,39,47,49],"ascension_level":15}}