{"host":"g7sxcfouz24f0psv","time":1613496922,"event":{"mods":["Aspiration","BaseMod","Colored Powertips","Hermit","Highlight Path","Minty Spire (QoL Compilation)","Replay The Spire","StSLib","The Cursed","The Hierophant"],"gold_per_floor":[115,133,143,158,171,171,171],"floor_reached":6,"language":"ENG","playtime":663,"items_purged":[],"score":40,"play_id":"e6f04ccf-20d0-4832-96a0-ea1573b6c2bc","local_time":"20210216183522","is_ascension_mode":false,"campfire_choices":[],"circlet_count":0,"master_deck":["hierophant:Strike_Hierophant","hierophant:Strike_Hierophant","hierophant:Strike_Hierophant","hierophant:Strike_Hierophant","hierophant:Punish","hierophant:Defend_Hierophant","hierophant:Defend_Hierophant","hierophant:Defend_Hierophant","hierophant:Defend_Hierophant","hierophant:ChurchCoffers","hierophant:Sermon","hierophant:PassingBell","hierophant:RepressedViolence","hierophant:Rebuild","hierophant:PassingBell"],"relics":["hierophant:PropheticMaskRelic"],"acts_visited":["Exordium"],"potions_floor_usage":[],"damage_taken":[{"damage":0,"enemies":"2 Louse","floor":1,"turns":3},{"damage":0,"enemies":"Small Slimes","floor":2,"turns":3},{"damage":2,"enemies":"Cultist","floor":3,"turns":4},{"damage":13,"enemies":"Exordium Wildlife","floor":4,"turns":4},{"damage":12,"enemies":"Large Slime","floor":5,"turns":8},{"damage":15,"enemies":"Replay:BlueRogue","floor":6,"turns":4}],"seed_played":"4405068183526480032","potions_obtained":[{"floor":2,"key":"Flashbang"}],"is_trial":false,"path_per_floor":["M","M","M","M","M","E"],"character_chosen":"HIEROPHANT","items_purchased":[],"campfire_rested":0,"item_purchase_floors":[],"current_hp_per_floor":[82,82,80,67,55,40,40],"gold":171,"neow_bonus":"TEN_PERCENT_HP_BONUS","is_daily":false,"chose_seed":false,"campfire_upgraded":0,"win_rate":0.0,"timestamp":1613496922,"path_taken":["M","M","M","M","M","E"],"items_purchased_type":[],"build_version":"2020-12-22","purchased_purges":0,"victory":false,"max_hp_per_floor":[82,82,82,82,82,82,82],"card_choices":[{"not_picked":["hierophant:SealAway","hierophant:Purify"],"picked":"hierophant:Sermon","floor":1},{"not_picked":["hierophant:OrnateBuckler","hierophant:Prophecy"],"picked":"hierophant:PassingBell","floor":2},{"not_picked":["hierophant:Glossolalia","hierophant:Shelter"],"picked":"hierophant:RepressedViolence","floor":3},{"not_picked":["hierophant:Racketeering","hierophant:AuricShield"],"picked":"hierophant:Rebuild","floor":4},{"not_picked":["hierophant:SealAway","hierophant:Prophecy"],"picked":"hierophant:PassingBell","floor":5}],"player_experience":66672,"relics_obtained":[],"event_choices":[],"is_beta":false,"boss_relics":[],"items_purged_floors":[],"is_endless":false,"potions_floor_spawned":[2],"killed_by":"Replay:BlueRogue","ascension_level":0}}