{"host":"8efry9zhj4tjp5kw","time":1613485205,"event":{"mods":["Act Like it!","Aspiration","Bard","BaseMod","Beaked The Cultist","Colored Map","Colored Powertips","Conspire","Downfall","Glutton Mod","Halation","Hallownest","Hermit","Highlight Path","Hubris","Infinite Spire","Jedi Mod","Jorbs\u0027s Wanderer Trilogy","Koishi","Mad Scientist","Marisa????????","Mimic Mod","Minty Spire (QoL Compilation)","Reworked Bosses","Shop Mod","StSLib","The Administrix","The Construct","The Disciple","The Jungle","The Mystic","The Necromancer","The Servant 0.9.4","Unceasing Turn Reminder"],"gold_per_floor":[99,99,199,199,199,199,199,228,238,252,263,173,173,205,223,320,320,320,337,337,353,133,133,133,147,147,147,165,0,0,125,140,244,244,244,257,257,257,275,288,288,313,313,328,328,347,347,347,365,365],"floor_reached":51,"language":"ENG","playtime":3578,"items_purged":["hexamod:Strike","hexamod:Strike","hexamod:Strike","hexamod:Defend"],"score":760,"play_id":"11224097-aaed-409d-a8ce-ce7a2c90d85a","local_time":"20210216152005","is_ascension_mode":false,"campfire_choices":[{"data":"hexamod:Float","floor":1,"key":"SMITH"},{"data":"hexamod:SwordOfDarkness","floor":6,"key":"SMITH"},{"data":"hexamod:RainOfEmbers","floor":13,"key":"SMITH"},{"data":"hexamod:SuperheatedStrike","floor":18,"key":"SMITH"},{"floor":23,"key":"REST"},{"data":"hexamod:Incineration","floor":27,"key":"SMITH"},{"floor":30,"key":"REST"},{"data":"hexamod:GiftsFromTheDead","floor":35,"key":"SMITH"},{"data":"hexamod:PhantomCloak","floor":43,"key":"SMITH"},{"data":"hexamod:VolcanoVisage","floor":45,"key":"SMITH"},{"floor":47,"key":"REST"}],"circlet_count":0,"master_deck":["hexamod:Defend","hexamod:Defend","hexamod:Defend","hexamod:Sear","hexamod:Float+1","hexamod:SwordOfDarkness+1","hexamod:GhostShield","hexamod:RainOfEmbers+1","hexamod:SuperheatedStrike+1","hexamod:Hexaguard","hexamod:GhostflameBarrier","hexamod:Hexaguard+1","hexamod:UnleashSpirits","hexamod:HauntingEcho","hexamod:Rewind+1","hexamod:RainOfEmbers+1","hexamod:Incineration+1","hexamod:NightmareGuise","hexamod:ShieldOfDarkness+1","hexamod:RecurringNightmare+1","hexamod:VolcanoVisage+1","hexamod:Hexaguard+1","hexamod:NightmareGuise+1","hexamod:PhantomCloak+1","hexamod:GiftsFromTheDead+1","hexamod:NightmareStrike+1","hexamod:Hexaguard+1","hexamod:PhantomCloak+1"],"relics":["hexamod:SpiritBrand","downfall:HeartsMalice","aspiration:StickyExplosives_weak","hubris:BottledRain","Blood Vial","bronze:MakeshiftBattery","aspiration:RitualStick","Toxic Egg 2","Philosopher\u0027s Stone","conspire:Flyswatter","Bronze Scales","hubris:Towel"],"acts_visited":["Exordium","TheCity","TheBeyond"],"potions_floor_usage":[11,14,16,33,33,50],"damage_taken":[{"damage":0,"enemies":"Small Slimes","floor":4,"turns":1},{"damage":0,"enemies":"Jaw Worm","floor":5,"turns":1},{"damage":0,"enemies":"Gremlin Nob","floor":8,"turns":1},{"damage":2,"enemies":"infinitespire:Voidling","floor":9,"turns":3},{"damage":11,"enemies":"Exordium Thugs","floor":10,"turns":3},{"damage":13,"enemies":"Lots of Slimes","floor":11,"turns":4},{"damage":0,"enemies":"downfall:FleeingMerchant","floor":12,"turns":4},{"damage":8,"enemies":"Lagavulin","floor":14,"turns":5},{"damage":2,"enemies":"conspire:2 RoseBushes","floor":15,"turns":4},{"damage":1,"enemies":"IC_STATUS_ARCHETYPE","floor":16,"turns":6},{"damage":25,"enemies":"conspire:FuzzyDice","floor":19,"turns":7},{"damage":8,"enemies":"3 Byrds","floor":21,"turns":5},{"damage":0,"enemies":"downfall:FleeingMerchant","floor":22,"turns":4},{"damage":11,"enemies":"Snake Plant","floor":25,"turns":3},{"damage":11,"enemies":"conspire:HollyBat","floor":28,"turns":7},{"damage":0,"enemies":"downfall:FleeingMerchant","floor":29,"turns":4},{"damage":0,"enemies":"downfall:FleeingMerchant","floor":31,"turns":1},{"damage":3,"enemies":"3 Cultists","floor":32,"turns":3},{"damage":21,"enemies":"WA_ARCHETYPE_CALM","floor":33,"turns":7},{"damage":3,"enemies":"3 Darklings","floor":36,"turns":4},{"damage":0,"enemies":"Orb Walker","floor":39,"turns":3},{"damage":8,"enemies":"Jaw Worm Horde","floor":40,"turns":4},{"damage":8,"enemies":"Nemesis","floor":42,"turns":6},{"damage":0,"enemies":"4 Shapes","floor":44,"turns":8},{"damage":3,"enemies":"3 Darklings","floor":46,"turns":4},{"damage":11,"enemies":"Jaw Worm Horde","floor":49,"turns":4},{"damage":11,"enemies":"SI_POISON_ARCHETYPE","floor":50,"turns":13}],"seed_played":"3413795882656955784","potions_obtained":[{"floor":8,"key":"AttackPotion"},{"floor":9,"key":"jedi:tentaclejuice"},{"floor":14,"key":"jedi:StrikingPotion"},{"floor":15,"key":"construct:ShiftPotion"},{"floor":28,"key":"FearPotion"},{"floor":32,"key":"Strength Potion"},{"floor":33,"key":"Fire Potion"},{"floor":36,"key":"SkillPotion"},{"floor":44,"key":"hexamod:EctoCoolerPotion"}],"is_trial":false,"path_per_floor":["R","?","?","M","M","R","T","E","M","M","M","$","R","E","M","B",null,"R","M","?","M","$","R","T","M","?","R","M","$","R","$","M","B",null,"R","M","?","?","M","M","T","E","R","M","R","M","R","?","M","B",null],"character_chosen":"THE_SPIRIT","items_purchased":["hexamod:Incineration","hexamod:NightmareGuise","hexamod:Hexaguard+1","hexamod:PhantomCloak"],"campfire_rested":3,"item_purchase_floors":[22,22,29,31],"current_hp_per_floor":[70,70,70,70,70,70,70,70,68,57,44,44,44,36,36,37,70,70,45,31,25,27,48,48,39,39,39,30,32,53,55,54,35,70,70,67,67,67,69,62,62,56,56,58,58,57,70,70,59,50],"gold":365,"neow_bonus":"THREE_ENEMY_KILL","is_daily":false,"chose_seed":false,"campfire_upgraded":8,"win_rate":0.0,"timestamp":1613485205,"path_taken":["R","?","?","M","M","R","T","E","?","M","M","?","R","E","M","BOSS","R","M","?","M","$","R","T","M","?","R","?","$","R","?","M","BOSS","R","M","?","?","M","?","T","E","R","M","R","M","R","?","M","BOSS"],"items_purchased_type":["Card","Card","Card","Card"],"build_version":"2020-12-22","purchased_purges":4,"victory":true,"max_hp_per_floor":[70,70,70,70,70,70,70,70,70,70,70,70,70,70,70,70,70,70,70,70,70,70,70,70,70,70,70,70,70,70,70,70,70,70,70,70,70,70,70,70,70,70,70,70,70,70,70,70,70,70],"card_choices":[{"not_picked":["hexamod:AdvancingGuard","hexamod:ThirdSeal"],"picked":"hexamod:SwordOfDarkness","floor":4},{"not_picked":["hexamod:SecondSeal","hexamod:HauntingEcho"],"picked":"hexamod:GhostShield","floor":5},{"not_picked":["hexamod:BacktrackSmack","hexamod:ThermalTransfer"],"picked":"hexamod:RainOfEmbers","floor":8},{"not_picked":["hexamod:SkipABeat","hexamod:HeatCrush"],"picked":"hexamod:SuperheatedStrike","floor":9},{"not_picked":["hexamod:SkipABeat","hexamod:EtherealExpedition"],"picked":"hexamod:Hexaguard","floor":10},{"not_picked":["hexamod:ShieldOfDarkness","hexamod:FlamesFromBeyond","hexamod:SoulSteal"],"picked":"SKIP","floor":11},{"not_picked":["hexamod:SoulSteal","hexamod:EmpoweredFlame"],"picked":"hexamod:GhostflameBarrier","floor":12},{"not_picked":["hexamod:DynamicBlow","hexamod:InspiringFlames"],"picked":"hexamod:Hexaguard","floor":14},{"not_picked":["hexamod:SecondSeal","hexamod:FlamesFromBeyond","hexamod:EmpoweredFlame"],"picked":"SKIP","floor":15},{"not_picked":["hexamod:HexaLevel","hexamod:GhostflameInferno"],"picked":"hexamod:UnleashSpirits","floor":16},{"not_picked":["hexamod:Again","hexamod:SuperheatedStrike"],"picked":"hexamod:HauntingEcho","floor":19},{"not_picked":["hexamod:StepThrough","hexamod:HauntingEcho"],"picked":"hexamod:Rewind+1","floor":21},{"not_picked":["hexamod:BurningTouch","hexamod:Hexaguard+1"],"picked":"hexamod:RainOfEmbers+1","floor":22},{"not_picked":["hexamod:SkipABeat+1","hexamod:EmpoweredFlame"],"picked":"hexamod:ShieldOfDarkness+1","floor":25},{"not_picked":["hexamod:RecurringNightmare+1","hexamod:GhostOfSpireFuture","hexamod:GhostLash"],"picked":"SKIP","floor":28},{"not_picked":["hexamod:FirstSeal","hexamod:HauntingEcho"],"picked":"hexamod:VolcanoVisage","floor":29},{"not_picked":["hexamod:GhostLash","hexamod:SkipABeat+1"],"picked":"hexamod:NightmareGuise+1","floor":31},{"not_picked":["hexamod:NecessarySacrifice+1","hexamod:HeatShield+1","hexamod:SuperheatedStrike"],"picked":"SKIP","floor":32},{"not_picked":["hexamod:UnleashSpirits","hexamod:FifthSeal"],"picked":"hexamod:GiftsFromTheDead","floor":33},{"not_picked":["hexamod:ShieldOfDarkness+1","hexamod:SpectralSpark+1"],"picked":"hexamod:NightmareStrike+1","floor":36},{"not_picked":["hexamod:BacktrackSmack+1","hexamod:ShieldOfDarkness+1","hexamod:FlamesFromBeyond+1"],"picked":"SKIP","floor":39},{"not_picked":["hexamod:PhantomFireball+1","hexamod:NightmareGuise+1","hexamod:FlamesFromBeyond+1"],"picked":"SKIP","floor":40},{"not_picked":["hexamod:Hexaguard+1","hexamod:SpectersWail","hexamod:Again+1"],"picked":"SKIP","floor":42},{"not_picked":["hexamod:HeatMetal","hexamod:SkipABeat+1"],"picked":"hexamod:Hexaguard+1","floor":44},{"not_picked":["hexamod:ThermalTransfer","hexamod:FourthSeal"],"picked":"hexamod:PhantomCloak+1","floor":46},{"not_picked":["hexamod:FlamesFromBeyond+1","hexamod:SwordOfDarkness+1","hexamod:Hexaguard+1"],"picked":"SKIP","floor":49}],"player_experience":1134457,"relics_obtained":[{"floor":7,"key":"aspiration:StickyExplosives_weak"},{"floor":8,"key":"hubris:BottledRain"},{"floor":14,"key":"Blood Vial"},{"floor":24,"key":"Toxic Egg 2"},{"floor":41,"key":"conspire:Flyswatter"},{"floor":42,"key":"Bronze Scales"}],"event_choices":[],"is_beta":false,"boss_relics":[{"not_picked":["jedi:battlestandard","Black Star"],"picked":"bronze:MakeshiftBattery"},{"not_picked":["halation:HeavySnake","halation:ForbiddenBikini"],"picked":"Philosopher\u0027s Stone"}],"items_purged_floors":[12,22,29,31],"is_endless":false,"potions_floor_spawned":[8,9,14,15,28,32,33,36,44,46],"ascension_level":0}}