{"host":"prxrhpgaxnj4om9r","time":1613486715,"event":{"mods":["AchievementEnabler","BaseMod","Colored Map","DeckTracker","Minty Spire (QoL Compilation)"],"gold_per_floor":[112,112,112,125,1,31,31,79,79,79,154,180,215,229,229,229,229],"floor_reached":16,"language":"KOR","playtime":292,"items_purged":["Regret"],"score":187,"play_id":"ff57727d-99d6-4ecf-97fa-3a97b9fa9e6d","local_time":"20210216234515","is_ascension_mode":true,"campfire_choices":[{"data":"Berserk","floor":7,"key":"SMITH"},{"data":"Bloodletting","floor":15,"key":"SMITH"}],"circlet_count":0,"master_deck":["Strike_R","Strike_R","Strike_R","Strike_R","Strike_R","Defend_R","Defend_R","Defend_R","Bash","Wild Strike","Ghostly Armor","Clash","Berserk+1","Bloodletting+1","Pommel Strike+1","Rampage+1"],"relics":["Burning Blood","NeowsBlessing","Blood Vial","Juzu Bracelet","Bag of Marbles","Molten Egg 2","Nunchaku","Gremlin Horn"],"acts_visited":["Exordium"],"potions_floor_usage":[16],"damage_taken":[{"damage":0,"enemies":"Jaw Worm","floor":1,"turns":1},{"damage":0,"enemies":"Small Slimes","floor":4,"turns":1},{"damage":0,"enemies":"Lagavulin","floor":6,"turns":1},{"damage":3,"enemies":"Gremlin Nob","floor":13,"turns":2},{"damage":0,"enemies":"Cultist","floor":14,"turns":2},{"damage":81,"enemies":"The Guardian","floor":16,"turns":8}],"seed_played":"-5669201419216990087","potions_obtained":[{"floor":1,"key":"Energy Potion"},{"floor":13,"key":"Energy Potion"},{"floor":14,"key":"Fire Potion"}],"is_trial":false,"path_per_floor":["M","?","?","M","$","E","R","T","T","?","?","T","E","M","R","B"],"character_chosen":"IRONCLAD","items_purchased":["Clash"],"campfire_rested":0,"item_purchase_floors":[5],"current_hp_per_floor":[80,80,80,80,80,80,80,80,80,80,69,69,74,80,80,0,0],"gold":229,"neow_bonus":"THREE_ENEMY_KILL","is_daily":false,"chose_seed":false,"campfire_upgraded":2,"win_rate":0.0,"timestamp":1613486715,"path_taken":["M","?","?","M","$","E","R","?","T","?","?","?","E","M","R","BOSS"],"items_purchased_type":["Card"],"build_version":"2020-12-22","purchased_purges":1,"victory":false,"max_hp_per_floor":[80,80,80,80,80,80,80,80,80,80,80,80,80,80,80,80,80],"card_choices":[{"not_picked":["Sever Soul","Searing Blow"],"picked":"Wild Strike","floor":1},{"not_picked":["Dark Embrace","Havoc"],"picked":"Ghostly Armor","floor":4},{"not_picked":["Sentinel","Headbutt"],"picked":"Berserk","floor":6},{"not_picked":["Wild Strike+1","Reckless Charge+1"],"picked":"Pommel Strike+1","floor":13},{"not_picked":["Pummel+1","Seeing Red"],"picked":"Rampage+1","floor":14}],"player_experience":493267,"relics_obtained":[{"floor":6,"key":"Juzu Bracelet"},{"floor":8,"key":"Bag of Marbles"},{"floor":9,"key":"Molten Egg 2"},{"floor":12,"key":"Nunchaku"},{"floor":13,"key":"Gremlin Horn"}],"event_choices":[{"damage_healed":0,"gold_gain":0,"player_choice":"Box","damage_taken":0,"relics_obtained":["Blood Vial"],"max_hp_gain":0,"max_hp_loss":0,"event_name":"Big Fish","floor":2,"gold_loss":0,"cards_obtained":["Regret"]},{"damage_healed":0,"gold_gain":0,"player_choice":"Ignored","damage_taken":0,"max_hp_gain":0,"max_hp_loss":0,"event_name":"Liars Game","floor":3,"gold_loss":0},{"damage_healed":0,"gold_gain":0,"cards_transformed":["Defend_R"],"player_choice":"Transformed","damage_taken":0,"max_hp_gain":0,"max_hp_loss":0,"event_name":"Transmorgrifier","floor":10,"gold_loss":0,"cards_obtained":["Bloodletting"]},{"damage_healed":0,"gold_gain":75,"player_choice":"Gather Gold","damage_taken":11,"max_hp_gain":0,"max_hp_loss":0,"event_name":"World of Goop","floor":11,"gold_loss":0}],"is_beta":false,"boss_relics":[],"items_purged_floors":[5],"is_endless":false,"potions_floor_spawned":[1,13,14],"killed_by":"The Guardian","ascension_level":4}}