{"host":"3498uni0c31c9bdm","time":1613455910,"event":{"mods":["BaseMod","Better Match","Better Note","Better Sensory Stone","Better Skull","Better Third Choice","Colored Map","Minty Spire (QoL Compilation)","Quick Restart","RNG Fix","Random Character Button","Replay The Spire","Shop Mod","Smile Girya","StSLib","Unceasing Turn Reminder"],"gold_per_floor":[116,116,77,77,23,42,61,61,61,31,31,61,61,95,95,95,95],"floor_reached":16,"language":"ENG","playtime":506,"items_purged":[],"score":164,"play_id":"332ea21a-6ea6-400e-816a-67ef1ac7678e","local_time":"20210216171150","is_ascension_mode":true,"campfire_choices":[{"floor":8,"key":"REST"},{"data":"Draining Mist","floor":11,"key":"SMITH"},{"floor":13,"key":"REST"},{"floor":15,"key":"RECALL"}],"circlet_count":0,"master_deck":["AscendersBane","Strike_G","Strike_G","Strike_G","Strike_G","Strike_G","Defend_G","Defend_G","Defend_G","Defend_G","Defend_G","Survivor","Neutralize+1","Draining Mist+1","Cloak And Dagger","Cloak And Dagger","Distraction+1","Dodge and Roll","Predator","PiercingWail","ReplayTheSpireMod:Scrap Shanks","Die Die Die"],"relics":["Ring of the Snake","Ornamental Fan","Ginger","Replay:Bottled Steam"],"acts_visited":["Exordium"],"potions_floor_usage":[14,16],"damage_taken":[{"damage":0,"enemies":"2 Louse","floor":1,"turns":4},{"damage":1,"enemies":"Small Slimes","floor":6,"turns":6},{"damage":6,"enemies":"Jaw Worm","floor":7,"turns":3},{"damage":0,"enemies":"Looter","floor":10,"turns":4},{"damage":22,"enemies":"Gremlin Nob","floor":12,"turns":6},{"damage":17,"enemies":"Lagavulin","floor":14,"turns":6},{"damage":52,"enemies":"Slime Boss","floor":16,"turns":9}],"seed_played":"6498718163442482639","potions_obtained":[{"floor":1,"key":"PowerPotion"},{"floor":7,"key":"SpeedPotion"}],"is_trial":false,"path_per_floor":["M","?","$","?","$","M","M","R","T","M","R","E","R","E","R","B"],"character_chosen":"THE_SILENT","items_purchased":["Cloak And Dagger","Distraction+1"],"campfire_rested":2,"item_purchase_floors":[3,5],"current_hp_per_floor":[63,63,63,63,63,62,56,70,70,70,70,48,69,52,52,0,0],"gold":95,"neow_bonus":"RANDOM_EVENT","is_daily":false,"chose_seed":false,"campfire_upgraded":1,"win_rate":0.0,"timestamp":1613455910,"path_taken":["M","?","?","?","$","M","M","R","T","?","R","E","R","E","R","BOSS"],"items_purchased_type":["Card","Card"],"build_version":"2020-12-22","purchased_purges":0,"victory":false,"max_hp_per_floor":[70,70,70,70,70,70,70,70,70,70,70,70,70,70,70,70,70],"card_choices":[{"not_picked":["ReplayTheSpireMod:The Works","Underhanded Strike"],"picked":"Draining Mist","floor":1},{"not_picked":["Underhanded Strike","Cloak And Dagger"],"picked":"Dodge and Roll","floor":6},{"not_picked":["ReplayTheSpireMod:Tripwire","Underhanded Strike"],"picked":"Predator","floor":7},{"not_picked":["Tactician","Sucker Punch"],"picked":"PiercingWail","floor":10},{"not_picked":["Cloak And Dagger","Acrobatics"],"picked":"ReplayTheSpireMod:Scrap Shanks","floor":12},{"not_picked":["Caltrops","Predator"],"picked":"Die Die Die","floor":14}],"player_experience":919348,"relics_obtained":[{"floor":9,"key":"Ornamental Fan"},{"floor":12,"key":"Ginger"},{"floor":14,"key":"Replay:Bottled Steam"}],"event_choices":[{"damage_healed":0,"gold_gain":0,"player_choice":"Grow","damage_taken":0,"max_hp_gain":0,"max_hp_loss":0,"event_name":"Living Wall","floor":0,"gold_loss":0,"cards_upgraded":["Neutralize"]},{"damage_healed":63,"gold_gain":0,"player_choice":"Embrace Burn","damage_taken":0,"max_hp_gain":0,"max_hp_loss":70,"event_name":"betterThird:BetterShining","floor":2,"gold_loss":0},{"cards_removed":["Burn"],"damage_healed":0,"gold_gain":0,"player_choice":"Purged","damage_taken":0,"max_hp_gain":0,"max_hp_loss":0,"event_name":"Purifier","floor":4,"gold_loss":0}],"is_beta":false,"boss_relics":[],"items_purged_floors":[],"is_endless":false,"potions_floor_spawned":[1,7],"killed_by":"Slime Boss","ascension_level":11}}