{"host":"zs3tguvuxkh90jf4","time":1613436375,"event":{"mods":["AchievementEnabler","BaseMod","Better Silent Start","Better-Laid Plans","BetterRewards","Block Reminder","Colored Map","Colored Powertips","Gold Saver","Minty Spire (QoL Compilation)","Shop Mod","StSLib","Transform Curses"],"gold_per_floor":[2868,2882,2882,2894,2894,2921,2921,2921,2921],"floor_reached":8,"language":"ENG","playtime":339,"items_purged":[],"score":112,"play_id":"66e37eb6-00b5-4a20-98ef-3cd3b76ad6ae","local_time":"20210215164615","is_ascension_mode":true,"campfire_choices":[{"floor":7,"key":"REST"}],"circlet_count":0,"master_deck":["AscendersBane","Strike_R","Strike_R","Strike_R","Strike_R","Defend_R","Defend_R","Defend_R+1","Defend_R+1","Bash","Metallicize","Heavy Blade","Iron Wave","Body Slam","Heavy Blade"],"relics":["Burning Blood","Paper Frog","Tiny Chest","Medical Kit","War Paint"],"acts_visited":["Exordium"],"potions_floor_usage":[6,8],"damage_taken":[{"damage":15,"enemies":"Jaw Worm","floor":1,"turns":6},{"damage":6,"enemies":"Small Slimes","floor":2,"turns":5},{"damage":0,"enemies":"Cultist","floor":4,"turns":3},{"damage":31,"enemies":"Gremlin Nob","floor":6,"turns":5},{"damage":53,"enemies":"Lagavulin","floor":8,"turns":10}],"seed_played":"9101479831511021678","potions_obtained":[{"floor":4,"key":"DuplicationPotion"},{"floor":6,"key":"GamblersBrew"}],"is_trial":false,"path_per_floor":["M","M","?","M","?","E","R","E"],"character_chosen":"IRONCLAD","items_purchased":["Paper Frog","Tiny Chest","Medical Kit","Metallicize"],"campfire_rested":1,"item_purchase_floors":[0,0,0,0],"current_hp_per_floor":[43,43,43,49,49,24,46,0,0],"gold":2921,"neow_bonus":"","is_daily":false,"chose_seed":false,"campfire_upgraded":0,"win_rate":0.0,"timestamp":1613436375,"path_taken":["M","M","?","M","?","E","R","E"],"items_purchased_type":["Relic","Relic","Relic","Card"],"build_version":"2020-12-22","purchased_purges":0,"victory":false,"max_hp_per_floor":[75,75,75,75,75,75,75,75,75],"card_choices":[{"not_picked":["Metallicize","True Grit"],"picked":"Heavy Blade","floor":1},{"not_picked":["Anger","Armaments"],"picked":"Iron Wave","floor":2},{"not_picked":["Bloodletting","True Grit"],"picked":"Body Slam","floor":4},{"not_picked":["Second Wind","Twin Strike"],"picked":"Heavy Blade","floor":6}],"player_experience":589133,"relics_obtained":[{"floor":6,"key":"War Paint"}],"event_choices":[{"damage_healed":0,"gold_gain":0,"player_choice":"Ignored","damage_taken":0,"max_hp_gain":0,"max_hp_loss":0,"event_name":"Liars Game","floor":3,"gold_loss":0},{"cards_removed":["Strike_R"],"damage_healed":0,"gold_gain":0,"player_choice":"Offered Basic","damage_taken":0,"max_hp_gain":0,"max_hp_loss":0,"event_name":"Bonfire Elementals","floor":5,"gold_loss":0}],"is_beta":false,"boss_relics":[],"items_purged_floors":[],"is_endless":false,"potions_floor_spawned":[4,6],"killed_by":"Lagavulin","ascension_level":20}}