{"host":"r081svdj6e9i7zze","time":1613447202,"event":{"mods":["AchievementEnabler","BaseMod","Colored Map","Minty Spire (QoL Compilation)","SuperFastMode"],"gold_per_floor":[117,135,85,10,21,21,51,51,77,105,117,19,19,29,29,124,124,134,147,147,112,112,112,140,140,218,266,112,112,131,149,149,251,251,266,277,277,295,47,47,47],"floor_reached":40,"language":"KOR","playtime":2391,"items_purged":["Strike_R"],"score":464,"play_id":"9f245fac-ac36-42d7-a8e8-bf6afe629540","local_time":"20210216124642","is_ascension_mode":false,"campfire_choices":[{"data":"Shockwave","floor":6,"key":"SMITH"},{"data":"Reckless Charge","floor":8,"key":"SMITH"},{"data":"Madness","floor":15,"key":"SMITH"},{"data":"Corruption","floor":23,"key":"SMITH"},{"data":"Strike_R","floor":25,"key":"PURGE"},{"data":"RitualDagger","floor":29,"key":"SMITH"},{"data":"Armaments","floor":32,"key":"SMITH"}],"circlet_count":0,"master_deck":["Strike_R","Strike_R","Strike_R","Defend_R","Defend_R","Defend_R","Defend_R","Bash","Shockwave+1","Reckless Charge+1","Headbutt","Inflame","Sentinel","Intimidate","Madness+1","Armaments+1","Corruption+1","Sword Boomerang+1","Bloodletting","RitualDagger+1","Anger","Feed","Heavy Blade+1","Uppercut+1","Sadistic Nature","Dark Shackles","Purity","Flex","Dual Wield"],"relics":["Burning Blood","Strawberry","Toy Ornithopter","Pantograph","Busted Crown","MutagenicStrength","Peace Pipe","Mummified Hand","Ancient Tea Set","Lee\u0027s Waffle","Snecko Eye","Oddly Smooth Stone"],"acts_visited":["Exordium","TheCity","TheBeyond"],"potions_floor_usage":[16,16,19,33,33,38,40],"damage_taken":[{"damage":5,"enemies":"2 Louse","floor":1,"turns":3},{"damage":5,"enemies":"Small Slimes","floor":2,"turns":4},{"damage":9,"enemies":"Jaw Worm","floor":5,"turns":4},{"damage":26,"enemies":"Lagavulin","floor":7,"turns":6},{"damage":20,"enemies":"Gremlin Nob","floor":10,"turns":5},{"damage":11,"enemies":"Blue Slaver","floor":11,"turns":4},{"damage":8,"enemies":"3 Louse","floor":14,"turns":5},{"damage":86,"enemies":"Slime Boss","floor":16,"turns":19},{"damage":39,"enemies":"Spheric Guardian","floor":18,"turns":6},{"damage":8,"enemies":"3 Byrds","floor":19,"turns":8},{"damage":52,"enemies":"Slavers","floor":24,"turns":7},{"damage":20,"enemies":"Shelled Parasite and Fungi","floor":30,"turns":6},{"damage":27,"enemies":"Snake Plant","floor":31,"turns":3},{"damage":65,"enemies":"Automaton","floor":33,"turns":10},{"damage":49,"enemies":"3 Darklings","floor":35,"turns":8},{"damage":18,"enemies":"Orb Walker","floor":36,"turns":3},{"damage":30,"enemies":"Jaw Worm Horde","floor":38,"turns":3},{"damage":57,"enemies":"Nemesis","floor":40,"turns":6}],"seed_played":"1583043324959137728","potions_obtained":[{"floor":1,"key":"ElixirPotion"},{"floor":7,"key":"Swift Potion"},{"floor":16,"key":"HeartOfIron"},{"floor":18,"key":"ElixirPotion"},{"floor":24,"key":"PowerPotion"},{"floor":31,"key":"Dexterity Potion"},{"floor":36,"key":"LiquidBronze"}],"is_trial":false,"path_per_floor":["M","M","?","$","M","R","E","R","T","E","M","$","?","M","R","B",null,"M","M","?","$","?","R","E","R","T","T","$","R","M","M","R","B",null,"M","M","?","M","$","E"],"character_chosen":"IRONCLAD","items_purchased":["Madness","Bloodletting","Lee\u0027s Waffle","Oddly Smooth Stone","Flex","Dual Wield"],"campfire_rested":0,"item_purchase_floors":[12,21,28,39,39,39],"current_hp_per_floor":[96,96,96,96,93,93,80,80,80,66,61,61,61,59,59,14,103,70,73,73,73,67,67,21,21,21,21,110,110,96,75,75,51,110,67,55,45,26,26,0,0],"gold":47,"neow_bonus":"TWENTY_PERCENT_HP_BONUS","is_daily":false,"chose_seed":false,"campfire_upgraded":6,"win_rate":0.0,"timestamp":1613447202,"path_taken":["M","M","?","$","M","R","E","R","T","E","M","$","?","M","R","BOSS","M","M","?","$","?","R","E","R","T","?","?","R","M","M","R","BOSS","M","M","?","M","$","E"],"items_purchased_type":["Card","Card","Relic","Relic","Card","Card"],"build_version":"2020-12-22","purchased_purges":1,"victory":false,"max_hp_per_floor":[96,96,96,96,96,96,103,103,103,103,103,103,103,103,103,103,103,103,103,103,103,103,103,103,103,103,103,110,110,110,110,110,110,110,110,110,110,110,110,110,110],"card_choices":[{"not_picked":["Warcry","Anger"],"picked":"Shockwave","floor":1},{"not_picked":["Flex","Carnage"],"picked":"Reckless Charge","floor":2},{"not_picked":["Sword Boomerang","Twin Strike"],"picked":"Headbutt","floor":5},{"not_picked":["Shrug It Off","Clothesline"],"picked":"Inflame","floor":7},{"not_picked":["Perfected Strike","Pommel Strike"],"picked":"Sentinel","floor":10},{"not_picked":["Armaments","Shockwave"],"picked":"Intimidate","floor":11},{"not_picked":["Iron Wave","Pommel Strike"],"picked":"Armaments","floor":14},{"not_picked":["Juggernaut","Impervious"],"picked":"Corruption","floor":16},{"not_picked":["Body Slam"],"picked":"SKIP","floor":18},{"not_picked":[],"picked":"Sword Boomerang+1","floor":19},{"not_picked":["Reckless Charge"],"picked":"SKIP","floor":24},{"not_picked":["Headbutt"],"picked":"SKIP","floor":30},{"not_picked":[],"picked":"Anger","floor":31},{"not_picked":[],"picked":"Feed","floor":33},{"not_picked":[],"picked":"Heavy Blade+1","floor":35},{"not_picked":[],"picked":"Uppercut+1","floor":36},{"not_picked":[],"picked":"Sadistic Nature","floor":37},{"not_picked":[],"picked":"Dark Shackles","floor":37},{"not_picked":[],"picked":"Purity","floor":37},{"not_picked":["Havoc"],"picked":"SKIP","floor":38}],"player_experience":59366,"relics_obtained":[{"floor":7,"key":"Strawberry"},{"floor":9,"key":"Toy Ornithopter"},{"floor":10,"key":"Pantograph"},{"floor":24,"key":"Peace Pipe"},{"floor":26,"key":"Mummified Hand"},{"floor":27,"key":"Ancient Tea Set"}],"event_choices":[{"cards_removed":["Injury"],"damage_healed":0,"gold_gain":0,"player_choice":"Card Removal","damage_taken":0,"max_hp_gain":0,"max_hp_loss":0,"event_name":"The Cleric","floor":3,"gold_loss":50},{"damage_healed":0,"gold_gain":0,"player_choice":"Ignored","damage_taken":0,"max_hp_gain":0,"max_hp_loss":0,"event_name":"Liars Game","floor":13,"gold_loss":0},{"damage_healed":0,"gold_gain":0,"player_choice":"Inject Mutagens","damage_taken":0,"relics_obtained":["MutagenicStrength"],"max_hp_gain":0,"max_hp_loss":0,"event_name":"Drug Dealer","floor":20,"gold_loss":0},{"damage_healed":0,"gold_gain":0,"player_choice":"Joined the Cult","damage_taken":6,"max_hp_gain":0,"max_hp_loss":0,"event_name":"Nest","floor":22,"gold_loss":0,"cards_obtained":["RitualDagger"]},{"damage_healed":0,"gold_gain":0,"player_choice":"Memory 3","damage_taken":10,"max_hp_gain":0,"max_hp_loss":0,"event_name":"SensoryStone","floor":37,"gold_loss":0}],"is_beta":false,"boss_relics":[{"not_picked":["SacredBark","Cursed Key"],"picked":"Busted Crown"},{"not_picked":["Runic Dome","Philosopher\u0027s Stone"],"picked":"Snecko Eye"}],"items_purged_floors":[4],"is_endless":false,"potions_floor_spawned":[1,7,16,18,24,31,36],"killed_by":"Nemesis","ascension_level":0}}