{"host":"at5b10nm0iti0w4x","time":1613496931,"event":{"mods":["2.2 Compatiblity","AchievementEnabler","BaseMod","Bestiary","Block Reminder","Colored Map","Colored Powertips","Highlight Path","Keyboard Shortcuts","Minty Spire (QoL Compilation)","Quick Restart","Relic Stats","Slay the Relics Exporter","StSLib","SuperFastMode","Unknown Chances"],"gold_per_floor":[117,130,130,144,99,134,154,181,181,211,10,10,30,205,205,302,302,322,322,322,18,0,26,26,45,45,45,62,91,109,124,124,220,220,240,240,240,1,24,52,52,67,67,83,110,128,28,28,28,28],"floor_reached":51,"language":"ENG","playtime":2547,"items_purged":[],"score":888,"play_id":"c5e5d862-e25f-48f6-b0cd-722786bb12b6","local_time":"20210216123531","is_ascension_mode":false,"campfire_choices":[{"data":"Armaments","floor":12.0,"key":"SMITH"},{"data":"Armaments","floor":15.0,"key":"SMITH"},{"data":"Shrug It Off","floor":24.0,"key":"SMITH"},{"floor":32.0,"key":"REST"},{"floor":41,"key":"REST"},{"floor":49,"key":"REST"}],"circlet_count":0,"master_deck":["Defend_R","Defend_R+1","Defend_R","Bash","Flex","Wild Strike","Armaments+1","Thunderclap","Cleave","Doubt","Iron Wave","Bite","Bite","Bite","Bite","Bite","Iron Wave","Shrug It Off+1","Ghostly+1","Ghostly+1","Ghostly+1","Ghostly+1","Ghostly+1","Shrug It Off+1","Shrug It Off+1","Armaments+1","Pommel Strike+1","Madness+1","Madness+1","Armaments+1","Clothesline+1","Cleave+1","Sword Boomerang+1","Sword Boomerang+1"],"relics":["Snecko Eye","Ornamental Fan","Blue Candle","Kunai","Black Star","MutagenicStrength","War Paint","OrangePellets","Pear","Bottled Flame","Toxic Egg 2","Gambling Chip","Anchor","Fusion Hammer","Medical Kit","Potion Belt","Strawberry","HornCleat","Shuriken","Gremlin Horn","Pantograph","Centennial Puzzle"],"acts_visited":["Exordium","TheCity","TheBeyond"],"potions_floor_usage":[33,33,33,50,50,50,50,50,50,50,50],"damage_taken":[{"damage":6.0,"enemies":"Jaw Worm","floor":1.0,"turns":2.0},{"damage":0.0,"enemies":"Cultist","floor":2.0,"turns":3.0},{"damage":0.0,"enemies":"Small Slimes","floor":4.0,"turns":3.0},{"damage":16.0,"enemies":"Gremlin Nob","floor":6.0,"turns":3.0},{"damage":8.0,"enemies":"Exordium Wildlife","floor":7.0,"turns":5.0},{"damage":9.0,"enemies":"3 Sentries","floor":8.0,"turns":7.0},{"damage":23.0,"enemies":"Gremlin Nob","floor":10.0,"turns":4.0},{"damage":0.0,"enemies":"Large Slime","floor":13.0,"turns":5.0},{"damage":47.0,"enemies":"Slime Boss","floor":16.0,"turns":7.0},{"damage":1.0,"enemies":"Chosen","floor":18.0,"turns":3.0},{"damage":23.0,"enemies":"2 Thieves","floor":22.0,"turns":4.0},{"damage":29.0,"enemies":"Book of Stabbing","floor":23.0,"turns":6.0},{"damage":15.0,"enemies":"3 Cultists","floor":25.0,"turns":6.0},{"damage":17.0,"enemies":"Sentry and Sphere","floor":28.0,"turns":11.0},{"damage":19.0,"enemies":"Slavers","floor":29.0,"turns":9.0},{"damage":3.0,"enemies":"Snake Plant","floor":30.0,"turns":7.0},{"damage":35.0,"enemies":"Shelled Parasite and Fungi","floor":31.0,"turns":15.0},{"damage":43,"enemies":"Automaton","floor":33,"turns":14},{"damage":5,"enemies":"3 Darklings","floor":35,"turns":9},{"damage":1,"enemies":"Nemesis","floor":40,"turns":10},{"damage":2,"enemies":"Orb Walker","floor":42,"turns":6},{"damage":2,"enemies":"4 Shapes","floor":44,"turns":7},{"damage":12,"enemies":"Reptomancer","floor":45,"turns":8},{"damage":0,"enemies":"Jaw Worm Horde","floor":46,"turns":3},{"damage":2,"enemies":"Awakened One","floor":50,"turns":7}],"seed_played":"-2634231227992105247","potions_obtained":[{"floor":1.0,"key":"LiquidMemories"},{"floor":7.0,"key":"SteroidPotion"},{"floor":10.0,"key":"SteroidPotion"},{"floor":23.0,"key":"Energy Potion"},{"floor":28.0,"key":"PowerPotion"},{"floor":30.0,"key":"SpeedPotion"},{"floor":33,"key":"Explosive Potion"},{"floor":35,"key":"Block Potion"},{"floor":42,"key":"PowerPotion"},{"floor":46,"key":"CultistPotion"}],"is_trial":false,"path_per_floor":["M","M","?","M","$","E","M","E","T","E","$","R","M","?","R","B",null,"M","?","?","$","M","E","R","M","T","?","M","E","M","M","R","B",null,"M","?","?","$","T","E","R","M","T","M","E","M","$","?","R","B",null],"character_chosen":"IRONCLAD","items_purchased":["Armaments","CultistPotion","FairyPotion","War Paint","OrangePellets","Medical Kit","Armaments+1","LiquidMemories","EntropicBrew"],"campfire_rested":3,"item_purchase_floors":[5,11,11,21,21,38,38,38,47],"current_hp_per_floor":[74,74,74,74,74,58,52,45,45,24,24,24,26,26,26,19,80,79,79,79,79,66,65,65,73,73,45,36,36,45,29,42,17,45,45,39,39,39,39,52,52,52,52,52,52,52,52,52,52,52],"gold":28,"neow_bonus":"BOSS_RELIC","is_daily":false,"chose_seed":false,"campfire_upgraded":3,"win_rate":0.0,"timestamp":1613496931,"path_taken":["M","M","?","?","$","E","M","E","T","E","$","R","?","?","R","BOSS","M","?","?","?","M","E","R","M","T","?","M","E","M","M","R","BOSS","M","?","?","?","?","E","R","M","T","M","E","?","$","?","R","BOSS"],"items_purchased_type":["Card","Potion","Potion","Relic","Relic","Relic","Card","Potion","Potion"],"build_version":"2020-12-22","purchased_purges":0,"victory":true,"max_hp_per_floor":[80,80,80,80,80,80,80,80,80,80,80,80,80,80,80,80,80,80,80,80,80,80,90,90,90,90,45,45,45,45,45,45,45,45,45,45,45,45,45,52,52,52,52,52,52,52,52,52,52,52],"relic_stats":{"Gremlin Horn":[5,5],"counters":[25,164],"Blue Candle":[16],"War Paint":["Defend_R","Defend_R"],"Medical Kit":[20],"OrangePellets":[4],"Centennial Puzzle":[3],"Ornamental Fan":[180],"Shuriken":[14],"Gambling Chip":[47],"Pantograph":0,"Snecko Eye":[284,278,254,250],"Black Star":4,"Kunai":[45],"obtain_stats":[{"Potion Belt":39,"Pear":23,"Gremlin Horn":45,"Blue Candle":9,"War Paint":21,"Medical Kit":38,"Burning Blood":0,"Blood Vial":6,"OrangePellets":21,"Bottled Flame":23,"Anchor":29,"Centennial Puzzle":48,"HornCleat":40,"Ornamental Fan":8,"Shuriken":43,"MutagenicStrength":19,"Gambling Chip":29,"Strawberry":40,"Pantograph":45,"Snecko Eye":0,"Fusion Hammer":34,"Black Star":17,"Kunai":10,"Toxic Egg 2":26},{"Potion Belt":19,"Pear":12,"Gremlin Horn":23,"Blue Candle":6,"War Paint":10,"Medical Kit":19,"Burning Blood":0,"Blood Vial":4,"OrangePellets":10,"Bottled Flame":12,"Anchor":15,"Centennial Puzzle":24,"HornCleat":20,"Ornamental Fan":6,"Shuriken":21,"MutagenicStrength":10,"Gambling Chip":15,"Strawberry":20,"Pantograph":23,"Snecko Eye":0,"Fusion Hammer":18,"Black Star":9,"Kunai":7,"Toxic Egg 2":13},{"Potion Belt":123,"Pear":52,"Gremlin Horn":154,"Blue Candle":23,"War Paint":42,"Medical Kit":123,"Burning Blood":0,"Blood Vial":11,"OrangePellets":42,"Bottled Flame":52,"Anchor":78,"Centennial Puzzle":157,"HornCleat":133,"Ornamental Fan":23,"Shuriken":139,"MutagenicStrength":42,"Gambling Chip":78,"Strawberry":133,"Pantograph":154,"Snecko Eye":0,"Fusion Hammer":114,"Black Star":39,"Kunai":27,"Toxic Egg 2":58}]},"card_choices":[{"not_picked":["Dropkick","Rage","Body Slam"],"picked":"SKIP","floor":1.0},{"not_picked":["Pummel","Sword Boomerang"],"picked":"Flex","floor":2.0},{"not_picked":["Headbutt","Sentinel"],"picked":"Wild Strike","floor":4.0},{"not_picked":["Sword Boomerang","Combust"],"picked":"Armaments","floor":6.0},{"not_picked":["Immolate","Anger"],"picked":"Thunderclap","floor":7.0},{"not_picked":["Bloodletting","True Grit","Disarm"],"picked":"SKIP","floor":8.0},{"not_picked":["Spot Weakness","Fire Breathing","Pummel"],"picked":"SKIP","floor":10.0},{"not_picked":["Twin Strike","Body Slam"],"picked":"Cleave","floor":13.0},{"not_picked":["True Grit","Wild Strike+1"],"picked":"Iron Wave","floor":18.0},{"not_picked":["Uppercut","Heavy Blade"],"picked":"Iron Wave","floor":22.0},{"not_picked":["Hemokinesis","Perfected Strike"],"picked":"Shrug It Off","floor":23.0},{"not_picked":["Hemokinesis","Warcry","Sword Boomerang"],"picked":"SKIP","floor":25.0},{"not_picked":["Pummel","Seeing Red+1"],"picked":"Shrug It Off+1","floor":28.0},{"not_picked":["Fire Breathing","Headbutt"],"picked":"Shrug It Off+1","floor":29.0},{"not_picked":["Blood for Blood","Thunderclap"],"picked":"Armaments+1","floor":30.0},{"not_picked":["Perfected Strike+1","Clash"],"picked":"Pommel Strike+1","floor":31.0},{"not_picked":["Evolve","Inflame+1","Body Slam"],"picked":"SKIP","floor":35},{"not_picked":["Sever Soul","Havoc+1","Disarm+1"],"picked":"SKIP","floor":40},{"not_picked":["Anger","Armaments+1"],"picked":"Clothesline+1","floor":42},{"not_picked":["Armaments+1","Fiend Fire"],"picked":"Cleave+1","floor":44},{"not_picked":["Brutality","Seeing Red+1"],"picked":"Sword Boomerang+1","floor":45},{"not_picked":["Dual Wield+1","Perfected Strike+1"],"picked":"Sword Boomerang+1","floor":46}],"player_experience":99290,"relics_obtained":[{"floor":6.0,"key":"Blood Vial"},{"floor":8.0,"key":"Ornamental Fan"},{"floor":9.0,"key":"Blue Candle"},{"floor":10.0,"key":"Kunai"},{"floor":23.0,"key":"Pear"},{"floor":23.0,"key":"Bottled Flame"},{"floor":26.0,"key":"Toxic Egg 2"},{"floor":29.0,"key":"Gambling Chip"},{"floor":29.0,"key":"Anchor"},{"floor":39,"key":"Potion Belt"},{"floor":40,"key":"Strawberry"},{"floor":40,"key":"HornCleat"},{"floor":43,"key":"Shuriken"},{"floor":45,"key":"Gremlin Horn"},{"floor":45,"key":"Pantograph"}],"event_choices":[{"damage_healed":0.0,"max_hp_gain":0.0,"max_hp_loss":0.0,"gold_gain":0.0,"event_name":"NoteForYourself","player_choice":"Ignored","floor":3.0,"gold_loss":0.0,"damage_taken":0.0},{"damage_healed":0.0,"max_hp_gain":0.0,"max_hp_loss":0.0,"gold_gain":175.0,"event_name":"Liars Game","player_choice":"AGREE","floor":14.0,"gold_loss":0.0,"damage_taken":0.0,"cards_obtained":["Doubt"]},{"damage_healed":0.0,"max_hp_gain":0.0,"max_hp_loss":0.0,"gold_gain":0.0,"event_name":"Drug Dealer","player_choice":"Inject Mutagens","floor":19.0,"gold_loss":0.0,"damage_taken":0.0,"relics_obtained":["MutagenicStrength"]},{"damage_healed":0.0,"max_hp_gain":0.0,"max_hp_loss":0.0,"gold_gain":0.0,"event_name":"Vampires","player_choice":"Became a vampire (Vial)","floor":20.0,"relics_lost":["Blood Vial"],"gold_loss":0.0,"damage_taken":0.0,"cards_obtained":["Bite","Bite","Bite","Bite","Bite"]},{"damage_healed":0.0,"max_hp_gain":0.0,"max_hp_loss":45.0,"gold_gain":0.0,"event_name":"Ghosts","player_choice":"Became a Ghost","floor":27.0,"gold_loss":0.0,"damage_taken":0.0,"cards_obtained":["Ghostly","Ghostly","Ghostly","Ghostly","Ghostly"]},{"damage_healed":0,"gold_gain":0,"player_choice":"Embrace Madness","damage_taken":6,"max_hp_gain":0,"max_hp_loss":0,"event_name":"Winding Halls","floor":36,"gold_loss":0,"cards_obtained":["Madness","Madness"]},{"cards_removed":["Defend_R"],"damage_healed":0,"gold_gain":0,"player_choice":"Removed Skill","damage_taken":0,"max_hp_gain":0,"max_hp_loss":0,"event_name":"Falling","floor":37,"gold_loss":0},{"cards_removed":["Armaments"],"damage_healed":0,"gold_gain":0,"player_choice":"Gave Card","damage_taken":0,"relics_obtained":["Centennial Puzzle"],"max_hp_gain":0,"max_hp_loss":0,"event_name":"WeMeetAgain","floor":48,"gold_loss":0}],"is_beta":false,"boss_relics":[{"not_picked":["Astrolabe","Busted Crown"],"picked":"Black Star"},{"not_picked":["Runic Cube","Mark of Pain"],"picked":"Fusion Hammer"}],"items_purged_floors":[],"is_endless":false,"potions_floor_spawned":[1,7,10,13,23,28,30,33,35,42,46],"ascension_level":0}}