{"host":"c6u7e77myxvw4d0m","time":1613514131,"event":{"mods":["AchievementEnabler","BaseMod","Bestiary","Colored Map","Colored Powertips","Minty Spire (QoL Compilation)","Rare Cards Sparkle","Relic Stats","everything is the same but u backflip on backflip"],"gold_per_floor":[114,134,152,152,25,58,58,83,151,151,169,169,203,203,203,281,281,294,314,331,331,347,374,390,401,401,401,401],"floor_reached":27,"language":"ENG","playtime":2087,"items_purged":["Strike_G"],"score":510,"play_id":"d2c6ab2e-8a99-4f6b-bee7-7b80501edef8","local_time":"20210217002211","is_ascension_mode":true,"campfire_choices":[{"data":"Bane","floor":7,"key":"SMITH"},{"floor":10,"key":"REST"},{"data":"Malaise","floor":15,"key":"SMITH"}],"circlet_count":0,"master_deck":["AscendersBane","Survivor","Neutralize","Bouncing Flask+1","Bullet Time+1","Outmaneuver+1","PiercingWail","Poisoned Stab","Backflip","Bane+1","PiercingWail","Dagger Spray","Malaise+1","Adrenaline","Catalyst","Grand Finale","Calculated Gamble","Slice","Bullet Time","Dash","Prepared","Flechettes","Crippling Poison+1","Prepared","Acrobatics","PiercingWail"],"relics":["Astrolabe","Ginger","Nunchaku","HornCleat","Bottled Lightning","Centennial Puzzle","Pandora\u0027s Box","Girya","Regal Pillow"],"acts_visited":["Exordium","TheCity"],"potions_floor_usage":[13,23,27],"damage_taken":[{"damage":5.0,"enemies":"Small Slimes","floor":1.0,"turns":4.0},{"damage":0.0,"enemies":"Cultist","floor":2.0,"turns":3.0},{"damage":0.0,"enemies":"2 Louse","floor":3.0,"turns":3.0},{"damage":12.0,"enemies":"3 Sentries","floor":6.0,"turns":8.0},{"damage":34,"enemies":"Gremlin Nob","floor":8,"turns":4},{"damage":0,"enemies":"Exordium Thugs","floor":11,"turns":3},{"damage":30,"enemies":"3 Sentries","floor":13,"turns":12},{"damage":2,"enemies":"Hexaghost","floor":16,"turns":10},{"damage":0,"enemies":"3 Byrds","floor":18,"turns":3},{"damage":7,"enemies":"2 Thieves","floor":19,"turns":3},{"damage":0,"enemies":"Snake Plant","floor":20,"turns":4},{"damage":7,"enemies":"Shelled Parasite and Fungi","floor":22,"turns":4},{"damage":9,"enemies":"Gremlin Leader","floor":23,"turns":6},{"damage":10,"enemies":"Snecko","floor":24,"turns":5},{"damage":3,"enemies":"Centurion and Healer","floor":25,"turns":6},{"damage":18,"enemies":"Slavers","floor":27,"turns":4}],"seed_played":"2382356148043527456","potions_obtained":[{"floor":3.0,"key":"Swift Potion"},{"floor":4.0,"key":"Fire Potion"},{"floor":4.0,"key":"Explosive Potion"},{"floor":6,"key":"EssenceOfSteel"},{"floor":11,"key":"FearPotion"},{"floor":18,"key":"Explosive Potion"},{"floor":19,"key":"Strength Potion"}],"is_trial":false,"path_per_floor":["M","M","M","?","$","E","R","E","T","R","M","?","E","?","R","B",null,"M","M","M","?","M","E","M","M","T","E"],"character_chosen":"THE_SILENT","items_purchased":["Bane"],"campfire_rested":1,"item_purchase_floors":[5],"current_hp_per_floor":[54,54,54,54,54,42,42,8,8,27,27,49,19,19,19,17,54,54,47,47,47,40,31,21,18,18,0,0],"gold":401,"neow_bonus":"BOSS_RELIC","is_daily":false,"chose_seed":false,"campfire_upgraded":2,"win_rate":0.0,"timestamp":1613514131,"path_taken":["M","M","M","?","?","E","R","E","T","R","M","?","E","?","R","BOSS","M","M","M","?","M","E","M","M","T","E"],"items_purchased_type":["Card"],"build_version":"2020-12-22","purchased_purges":1,"victory":false,"max_hp_per_floor":[66,66,66,66,66,66,66,66,66,66,66,66,66,66,66,66,66,66,66,66,66,66,66,66,66,66,66,66],"relic_stats":{"Nunchaku":[8],"Centennial Puzzle":[21],"Regal Pillow":0,"counters":[16,82],"Astrolabe":["Bouncing Flask","Bullet Time","Outmaneuver"],"Pandora\u0027s Box":["Catalyst","Grand Finale","Calculated Gamble","Expertise","Slice","Bullet Time"],"Ginger":[8],"obtain_stats":[{"Girya":23,"Nunchaku":8,"Centennial Puzzle":14,"Regal Pillow":26,"HornCleat":9,"Astrolabe":0,"Pandora\u0027s Box":17,"Ginger":6,"Bottled Lightning":13,"Ring of the Snake":0},{"Girya":13,"Nunchaku":5,"Centennial Puzzle":7,"Regal Pillow":15,"HornCleat":5,"Astrolabe":0,"Pandora\u0027s Box":8,"Ginger":4,"Bottled Lightning":7,"Ring of the Snake":0},{"Girya":67,"Nunchaku":22,"Centennial Puzzle":37,"Regal Pillow":78,"HornCleat":22,"Astrolabe":0,"Pandora\u0027s Box":47,"Ginger":18,"Bottled Lightning":37,"Ring of the Snake":0}]},"card_choices":[{"not_picked":["Setup","Blade Dance"],"picked":"PiercingWail","floor":1.0},{"not_picked":["Dagger Spray","Backflip"],"picked":"Poisoned Stab","floor":2.0},{"not_picked":["Flying Knee","Sucker Punch"],"picked":"Backflip","floor":3.0},{"not_picked":["Infinite Blades","Outmaneuver"],"picked":"PiercingWail","floor":6},{"not_picked":["Dodge and Roll","Sucker Punch"],"picked":"Dagger Spray","floor":8},{"not_picked":["Dagger Spray","Sucker Punch","Slice"],"picked":"SKIP","floor":11},{"not_picked":["After Image","Riddle With Holes"],"picked":"Malaise","floor":13},{"not_picked":["After Image","Grand Finale"],"picked":"Adrenaline","floor":16},{"not_picked":["Slice","Quick Slash"],"picked":"Dash","floor":18},{"not_picked":["Backstab","Leg Sweep"],"picked":"Prepared","floor":19},{"not_picked":["Eviscerate","Outmaneuver+1"],"picked":"Flechettes","floor":20},{"not_picked":["Poisoned Stab","Cloak And Dagger+1"],"picked":"Crippling Poison+1","floor":22},{"not_picked":["PiercingWail","Outmaneuver"],"picked":"Prepared","floor":23},{"not_picked":["Finisher","Blade Dance"],"picked":"Acrobatics","floor":24},{"not_picked":["Underhanded Strike","Blade Dance"],"picked":"PiercingWail","floor":25}],"player_experience":822012,"relics_obtained":[{"floor":6,"key":"Ginger"},{"floor":8,"key":"Nunchaku"},{"floor":9,"key":"HornCleat"},{"floor":13,"key":"Bottled Lightning"},{"floor":23,"key":"Girya"},{"floor":26,"key":"Regal Pillow"}],"event_choices":[{"damage_healed":0.0,"max_hp_gain":0.0,"max_hp_loss":0.0,"gold_gain":0.0,"event_name":"Lab","player_choice":"Got Potions","floor":4.0,"gold_loss":0.0,"damage_taken":0.0},{"damage_healed":22,"gold_gain":0,"player_choice":"Banana","damage_taken":0,"max_hp_gain":0,"max_hp_loss":0,"event_name":"Big Fish","floor":12,"gold_loss":0},{"damage_healed":0,"gold_gain":0,"player_choice":"Gave Potion","damage_taken":0,"relics_obtained":["Centennial Puzzle"],"max_hp_gain":0,"max_hp_loss":0,"event_name":"WeMeetAgain","floor":14,"gold_loss":0},{"cards_removed":["Expertise"],"damage_healed":0,"gold_gain":0,"player_choice":"Purged","damage_taken":0,"max_hp_gain":0,"max_hp_loss":0,"event_name":"Purifier","floor":21,"gold_loss":0}],"is_beta":false,"boss_relics":[{"not_picked":["SlaversCollar","Busted Crown"],"picked":"Pandora\u0027s Box"}],"items_purged_floors":[5],"is_endless":false,"potions_floor_spawned":[3,6,11,18,19,22],"killed_by":"Slavers","ascension_level":20}}