{"host":"ifvrsrzj00f2ebkn","time":1613436005,"event":{"mods":["BaseMod","Colored Map","Colored Powertips","Minty Spire (QoL Compilation)","Random Character Button","Shop Mod","StSLib"],"gold_per_floor":[114,39,39,59,59,59,59,59,106,6,40,74,109,109,109,212,212,225,100,100,100,113,113,140,160,160,193,43,43,70,99,99,99,99],"floor_reached":33,"language":"ENG","playtime":5299,"items_purged":["Rupture","Clothesline","Sucker Punch","Quick Slash"],"score":432,"play_id":"967860a2-de9d-40ac-b5be-9818409410f3","local_time":"20210216084005","daily_mods":["Draft","Red Cards","Green Cards","Blue Cards","Colorless Cards","Heirloom","Time Dilation","Flight","DeadlyEvents","Elite Swarm","Night Terrors"],"is_ascension_mode":true,"campfire_choices":[{"data":"Combust","floor":6,"key":"SMITH"},{"data":"Armaments","floor":7,"key":"SMITH"},{"data":"Pommel Strike","floor":8,"key":"SMITH"},{"data":"Envenom","floor":15,"key":"SMITH"},{"floor":23,"key":"REST"},{"floor":29,"key":"REST"},{"floor":32,"key":"REST"}],"circlet_count":0,"master_deck":["Cloak And Dagger","Combust+1","Steam","Backflip","Backstab","Deadly Poison+1","Caltrops","Pommel Strike+1","Cloak And Dagger","Armaments+1","Turbo","Leap","Envenom+1","Barricade","The Bomb","Fiend Fire"],"relics":["Ring of the Snake","TungstenRod","Potion Belt","Boot","Pen Nib","Pocketwatch","Black Star","Enchiridion","Question Card","Ornamental Fan","Singing Bowl","Pantograph","Tiny Chest","Du-Vu Doll","Bottled Lightning","Smiling Mask","StoneCalendar"],"acts_visited":["Exordium","TheCity"],"potions_floor_usage":[16,16,16,22,24,24,24,24,24,24,27,30,30,31,33,33],"damage_taken":[{"damage":0,"enemies":"Jaw Worm","floor":1,"turns":2},{"damage":0,"enemies":"Cultist","floor":4,"turns":2},{"damage":3,"enemies":"Lagavulin","floor":11,"turns":4},{"damage":6,"enemies":"Gremlin Nob","floor":12,"turns":3},{"damage":0,"enemies":"3 Sentries","floor":13,"turns":4},{"damage":9,"enemies":"Hexaghost","floor":16,"turns":4},{"damage":0,"enemies":"Chosen","floor":18,"turns":4},{"damage":15,"enemies":"Spheric Guardian","floor":22,"turns":6},{"damage":19,"enemies":"Gremlin Leader","floor":24,"turns":5},{"damage":6,"enemies":"Shelled Parasite and Fungi","floor":25,"turns":6},{"damage":19,"enemies":"Book of Stabbing","floor":27,"turns":5},{"damage":23,"enemies":"Slavers","floor":30,"turns":4},{"damage":9,"enemies":"Gremlin Leader","floor":31,"turns":5},{"damage":62,"enemies":"Automaton","floor":33,"turns":6}],"seed_played":"949812286417908586","potions_obtained":[{"floor":4,"key":"Poison Potion"},{"floor":11,"key":"FearPotion"},{"floor":12,"key":"EntropicBrew"},{"floor":22,"key":"Fruit Juice"},{"floor":24,"key":"FearPotion"},{"floor":25,"key":"AttackPotion"},{"floor":31,"key":"FearPotion"}],"is_trial":true,"path_per_floor":["M","$","?","M","?","R","R","R","T","$","E","E","E","$","R","B",null,"M","$","?","?","M","R","E","M","T","E","$","R","E","E","R","B"],"character_chosen":"THE_SILENT","items_purchased":[],"campfire_rested":3,"item_purchase_floors":[],"current_hp_per_floor":[70,70,70,70,70,70,70,70,70,70,67,61,61,61,61,52,70,70,70,70,58,48,70,51,45,45,26,26,65,42,33,60,0,0],"gold":99,"neow_bonus":"","is_daily":false,"chose_seed":false,"campfire_upgraded":4,"win_rate":0.0,"timestamp":1613436005,"path_taken":["M","$","?","?","?","R","R","R","T","$","?","E","?","?","R","BOSS","M","$","?","?","?","R","E","M","T","?","$","R","E","?","R","BOSS"],"items_purchased_type":[],"build_version":"2020-12-22","purchased_purges":4,"victory":false,"max_hp_per_floor":[70,70,70,70,70,70,70,70,70,70,70,70,70,70,70,70,70,70,70,70,70,75,70,70,70,70,70,70,65,65,65,60,60,60],"card_choices":[{"not_picked":["Flex","Gash"],"picked":"Cloak And Dagger","floor":0},{"not_picked":["Scrape","Defragment"],"picked":"Combust","floor":0},{"not_picked":["Skim","Twin Strike"],"picked":"Steam","floor":0},{"not_picked":["Thunderclap","Bloodletting"],"picked":"Backflip","floor":0},{"not_picked":["Iron Wave","Pommel Strike"],"picked":"Backstab","floor":0},{"not_picked":["Capacitor","Chaos"],"picked":"Deadly Poison","floor":0},{"not_picked":["Deflect","Steam Power"],"picked":"Caltrops","floor":0},{"not_picked":["Armaments","Mind Blast"],"picked":"Pommel Strike","floor":0},{"not_picked":["Sword Boomerang","Clash"],"picked":"Heavy Blade","floor":0},{"not_picked":["Poisoned Stab","Sever Soul"],"picked":"Cloak And Dagger","floor":0},{"not_picked":["Scrape","Thunderclap"],"picked":"Rupture","floor":0},{"not_picked":["Bane","Feel No Pain"],"picked":"Armaments","floor":0},{"not_picked":["Bloodletting","Disarm"],"picked":"Turbo","floor":0},{"not_picked":["Redo","Deep Breath"],"picked":"Leap","floor":0},{"not_picked":["Havoc","Rebound"],"picked":"Clothesline","floor":0},{"not_picked":["Reckless Charge","Anger"],"picked":"Sucker Punch","floor":1},{"not_picked":["Recycle","Barrage"],"picked":"Quick Slash","floor":4},{"not_picked":["Bullet Time","Chrysalis","Reboot"],"picked":"SKIP","floor":11},{"not_picked":["Malaise","Grand Finale"],"picked":"Envenom","floor":12},{"not_picked":["Violence","Bludgeon","Amplify"],"picked":"SKIP","floor":13},{"not_picked":["Reboot","Mayhem"],"picked":"Barricade","floor":16},{"not_picked":["Redo+1","Jack Of All Trades+1","Backflip"],"picked":"SKIP","floor":18},{"not_picked":["Madness","Double Energy","Barrage"],"picked":"SKIP","floor":22},{"not_picked":["Master of Strategy","Sadistic Nature","HandOfGreed"],"picked":"SKIP","floor":24},{"not_picked":["PiercingWail","Reprogram+1","Blade Dance","Beam Cell+1"],"picked":"SKIP","floor":25},{"not_picked":["Meteor Strike","Malaise","Envenom"],"picked":"The Bomb","floor":27},{"not_picked":["Meteor Strike","Master of Strategy","Demon Form","Feed"],"picked":"SKIP","floor":30},{"not_picked":["Mayhem","Bullet Time","Corruption"],"picked":"Fiend Fire","floor":31}],"player_experience":79958,"relics_obtained":[{"floor":9,"key":"Potion Belt"},{"floor":11,"key":"Boot"},{"floor":12,"key":"Pen Nib"},{"floor":13,"key":"Pocketwatch"},{"floor":21,"key":"Enchiridion"},{"floor":24,"key":"Question Card"},{"floor":24,"key":"Ornamental Fan"},{"floor":26,"key":"Singing Bowl"},{"floor":27,"key":"Pantograph"},{"floor":27,"key":"Tiny Chest"},{"floor":30,"key":"Du-Vu Doll"},{"floor":30,"key":"Bottled Lightning"},{"floor":31,"key":"Smiling Mask"},{"floor":31,"key":"StoneCalendar"}],"event_choices":[{"cards_removed":["Heavy Blade"],"damage_healed":5,"gold_gain":0,"player_choice":"Offered Common","damage_taken":0,"max_hp_gain":0,"max_hp_loss":0,"event_name":"Bonfire Elementals","floor":3,"gold_loss":0},{"cards_removed":["Heavy Blade"],"damage_healed":5,"gold_gain":0,"player_choice":"Offered Special","damage_taken":0,"max_hp_gain":0,"max_hp_loss":0,"event_name":"Bonfire Elementals","floor":3,"gold_loss":0},{"damage_healed":0,"gold_gain":0,"player_choice":"Upgraded","damage_taken":0,"max_hp_gain":0,"max_hp_loss":0,"event_name":"Upgrade Shrine","floor":5,"gold_loss":0,"cards_upgraded":["Deadly Poison"]},{"damage_healed":0,"gold_gain":0,"player_choice":"Ignored","damage_taken":0,"max_hp_gain":0,"max_hp_loss":0,"event_name":"Ghosts","floor":20,"gold_loss":0},{"damage_healed":0,"gold_gain":0,"player_choice":"Obtained Book","damage_taken":16,"max_hp_gain":0,"max_hp_loss":0,"event_name":"Cursed Tome","floor":21,"gold_loss":0}],"is_beta":false,"boss_relics":[{"not_picked":["Coffee Dripper","Empty Cage"],"picked":"Black Star"}],"items_purged_floors":[2,10,19,28],"is_endless":false,"potions_floor_spawned":[4,11,12,22,24,25,31],"killed_by":"Automaton","ascension_level":4}}