{"host":"xp27heuvanyklt0b","time":1613483421,"event":{"mods":["100% Spire Juice","BaseMod","CapriCore","Koishi","Lobotomy","Minty Spire (QoL Compilation)","StSLib","The Immortal"],"gold_per_floor":[126,28,54,83,92,134,84,128,128,128,25,84,110,110,110,221,221,241,15,114,140,140,169,208,208,231,269,269,87,105,134,134,242,301,322,381,381,45,45,59,59,94,118,145,163,199,239,274,286,298,310,322,334,52,87,87],"floor_reached":57,"language":"KOR","playtime":3768,"items_purged":[],"score":1571,"play_id":"1062b574-d187-403c-a015-946a6a5bdf79","local_time":"20210216225021","is_ascension_mode":true,"campfire_choices":[{"data":"Koishi:Untouchable","floor":10,"key":"SMITH"},{"data":"Koishi:GhostParty","floor":15,"key":"SMITH"},{"floor":25,"key":"REST"},{"data":"1","floor":28,"key":"LIFT"},{"data":"2","floor":32,"key":"LIFT"},{"data":"3","floor":41,"key":"LIFT"},{"floor":49,"key":"RECALL"},{"floor":53,"key":"REST"}],"circlet_count":0,"master_deck":["Koishi:BasicDefend","Koishi:BasicDefend","Koishi:BasicDefend","Koishi:BasicDefend","Koishi:Provoke","Koishi:HauntingSlash","Koishi:RacingHeart","Koishi:Untouchable+1","Koishi:StrangeCloudFist","Koishi:TraumaticStroke","Koishi:GhostParty+1","Koishi:SprinkleStarAndHeart","Koishi:Prune","Koishi:Vanish","Koishi:SpiritedAway","Koishi:GeneticsOfTheUnconscious","Koishi:FormlessExistence","Koishi:UnseenTerror","Koishi:FidgetySnatcher","Koishi:MindStellarRelief","Koishi:CatchAndRose","Koishi:Untouchable","Koishi:SpiritedAway","Koishi:HeartfeltFancy","Koishi:PhantomBarrier","Koishi:Possession","Koishi:MentalBreakdown","Koishi:RorschachInDanmaku+1","Koishi:PerfectMindControl","Koishi:Heartbroken","Koishi:GhostParty+1","Koishi:FleetingPhantom+1","Koishi:PhantomStrike+1","Koishi:PhantomBarrier","Koishi:TerrifyingSpectre","Koishi:Prune","Koishi:GhostParty","Koishi:FourthEye","Koishi:DNAsFlaw+1","Apotheosis","Flash of Steel"],"relics":["Koishi:ImaginaryFriend","CeramicFish","Oddly Smooth Stone","Darkstone Periapt","Sundial","Fusion Hammer","Girya","Vajra","Tiny House","FossilizedHelix","Lantern","Medical Kit","Question Card","Blood Vial","MawBank","Anchor"],"acts_visited":["Exordium","TheCity","TheBeyond","TheEnding"],"potions_floor_usage":[23,23,27,48,55,56],"damage_taken":[{"damage":4,"enemies":"Cultist","floor":1,"turns":6},{"damage":1,"enemies":"Small Slimes","floor":3,"turns":4},{"damage":0,"enemies":"2 Louse","floor":4,"turns":4},{"damage":0,"enemies":"3 Sentries","floor":6,"turns":14},{"damage":2,"enemies":"Lagavulin","floor":8,"turns":10},{"damage":7,"enemies":"Exordium Wildlife","floor":13,"turns":6},{"damage":0,"enemies":"The Guardian","floor":16,"turns":15},{"damage":5,"enemies":"Spheric Guardian","floor":18,"turns":4},{"damage":0,"enemies":"3 Byrds","floor":21,"turns":8},{"damage":20,"enemies":"Snake Plant","floor":23,"turns":5},{"damage":20,"enemies":"Slavers","floor":24,"turns":6},{"damage":16,"enemies":"Gremlin Leader","floor":27,"turns":7},{"damage":2,"enemies":"Snecko","floor":31,"turns":6},{"damage":9,"enemies":"Collector","floor":33,"turns":11},{"damage":0,"enemies":"3 Shapes","floor":35,"turns":5},{"damage":1,"enemies":"Mind Bloom Boss Battle","floor":36,"turns":12},{"damage":25,"enemies":"3 Darklings","floor":40,"turns":8},{"damage":0,"enemies":"Nemesis","floor":42,"turns":7},{"damage":0,"enemies":"Sphere and 2 Shapes","floor":44,"turns":8},{"damage":0,"enemies":"Maw","floor":45,"turns":9},{"damage":0,"enemies":"Giant Head","floor":46,"turns":14},{"damage":0,"enemies":"Transient","floor":47,"turns":5},{"damage":0,"enemies":"4 Shapes","floor":48,"turns":10},{"damage":9,"enemies":"Donu and Deca","floor":50,"turns":15},{"damage":3,"enemies":"Shield and Spear","floor":55,"turns":9},{"damage":0,"enemies":"The Heart","floor":56,"turns":13}],"seed_played":"8514566225219274833","potions_obtained":[{"floor":1,"key":"SneckoOil"},{"floor":3,"key":"Fire Potion"},{"floor":13,"key":"Dexterity Potion"},{"floor":16,"key":"DuplicationPotion"},{"floor":27,"key":"DuplicationPotion"},{"floor":34,"key":"FairyPotion"},{"floor":55,"key":"Weak Potion"}],"is_trial":false,"path_per_floor":["M","$","M","M","?","E","?","E","T","R","$","?","M","?","R","B",null,"M","$","?","M","?","M","E","R","T","E","R","$","?","M","R","B",null,"M","?","?","$","?","M","R","E","T","M","M","E","M","M","R","B",null,null,"R","$","E","B",null],"character_chosen":"KOISHI","items_purchased":["Koishi:Untouchable","Koishi:StrangeCloudFist","Koishi:VengefulSpirit","Koishi:SpiritedAway","Koishi:UnseenTerror","Koishi:FidgetySnatcher","Koishi:MindStellarRelief","Koishi:CatchAndRose","Ancient Potion","Koishi:Possession","Weak Potion","Lantern","Koishi:PhantomBarrier","Medical Kit","SkillPotion","Apotheosis","Flash of Steel"],"campfire_rested":2,"item_purchase_floors":[2,2,11,11,19,19,19,19,29,29,29,38,38,38,54,54,54],"current_hp_per_floor":[58,58,58,59,59,60,60,60,60,60,60,60,57,60,60,60,60,55,55,55,60,60,41,21,39,39,26,26,26,26,29,29,20,65,65,65,65,65,65,41,41,41,41,43,45,55,61,63,63,60,60,65,65,65,65,65],"gold":87,"neow_bonus":"RANDOM_COMMON_RELIC","is_daily":false,"chose_seed":false,"campfire_upgraded":2,"win_rate":0.0,"timestamp":1613483421,"path_taken":["M","$","M","?","?","E","?","E","T","R","?","?","M","?","R","BOSS","M","?","?","M","?","M","E","R","T","E","R","$","?","M","R","BOSS","M","?","?","$","?","M","R","E","T","M","?","E","?","M","R","BOSS","R","$","E","BOSS"],"items_purchased_type":["Card","Card","Card","Card","Card","Card","Card","Card","Potion","Card","Potion","Card","Card","Relic","Potion","Card","Card"],"build_version":"2020-12-22","purchased_purges":0,"victory":true,"max_hp_per_floor":[60,60,60,60,60,60,60,60,60,60,60,60,60,60,60,60,60,60,60,60,60,60,60,60,60,60,60,60,60,60,60,60,60,65,65,65,65,65,65,65,65,65,65,65,65,65,65,65,65,65,65,65,65,65,65,65],"card_choices":[{"not_picked":["Koishi:EmbersOfLove","Koishi:FleetingPhantom"],"picked":"Koishi:RacingHeart","floor":1},{"not_picked":["Koishi:Untouchable","Koishi:StrangeCloudFist"],"picked":"Koishi:TraumaticStroke","floor":3},{"not_picked":["Koishi:PredatoryInstincts","Koishi:Jaunt"],"picked":"Koishi:GhostParty","floor":4},{"not_picked":["Koishi:SubterraneanRose","Koishi:HeartAttack"],"picked":"Koishi:Prune","floor":6},{"not_picked":["Koishi:BramblyRoseGarden","Koishi:DNAsFlaw"],"picked":"Koishi:Vanish","floor":8},{"not_picked":["Koishi:ReflexRadar","Koishi:DreadfulBlow"],"picked":"Koishi:GeneticsOfTheUnconscious","floor":13},{"not_picked":["Koishi:ConditionedTeleport","Koishi:RollingInRichesHeart"],"picked":"Koishi:FormlessExistence","floor":16},{"not_picked":["Koishi:UnconsciousUprising","Koishi:Bloodlust+1"],"picked":"Koishi:MindNumbingTerror","floor":18},{"not_picked":["Koishi:CatchAndRose+1","Koishi:TremblingHands"],"picked":"Koishi:Untouchable","floor":21},{"not_picked":["Koishi:UnseenTerror","Koishi:SubterraneanRose+1"],"picked":"Koishi:SpiritedAway","floor":23},{"not_picked":["Koishi:PhilosophyOfTheDespised+1","Koishi:MassHysteria"],"picked":"Koishi:HeartfeltFancy","floor":24},{"not_picked":["Koishi:SubconsciousSweep","Koishi:RacingHeart"],"picked":"Koishi:PhantomBarrier","floor":27},{"not_picked":["Koishi:Catatonia","Koishi:Possession"],"picked":"Koishi:PerfectMindControl","floor":31},{"not_picked":["Koishi:ConfinedInnocent","Koishi:MentalBreakdown"],"picked":"Koishi:Heartbroken","floor":33},{"not_picked":["Koishi:DanmakuParanoia","Koishi:Whimsy"],"picked":"Koishi:GhostParty+1","floor":34},{"not_picked":["Koishi:Jaunt","Koishi:SpiritedAway"],"picked":"Koishi:FleetingPhantom+1","floor":35},{"not_picked":["Koishi:UnconsciousUprising+1","Koishi:FidgetySnatcher"],"picked":"Koishi:PhantomStrike+1","floor":36},{"not_picked":["Koishi:ReflexRadar+1","Koishi:RorschachInDanmaku","Koishi:StingingMind+1"],"picked":"SKIP","floor":40},{"not_picked":["Koishi:JumpScare","Koishi:SubconsciousSweep+1"],"picked":"Koishi:TerrifyingSpectre","floor":42},{"not_picked":["Koishi:Jaunt+1","Koishi:SprinkleStarAndHeart","Koishi:StingingMind+1"],"picked":"Koishi:Prune","floor":44},{"not_picked":["Koishi:MindNumbingTerror+1","Koishi:ParalyzingFear+1","Koishi:Prune","Koishi:FidgetySnatcher+1"],"picked":"SKIP","floor":45},{"not_picked":["Koishi:VengefulSpirit","Koishi:UnconsciousUrges+1","Koishi:ReflexRadar"],"picked":"Koishi:GhostParty","floor":46},{"not_picked":["Koishi:Prune+1","Koishi:HeartfeltFancy","Koishi:ReleaseOfTheId"],"picked":"Koishi:FourthEye","floor":47},{"not_picked":["Koishi:TremblingHands","Koishi:HeartfeltFancy+1","Koishi:ParalyzingFear"],"picked":"Koishi:DNAsFlaw+1","floor":48},{"not_picked":["Koishi:FleetingPhantom","Koishi:ReflexRadar","Koishi:SubconsciousSweep","Koishi:PhantomBarrier"],"picked":"SKIP","floor":55}],"player_experience":311284,"relics_obtained":[{"floor":6,"key":"Oddly Smooth Stone"},{"floor":8,"key":"Darkstone Periapt"},{"floor":9,"key":"Sundial"},{"floor":24,"key":"Girya"},{"floor":27,"key":"Vajra"},{"floor":36,"key":"FossilizedHelix"},{"floor":42,"key":"Question Card"},{"floor":43,"key":"Blood Vial"},{"floor":46,"key":"MawBank"},{"floor":55,"key":"Anchor"}],"event_choices":[{"damage_healed":0,"gold_gain":0,"cards_transformed":["Koishi:BasicStrike"],"player_choice":"Change","damage_taken":0,"max_hp_gain":0,"max_hp_loss":0,"event_name":"Living Wall","floor":5,"gold_loss":0,"cards_obtained":["Koishi:SprinkleStarAndHeart"]},{"cards_removed":["Koishi:BasicStrike"],"damage_healed":0,"gold_gain":0,"player_choice":"Card Removal","damage_taken":0,"max_hp_gain":0,"max_hp_loss":0,"event_name":"The Cleric","floor":7,"gold_loss":50},{"damage_healed":0,"gold_gain":59,"player_choice":"Gained Gold","damage_taken":0,"max_hp_gain":0,"max_hp_loss":0,"event_name":"Golden Wing","floor":12,"gold_loss":0},{"cards_removed":["Koishi:VengefulSpirit"],"damage_healed":3,"gold_gain":0,"player_choice":"Offered Uncommon","damage_taken":0,"max_hp_gain":0,"max_hp_loss":0,"event_name":"Bonfire Elementals","floor":14,"gold_loss":0},{"damage_healed":0,"gold_gain":99,"player_choice":"Stole From Cult","damage_taken":0,"max_hp_gain":0,"max_hp_loss":0,"event_name":"Nest","floor":20,"gold_loss":0},{"damage_healed":0,"gold_gain":0,"player_choice":"Ignored","damage_taken":0,"max_hp_gain":0,"max_hp_loss":0,"event_name":"Vampires","floor":22,"gold_loss":0},{"damage_healed":0,"gold_gain":0,"cards_transformed":["Koishi:BasicStrike","Koishi:BasicStrike"],"player_choice":"Became Test Subject","damage_taken":0,"max_hp_gain":0,"max_hp_loss":0,"event_name":"Drug Dealer","floor":30,"gold_loss":0,"cards_obtained":["Koishi:MentalBreakdown","Koishi:RorschachInDanmaku"]},{"damage_healed":0,"gold_gain":0,"player_choice":"Fight","damage_taken":0,"max_hp_gain":0,"max_hp_loss":0,"event_name":"MindBloom","floor":36,"gold_loss":0},{"damage_healed":0,"gold_gain":0,"player_choice":"Ignored","damage_taken":0,"max_hp_gain":0,"max_hp_loss":0,"event_name":"Mysterious Sphere","floor":37,"gold_loss":0},{"cards_removed":["Koishi:MindNumbingTerror"],"damage_healed":0,"gold_gain":0,"player_choice":"Purged","damage_taken":0,"max_hp_gain":0,"max_hp_loss":0,"event_name":"Purifier","floor":39,"gold_loss":0}],"is_beta":false,"boss_relics":[{"not_picked":["Pandora\u0027s Box","Runic Pyramid"],"picked":"Fusion Hammer"},{"not_picked":["SacredBark","Snecko Eye"],"picked":"Tiny House"}],"items_purged_floors":[],"is_endless":false,"potions_floor_spawned":[1,3,13,16,18,21,27,40,42,46,55],"ascension_level":2}}