{"host":"mg6qqnp83j5r6p2r","time":1613447097,"event":{"mods":["Alarm Clock","BaseMod","Block Reminder","Colored Map","Colored Powertips","Dark Map","Highlight Path","Minty Spire (QoL Compilation)","Random Character Button","Rare Cards Sparkle","Relic Sorter","Relic Stats","StSLib"],"gold_per_floor":[109,109,109,54,54,54,81,81,130,145,162,195,195,227,227,333,333,333,333,333,333,333,333,333,333,333,333,333,333,333,333,333,333,333,333,333,333,333,333,333,333,333,333,333,333,333,333,333,333,333,333,333,36,36,36,36],"floor_reached":55,"language":"ENG","playtime":6096,"items_purged":["Strike_R"],"score":1070,"play_id":"38c71d2a-cd9b-4f86-9eec-8cb76920f540","local_time":"20210215214457","is_ascension_mode":true,"campfire_choices":[{"data":"Apotheosis","floor":6.0,"key":"SMITH"},{"floor":8.0,"key":"RECALL"},{"floor":13.0,"key":"REST"},{"data":"Flame Barrier","floor":15.0,"key":"SMITH"},{"floor":27,"key":"REST"},{"floor":29,"key":"REST"},{"data":"Barricade","floor":32,"key":"SMITH"},{"data":"Iron Wave","floor":44,"key":"SMITH"},{"data":"Shrug It Off","floor":49,"key":"SMITH"},{"data":"Bash","floor":52,"key":"SMITH"}],"circlet_count":0,"master_deck":["Strike_R+1","Strike_R","Strike_R+1","Defend_R","Defend_R","Defend_R","Defend_R","Bash+1","Apotheosis+1","Iron Wave+1","Flame Barrier+1","Barricade+1","Flame Barrier+1","Shrug It Off+1","Body Slam+1","Whirlwind+1","Ghostly Armor","Impervious","Flame Barrier+1","Ghostly Armor","Disarm+1","Body Slam+1","Disarm","Metallicize"],"relics":["Burning Blood","Nunchaku","Orichalcum","Tiny Chest","Anchor","CeramicFish","Red Skull","Ectoplasm","Blue Candle","Oddly Smooth Stone","Ornamental Fan","Sundial","Velvet Choker","Eternal Feather","The Courier","Art of War","Singing Bowl","Charon\u0027s Ashes","Akabeko","Orrery","Lantern","Whetstone"],"acts_visited":["Exordium","TheCity","TheBeyond","TheEnding"],"potions_floor_usage":[23,23,23,35,41,42,46,50,55,55],"damage_taken":[{"damage":0.0,"enemies":"Jaw Worm","floor":1.0,"turns":6.0},{"damage":35.0,"enemies":"3 Sentries","floor":7.0,"turns":11.0},{"damage":0.0,"enemies":"2 Louse","floor":10.0,"turns":3.0},{"damage":0.0,"enemies":"Small Slimes","floor":11.0,"turns":3.0},{"damage":17.0,"enemies":"Lagavulin","floor":12.0,"turns":8.0},{"damage":16.0,"enemies":"Gremlin Nob","floor":14.0,"turns":4.0},{"damage":22.0,"enemies":"Hexaghost","floor":16.0,"turns":10.0},{"damage":0.0,"enemies":"Shell Parasite","floor":18.0,"turns":8.0},{"damage":0.0,"enemies":"3 Byrds","floor":20.0,"turns":3.0},{"damage":30,"enemies":"Book of Stabbing","floor":23,"turns":5},{"damage":36,"enemies":"Slavers","floor":25,"turns":6},{"damage":6,"enemies":"Gremlin Leader","floor":28,"turns":7},{"damage":0,"enemies":"Snake Plant","floor":30,"turns":5},{"damage":0,"enemies":"Champ","floor":33,"turns":12},{"damage":12,"enemies":"3 Darklings","floor":35,"turns":5},{"damage":0,"enemies":"3 Shapes","floor":39,"turns":10},{"damage":0,"enemies":"Reptomancer","floor":40,"turns":7},{"damage":2,"enemies":"Transient","floor":41,"turns":5},{"damage":17,"enemies":"Giant Head","floor":42,"turns":10},{"damage":0,"enemies":"Nemesis","floor":45,"turns":13},{"damage":0,"enemies":"3 Darklings","floor":46,"turns":3},{"damage":28,"enemies":"Giant Head","floor":47,"turns":13},{"damage":39,"enemies":"Donu and Deca","floor":50,"turns":20},{"damage":75,"enemies":"Shield and Spear","floor":54,"turns":8},{"damage":42,"enemies":"The Heart","floor":55,"turns":3}],"seed_played":"-5154585181709630176","potions_obtained":[{"floor":7.0,"key":"ElixirPotion"},{"floor":12.0,"key":"BloodPotion"},{"floor":18.0,"key":"Energy Potion"},{"floor":20.0,"key":"AttackPotion"},{"floor":23,"key":"CultistPotion"},{"floor":30,"key":"Weak Potion"},{"floor":33,"key":"BlessingOfTheForge"},{"floor":35,"key":"SpeedPotion"},{"floor":39,"key":"Block Potion"},{"floor":42,"key":"Fire Potion"},{"floor":46,"key":"Regen Potion"},{"floor":54,"key":"Fire Potion"}],"is_trial":false,"path_per_floor":["M","?","?","?","$","R","E","R","T","M","M","E","R","E","R","B",null,"M","?","M","?","T","E","$","E","T","R","E","R","M","?","R","B",null,"M","$","?","T","M","E","M","E","T","R","E","M","E","?","R","B",null,"R","$","E","B"],"character_chosen":"IRONCLAD","items_purchased":["Orrery","Lantern"],"campfire_rested":3,"item_purchase_floors":[53,53],"current_hp_per_floor":[62,55,55,55,55,55,26,26,26,32,38,27,51,41,41,25,80,80,80,80,80,80,70,70,40,40,64,64,80,80,80,80,80,80,74,74,74,74,80,80,80,69,69,80,80,82,62,62,74,56,80,80,84,17,0,0],"gold":36,"neow_bonus":"RANDOM_COLORLESS_2","is_daily":false,"chose_seed":false,"campfire_upgraded":6,"win_rate":0.0,"timestamp":1613447097,"path_taken":["M","?","?","?","$","R","E","R","T","?","M","E","R","E","R","BOSS","M","?","M","?","?","E","$","E","T","R","E","R","M","?","R","BOSS","M","?","?","?","M","E","M","E","T","R","E","M","E","?","R","BOSS","R","$","E","BOSS"],"items_purchased_type":["Relic","Relic"],"build_version":"2020-12-22","purchased_purges":1,"victory":false,"max_hp_per_floor":[80,80,80,80,80,80,80,80,80,80,80,80,80,80,80,80,80,80,80,80,80,80,80,80,80,80,80,80,80,80,80,80,80,80,80,80,80,80,80,80,80,80,80,80,80,82,84,80,80,80,80,80,84,86,86,86],"relic_stats":{"Singing Bowl":10,"counters":[25,188],"CeramicFish":9,"Blue Candle":[0],"Eternal Feather":23,"Charon\u0027s Ashes":[78],"Whetstone":["Strike_R","Strike_R"],"Orichalcum":[78],"Burning Blood":98,"Nunchaku":[26],"Ornamental Fan":[56],"Sundial":[14],"Tiny Chest":2,"Ectoplasm":622,"Art of War":[11],"obtain_stats":[{"Lantern":53,"Singing Bowl":43,"CeramicFish":12,"Blue Candle":23,"Oddly Smooth Stone":25,"Velvet Choker":34,"Eternal Feather":38,"The Courier":40,"Charon\u0027s Ashes":45,"Whetstone":54,"Orichalcum":4,"Burning Blood":0,"Akabeko":47,"Nunchaku":2,"Anchor":9,"Ornamental Fan":26,"Sundial":28,"Orrery":53,"Tiny Chest":7,"Ectoplasm":17,"Art of War":42,"Red Skull":14},{"Lantern":23,"Singing Bowl":19,"CeramicFish":5,"Blue Candle":10,"Oddly Smooth Stone":11,"Velvet Choker":14,"Eternal Feather":15,"The Courier":17,"Charon\u0027s Ashes":20,"Whetstone":24,"Orichalcum":1,"Burning Blood":0,"Akabeko":22,"Nunchaku":1,"Anchor":2,"Ornamental Fan":11,"Sundial":12,"Orrery":23,"Tiny Chest":2,"Ectoplasm":7,"Art of War":19,"Red Skull":6},{"Lantern":177,"Singing Bowl":128,"CeramicFish":31,"Blue Candle":61,"Oddly Smooth Stone":67,"Velvet Choker":91,"Eternal Feather":96,"The Courier":113,"Charon\u0027s Ashes":141,"Whetstone":185,"Orichalcum":6,"Burning Blood":0,"Akabeko":157,"Nunchaku":6,"Anchor":17,"Ornamental Fan":67,"Sundial":74,"Orrery":177,"Tiny Chest":17,"Ectoplasm":45,"Art of War":128,"Red Skull":35}]},"card_choices":[{"not_picked":["Mayhem","Panache"],"picked":"Apotheosis","floor":0.0},{"not_picked":["Burning Pact","Thunderclap","Armaments"],"picked":"SKIP","floor":1.0},{"not_picked":["Reaper","Intimidate"],"picked":"Iron Wave","floor":7.0},{"not_picked":["Blood for Blood","Clash"],"picked":"Flame Barrier","floor":10.0},{"not_picked":["True Grit","Infernal Blade","Seeing Red"],"picked":"SKIP","floor":11.0},{"not_picked":["Warcry","Inflame","Dark Embrace"],"picked":"SKIP","floor":12.0},{"not_picked":["Pummel","Entrench","Fire Breathing"],"picked":"SKIP","floor":14.0},{"not_picked":["Exhume","Brutality"],"picked":"Barricade","floor":16.0},{"not_picked":["Sword Boomerang","Clash+1"],"picked":"Flame Barrier+1","floor":18.0},{"not_picked":["Seeing Red","Wild Strike"],"picked":"Shrug It Off","floor":20.0},{"not_picked":["Dropkick+1","True Grit+1"],"picked":"Whirlwind+1","floor":23},{"not_picked":["Headbutt","Cleave","Flex"],"picked":"SKIP","floor":25},{"not_picked":["Thunderclap","Dark Embrace"],"picked":"Ghostly Armor","floor":28},{"not_picked":["Thunderclap","Pommel Strike","Cleave"],"picked":"SKIP","floor":30},{"not_picked":["Brutality","Barricade"],"picked":"Impervious","floor":33},{"not_picked":["Sentinel","Second Wind+1","Perfected Strike"],"picked":"SKIP","floor":35},{"not_picked":["Havoc+1","Evolve"],"picked":"Flame Barrier+1","floor":39},{"not_picked":["Hemokinesis+1","Searing Blow","Heavy Blade"],"picked":"SKIP","floor":40},{"not_picked":["Rupture+1","Sever Soul+1"],"picked":"Ghostly Armor","floor":41},{"not_picked":["Second Wind+1","Pummel+1","Flex"],"picked":"SKIP","floor":42},{"not_picked":["Iron Wave+1","Flame Barrier"],"picked":"Disarm+1","floor":45},{"not_picked":["Intimidate","True Grit","Clothesline+1"],"picked":"Singing Bowl","floor":46},{"not_picked":["Rupture","Reaper","Clash"],"picked":"Singing Bowl","floor":47},{"not_picked":["Metallicize+1","Anger"],"picked":"Body Slam+1","floor":53},{"not_picked":["Clash","Heavy Blade+1","Sever Soul+1"],"picked":"Singing Bowl","floor":53},{"not_picked":["Warcry","Clothesline+1"],"picked":"Disarm","floor":53},{"not_picked":["Reaper","Spot Weakness"],"picked":"Metallicize","floor":53},{"not_picked":["Seeing Red+1","Havoc","Reaper"],"picked":"Singing Bowl","floor":53},{"not_picked":["Uppercut","Sentinel+1","Spot Weakness+1"],"picked":"Singing Bowl","floor":54}],"player_experience":256705,"relics_obtained":[{"floor":7.0,"key":"Tiny Chest"},{"floor":9.0,"key":"Anchor"},{"floor":12.0,"key":"CeramicFish"},{"floor":14.0,"key":"Red Skull"},{"floor":23,"key":"Blue Candle"},{"floor":25,"key":"Oddly Smooth Stone"},{"floor":26,"key":"Ornamental Fan"},{"floor":28,"key":"Sundial"},{"floor":38,"key":"Eternal Feather"},{"floor":40,"key":"The Courier"},{"floor":42,"key":"Art of War"},{"floor":43,"key":"Singing Bowl"},{"floor":45,"key":"Charon\u0027s Ashes"},{"floor":47,"key":"Akabeko"},{"floor":54,"key":"Whetstone"}],"event_choices":[{"damage_healed":0.0,"max_hp_gain":0.0,"max_hp_loss":0.0,"gold_gain":0.0,"event_name":"Scrap Ooze","player_choice":"Success","floor":2.0,"gold_loss":0.0,"damage_taken":7.0,"relics_obtained":["Nunchaku"]},{"damage_healed":0.0,"max_hp_gain":0.0,"max_hp_loss":0.0,"gold_gain":0.0,"event_name":"Golden Idol","player_choice":"Ignored","floor":3.0,"gold_loss":0.0,"damage_taken":0.0},{"damage_healed":0.0,"max_hp_gain":0.0,"max_hp_loss":0.0,"gold_gain":0.0,"event_name":"WeMeetAgain","player_choice":"Paid Gold","floor":4.0,"gold_loss":55.0,"damage_taken":0.0,"relics_obtained":["Orichalcum"]},{"cards_removed":["Strike_R"],"damage_healed":0.0,"max_hp_gain":0.0,"max_hp_loss":0.0,"gold_gain":0.0,"event_name":"Back to Basics","player_choice":"Elegance","floor":19.0,"gold_loss":0.0,"damage_taken":0.0},{"damage_healed":0.0,"max_hp_gain":0.0,"max_hp_loss":0.0,"gold_gain":0.0,"event_name":"The Library","player_choice":"Read","floor":21.0,"gold_loss":0.0,"damage_taken":0.0,"cards_obtained":["Body Slam"]},{"damage_healed":0,"gold_gain":0,"player_choice":"Leave","damage_taken":0,"max_hp_gain":0,"max_hp_loss":0,"event_name":"FaceTrader","floor":31,"gold_loss":0},{"damage_healed":0,"gold_gain":0,"player_choice":"Upgraded","damage_taken":0,"max_hp_gain":0,"max_hp_loss":0,"event_name":"Upgrade Shrine","floor":37,"gold_loss":0,"cards_upgraded":["Body Slam"]},{"damage_healed":0,"gold_gain":0,"player_choice":"Max HP","damage_taken":0,"max_hp_gain":0,"max_hp_loss":4,"event_name":"Winding Halls","floor":48,"gold_loss":0}],"is_beta":false,"boss_relics":[{"not_picked":["SlaversCollar","SacredBark"],"picked":"Ectoplasm"},{"not_picked":["Cursed Key","Coffee Dripper"],"picked":"Velvet Choker"}],"items_purged_floors":[53],"is_endless":false,"potions_floor_spawned":[7,12,18,20,23,30,33,35,39,42,46,54],"killed_by":"The Heart","ascension_level":3}}