{"host":"l7l2v2zs4hqku4vk","time":1613463762,"event":{"mods":["Act Like it!","BaseMod","Colored Powertips","Downfall","Highlight Path","Minty Spire (QoL Compilation)","Replay The Spire","RumiaBox-露米娅的神秘盒子","StSLib","TestMod","The Servant 0.9.4","篝火指南"],"gold_per_floor":[109,123,133,151,151,151,182,201,270,298,298,311,322,372,372,451,451,451,451],"floor_reached":18,"language":"ZHS","playtime":1118,"items_purged":[],"score":348,"play_id":"b3a739ed-0e9f-436f-bbc5-b7ca92ea0226","local_time":"20210216162242","is_ascension_mode":true,"campfire_choices":[{"data":"Armaments","floor":6,"key":"SMITH"},{"data":"Body Slam","floor":11,"key":"SMITH"},{"data":"Entrench","floor":15,"key":"SMITH"}],"circlet_count":0,"master_deck":["AscendersBane","Strike_R","Strike_R","Strike_R","Strike_R","Defend_R","Defend_R","Defend_R","Defend_R","Bash","Eclipse","Entrench+1","Armaments+1","Shrug It Off","Entrench","Flame Barrier","Body Slam+1","Impervious","Berserk"],"relics":["Burning Blood","testmod-TestBox","testmod-Fanaticism","testmod-RandomTest","Replay:PocketPolymizer","testmod-Prudence"],"acts_visited":["Exordium","TheCity"],"potions_floor_usage":[16],"damage_taken":[{"damage":0,"enemies":"Cultist","floor":1,"turns":2},{"damage":6,"enemies":"2 Louse","floor":2,"turns":3},{"damage":19,"enemies":"Jaw Worm","floor":3,"turns":2},{"damage":15,"enemies":"Lots of Slimes","floor":4,"turns":5},{"damage":22,"enemies":"Replay:BlueRogue","floor":7,"turns":4},{"damage":17,"enemies":"Looter","floor":8,"turns":4},{"damage":42,"enemies":"3 Sentries","floor":10,"turns":10},{"damage":30,"enemies":"Exordium Wildlife","floor":12,"turns":4},{"damage":0,"enemies":"Blue Slaver","floor":13,"turns":1},{"damage":82,"enemies":"Fading Forest","floor":16,"turns":13},{"damage":104,"enemies":"Chosen","floor":18,"turns":5}],"seed_played":"1331668162417852585","potions_obtained":[{"floor":1,"key":"SpeedPotion"},{"floor":4,"key":"PowerPotion"}],"is_trial":false,"path_per_floor":["M","M","M","M","?","R","E","M","T","E","R","M","M","?","R","B",null,"M"],"character_chosen":"IRONCLAD","items_purchased":[],"campfire_rested":0,"item_purchase_floors":[],"current_hp_per_floor":[74,74,72,74,74,74,75,72,72,70,70,58,64,64,64,75,75,0,0],"gold":451,"neow_bonus":"ONE_RANDOM_RARE_CARD","is_daily":false,"chose_seed":false,"campfire_upgraded":3,"win_rate":0.0,"timestamp":1613463762,"path_taken":["M","M","?","M","?","R","E","M","T","E","R","M","M","?","R","BOSS","M"],"items_purchased_type":[],"build_version":"2020-12-22","purchased_purges":0,"victory":false,"max_hp_per_floor":[75,75,75,75,75,75,75,75,75,75,75,75,75,75,75,75,75,75,75],"card_choices":[{"not_picked":["Fire Breathing","Iron Wave"],"picked":"Entrench","floor":1},{"not_picked":["Havoc","Defy Death"],"picked":"Armaments","floor":2},{"not_picked":["Run Through","ReplayTheSpireMod:Strike From Hell"],"picked":"Shrug It Off","floor":3},{"not_picked":["Shrug It Off","Intimidate"],"picked":"Entrench","floor":4},{"not_picked":["Replay:Undeath\u0027s Touch","Headbutt"],"picked":"Flame Barrier","floor":7},{"not_picked":["Clothesline","Havoc"],"picked":"Body Slam","floor":8},{"not_picked":["Flex","Anger"],"picked":"Impervious","floor":10},{"not_picked":["ReplayTheSpireMod:Corrosion Curse","ReplayTheSpireMod:LeadingStrike","Iron Wave"],"picked":"SKIP","floor":12},{"not_picked":["Flame Barrier","ReplayTheSpireMod:Strike From Hell","Clash"],"picked":"SKIP","floor":13},{"not_picked":["Corruption","Fiend Fire"],"picked":"Berserk","floor":16}],"player_experience":1810674,"relics_obtained":[{"floor":9,"key":"testmod-RandomTest"},{"floor":10,"key":"Replay:PocketPolymizer"}],"event_choices":[{"cards_removed":["Strike_R"],"damage_healed":0,"gold_gain":0,"player_choice":"Forget","damage_taken":0,"max_hp_gain":0,"max_hp_loss":0,"event_name":"Living Wall","floor":5,"gold_loss":0},{"damage_healed":0,"gold_gain":50,"player_choice":"Pray","damage_taken":0,"max_hp_gain":0,"max_hp_loss":0,"event_name":"Golden Shrine","floor":14,"gold_loss":0}],"is_beta":false,"boss_relics":[{"not_picked":["SacredBark","Calling Bell"],"picked":"testmod-Prudence"}],"items_purged_floors":[],"is_endless":false,"potions_floor_spawned":[1,4,7,8],"killed_by":"Chosen","ascension_level":20}}