{"host":"dl909bjyolgrn2uw","time":1613441301,"event":{"mods":["2.2 Compatiblity","BaseMod","Bestiary","Better Altar","Better Note","Better Sensory Stone","Better Skull","Better Third Choice","Better Vampires","Better-Laid Plans","BetterRewards","Colored Powertips","Curses Come First","Disable Question Mark Monsters","Displayed Cursed Tome","Emptier Cage","Minty Spire (QoL Compilation)","Morshu Shopkeeper","Permanent Neow","Rare Cards Sparkle","Relic Stats","Shop Mod","Spicy Shops","StSLib","SuperFastMode","Transform Curses"],"gold_per_floor":[118,130,150,164,174,174,206,206,206,224,224,224,235,251,251,328,328,348,368,368,382,397,397,426,442,442,25,25,42,42,61,61,139,139,151,162,254,274,47,81,81,81,81,101,101,131,131,143,143,143],"floor_reached":51,"language":"ENG","playtime":4190,"items_purged":[],"score":1303,"play_id":"44020cfe-6fcb-450c-9025-fa027d52b3d8","local_time":"20210215200821","is_ascension_mode":true,"campfire_choices":[{"data":"Uppercut","floor":6,"key":"SMITH"},{"data":"Spot Weakness","floor":12,"key":"SMITH"},{"floor":15,"key":"REST"},{"data":"Shockwave","floor":23,"key":"SMITH"},{"data":"Bash","floor":32,"key":"SMITH"},{"floor":42,"key":"REST"},{"floor":45,"key":"REST"},{"floor":49,"key":"REST"}],"circlet_count":0,"master_deck":["AscendersBane","Defend_R","Defend_R","Defend_R","Defend_R","Bash+1","Uppercut+1","Anger","Headbutt","Spot Weakness+1","Twin Strike","Evolve","Impervious","Headbutt","Bite","Bite","Bite","Bite","Bite","Iron Wave+1","Shockwave+1","Impervious","Feel No Pain+1","Blind","PanicButton","Shockwave+1","Feed","Metallicize+1","Battle Trance","Impervious","Inflame+1","Limit Break"],"relics":["Runic Pyramid","Art of War","Blue Candle","Velvet Choker","Pen Nib","Frozen Egg 2","Orichalcum","ClockworkSouvenir","Bronze Scales","Red Skull","Fusion Hammer","Potion Belt","Torii","Calipers","PreservedInsect"],"acts_visited":["Exordium","TheCity","TheBeyond"],"potions_floor_usage":[4,7,14,16,33,33,50,50,50,50],"damage_taken":[{"damage":1,"enemies":"Small Slimes","floor":1,"turns":5},{"damage":7,"enemies":"Jaw Worm","floor":2,"turns":3},{"damage":0,"enemies":"2 Louse","floor":3,"turns":3},{"damage":10,"enemies":"2 Fungi Beasts","floor":4,"turns":4},{"damage":18,"enemies":"Exordium Thugs","floor":5,"turns":3},{"damage":16,"enemies":"Gremlin Nob","floor":7,"turns":3},{"damage":3,"enemies":"Blue Slaver","floor":10,"turns":2},{"damage":1,"enemies":"2 Fungi Beasts","floor":13,"turns":4},{"damage":20,"enemies":"Gremlin Gang","floor":14,"turns":3},{"damage":14,"enemies":"The Guardian","floor":16,"turns":7},{"damage":28,"enemies":"2 Thieves","floor":18,"turns":4},{"damage":2,"enemies":"3 Byrds","floor":19,"turns":5},{"damage":21,"enemies":"Centurion and Healer","floor":21,"turns":10},{"damage":11,"enemies":"Snecko","floor":22,"turns":4},{"damage":9,"enemies":"Gremlin Leader","floor":24,"turns":6},{"damage":18,"enemies":"Sentry and Sphere","floor":25,"turns":6},{"damage":0,"enemies":"Centurion and Healer","floor":29,"turns":6},{"damage":0,"enemies":"Snecko","floor":31,"turns":3},{"damage":12,"enemies":"Automaton","floor":33,"turns":7},{"damage":2,"enemies":"Orb Walker","floor":35,"turns":3},{"damage":17,"enemies":"3 Darklings","floor":36,"turns":6},{"damage":17,"enemies":"4 Shapes","floor":38,"turns":7},{"damage":0,"enemies":"Nemesis","floor":40,"turns":5},{"damage":1,"enemies":"Transient","floor":44,"turns":5},{"damage":10,"enemies":"Reptomancer","floor":46,"turns":8},{"damage":1,"enemies":"Maw","floor":48,"turns":7},{"damage":41,"enemies":"Time Eater","floor":50,"turns":9}],"seed_played":"-4858908198910353262","potions_obtained":[{"floor":1,"key":"Regen Potion"},{"floor":3,"key":"LiquidMemories"},{"floor":4,"key":"DuplicationPotion"},{"floor":13,"key":"BlessingOfTheForge"},{"floor":22,"key":"AttackPotion"},{"floor":25,"key":"Swift Potion"},{"floor":33,"key":"BloodPotion"},{"floor":40,"key":"AttackPotion"},{"floor":44,"key":"Block Potion"},{"floor":48,"key":"PowerPotion"}],"is_trial":false,"path_per_floor":["M","M","M","M","M","R","E","?","T","M","?","R","M","M","R","B",null,"M","M","?","M","M","R","E","M","T","$","?","M","?","M","R","B",null,"M","M","?","M","$","E","?","R","T","M","R","E","?","M","R","B",null],"character_chosen":"IRONCLAD","items_purchased":["Feel No Pain+1","Orichalcum","ClockworkSouvenir","Impervious","FearPotion","Ancient Potion"],"campfire_rested":4,"item_purchase_floors":[27,27,27,39,39,39],"current_hp_per_floor":[67,60,60,59,41,41,25,25,25,22,27,27,26,6,30,16,64,36,34,34,36,37,37,44,34,34,34,34,48,24,30,30,30,50,56,48,28,22,22,32,32,51,51,62,66,69,69,72,72,50],"gold":143,"neow_bonus":"BOSS_RELIC","is_daily":false,"chose_seed":false,"campfire_upgraded":4,"win_rate":0.0,"timestamp":1613441301,"path_taken":["M","M","M","M","M","R","E","?","T","M","?","R","M","M","R","BOSS","M","M","?","M","M","R","E","M","T","$","?","M","?","M","R","BOSS","M","M","?","M","?","E","?","R","T","M","R","E","?","M","R","BOSS"],"items_purchased_type":["Card","Relic","Relic","Card","Potion","Potion"],"build_version":"2020-12-22","purchased_purges":0,"victory":true,"max_hp_per_floor":[75,75,75,75,75,75,75,75,75,75,80,80,80,80,80,80,80,80,80,56,56,56,56,56,56,56,56,56,56,56,56,56,56,56,56,59,59,62,62,66,66,66,66,66,66,69,69,72,72,75],"relic_stats":{"Torii":4,"counters":[27,138],"Blue Candle":[0],"Bronze Scales":[192],"Pen Nib":[14],"PreservedInsect":0,"Art of War":[11],"Orichalcum":[114],"obtain_stats":[{"Potion Belt":37,"Calipers":43,"Torii":40,"Blue Candle":9,"Velvet Choker":17,"Pen Nib":24,"PreservedInsect":46,"Frozen Egg 2":26,"Orichalcum":27,"Burning Blood":0,"ClockworkSouvenir":27,"Bronze Scales":30,"Fusion Hammer":34,"Art of War":7,"Red Skull":30,"Runic Pyramid":0},{"Potion Belt":21,"Calipers":23,"Torii":23,"Blue Candle":6,"Velvet Choker":10,"Pen Nib":15,"PreservedInsect":25,"Frozen Egg 2":16,"Orichalcum":16,"Burning Blood":0,"ClockworkSouvenir":16,"Bronze Scales":17,"Fusion Hammer":19,"Art of War":6,"Red Skull":17,"Runic Pyramid":0},{"Potion Belt":97,"Calipers":109,"Torii":109,"Blue Candle":21,"Velvet Choker":37,"Pen Nib":66,"PreservedInsect":122,"Frozen Egg 2":72,"Orichalcum":72,"Burning Blood":0,"ClockworkSouvenir":72,"Bronze Scales":78,"Fusion Hammer":88,"Art of War":21,"Red Skull":78,"Runic Pyramid":0}]},"card_choices":[{"not_picked":["Body Slam","Havoc"],"picked":"Uppercut","floor":1},{"not_picked":["Havoc","Fire Breathing"],"picked":"Reckless Charge","floor":2},{"not_picked":["Iron Wave","Uppercut"],"picked":"Anger","floor":3},{"not_picked":["Perfected Strike","Havoc","Seeing Red"],"picked":"SKIP","floor":4},{"not_picked":["Clash","Flex"],"picked":"Headbutt","floor":5},{"not_picked":["Burning Pact","Barricade"],"picked":"Spot Weakness","floor":7},{"not_picked":["Perfected Strike","Carnage"],"picked":"Twin Strike","floor":10},{"not_picked":["Hemokinesis","Thunderclap"],"picked":"Evolve","floor":13},{"not_picked":["Whirlwind","Sever Soul","Havoc"],"picked":"SKIP","floor":14},{"not_picked":["Limit Break","Brutality"],"picked":"Impervious","floor":16},{"not_picked":["Bloodletting","Carnage"],"picked":"Armaments","floor":18},{"not_picked":["Carnage+1","Rampage"],"picked":"Headbutt","floor":19},{"not_picked":["Heavy Blade","Clothesline"],"picked":"Iron Wave+1","floor":21},{"not_picked":["Hemokinesis","Body Slam+1"],"picked":"Shockwave","floor":22},{"not_picked":["Dropkick","Inflame"],"picked":"Impervious","floor":24},{"not_picked":["Warcry","Armaments","Sever Soul"],"picked":"SKIP","floor":25},{"not_picked":["Panache+1","Bandage Up"],"picked":"Blind","floor":28},{"not_picked":["Sadistic Nature+1","Bandage Up"],"picked":"PanicButton","floor":28},{"not_picked":["Cleave","Twin Strike"],"picked":"Shockwave+1","floor":29},{"not_picked":["Rage","Clothesline","Dual Wield"],"picked":"SKIP","floor":31},{"not_picked":["Double Tap","Immolate"],"picked":"Feed","floor":33},{"not_picked":["Heavy Blade","Body Slam"],"picked":"Metallicize+1","floor":35},{"not_picked":["Thunderclap","Whirlwind+1"],"picked":"Battle Trance","floor":36},{"not_picked":["Sword Boomerang+1","Havoc+1","Warcry"],"picked":"SKIP","floor":38},{"not_picked":["Evolve+1","Flex","Second Wind"],"picked":"SKIP","floor":40},{"not_picked":["Combust+1","Perfected Strike"],"picked":"Inflame+1","floor":44},{"not_picked":["Havoc+1","Entrench"],"picked":"Limit Break","floor":46},{"not_picked":["Power Through","Anger+1","Wild Strike"],"picked":"SKIP","floor":48}],"player_experience":440406,"relics_obtained":[{"floor":7,"key":"Art of War"},{"floor":9,"key":"Blue Candle"},{"floor":24,"key":"Pen Nib"},{"floor":26,"key":"Frozen Egg 2"},{"floor":40,"key":"Torii"},{"floor":43,"key":"Calipers"},{"floor":46,"key":"PreservedInsect"}],"event_choices":[{"damage_healed":25,"gold_gain":0,"player_choice":"Leave","damage_taken":0,"max_hp_gain":0,"max_hp_loss":75,"event_name":"betterThird:BetterShining","floor":8,"gold_loss":0},{"damage_healed":0,"gold_gain":0,"player_choice":"Donut","damage_taken":0,"max_hp_gain":5,"max_hp_loss":0,"event_name":"Big Fish","floor":11,"gold_loss":0},{"damage_healed":0,"gold_gain":0,"player_choice":"Became a vampire","damage_taken":0,"max_hp_gain":0,"max_hp_loss":24,"event_name":"Vampires","floor":20,"gold_loss":0,"cards_obtained":["Bite","Bite","Bite","Bite","Bite"]},{"damage_healed":0,"gold_gain":2,"player_choice":"1","damage_taken":0,"max_hp_gain":0,"max_hp_loss":0,"event_name":"betterStone:BetterStone","floor":28,"gold_loss":0},{"damage_healed":0,"gold_gain":0,"player_choice":"RE RE ","damage_taken":28,"relics_obtained":["Bronze Scales","Red Skull"],"max_hp_gain":0,"max_hp_loss":0,"event_name":"betterSkull:BetterSkull","floor":30,"gold_loss":0,"cards_upgraded":[]},{"damage_healed":0,"gold_gain":92,"player_choice":"RE GO ","damage_taken":23,"relics_obtained":["Potion Belt"],"max_hp_gain":0,"max_hp_loss":0,"event_name":"betterSkull:BetterSkull","floor":37,"gold_loss":0,"cards_upgraded":[]},{"cards_removed":["Armaments"],"damage_healed":0,"gold_gain":0,"player_choice":"Removed Skill","damage_taken":0,"max_hp_gain":0,"max_hp_loss":0,"event_name":"Falling","floor":41,"gold_loss":0},{"cards_removed":["Reckless Charge"],"damage_healed":0,"gold_gain":0,"player_choice":"Purged","damage_taken":0,"max_hp_gain":0,"max_hp_loss":0,"event_name":"Purifier","floor":47,"gold_loss":0}],"is_beta":false,"boss_relics":[{"not_picked":["Runic Dome","Astrolabe"],"picked":"Velvet Choker"},{"not_picked":["Snecko Eye","Pandora\u0027s Box"],"picked":"Fusion Hammer"}],"items_purged_floors":[],"is_endless":false,"potions_floor_spawned":[1,3,4,13,22,25,29,33,40,44,46,48],"ascension_level":16}}