{"host":"cpsutu8lprjuipd6","time":1613456333,"event":{"mods":["BaseMod","Colored Map","Minty Spire (QoL Compilation)","Permanent Neow","StSLib","SuperFastMode","The Bug Knight","Together in Spire"],"gold_per_floor":[417,367,442,442,456,456,472,491,560,573,585,610,199,199,199,298,298,310,320,320,249,269,300,300,327,375,385,385,398,398,398],"floor_reached":30,"language":"KOR","playtime":1085,"items_purged":["Strike_G"],"score":286,"play_id":"11736eb6-0c27-4dd8-8c4f-f4b3c7c13003","local_time":"20210216151853","is_ascension_mode":true,"campfire_choices":[{"data":"Poisoned Stab","floor":6,"key":"SMITH"},{"data":"Bane","floor":15,"key":"SMITH"},{"floor":24,"key":"REST"},{"floor":28,"key":"RECALL"}],"circlet_count":0,"master_deck":["Strike_G","Strike_G","Strike_G","Defend_G","Defend_G","Defend_G","Defend_G","Survivor","Neutralize","CurseOfTheBell","Poisoned Stab+1","Bane","Slice","Bane","Bane+1","Burst","Bouncing Flask+1","Acrobatics","Die Die Die","Outmaneuver","Flechettes","Unload","Endless Agony","Deflect","Bullet Time","Blade Dance+1","Deadly Poison+1"],"relics":["Calling Bell","MealTicket","Paper Crane","Old Coin","Ninja Scroll","Akabeko","Ice Cream","Black Star","Centennial Puzzle","Blood Vial","Shuriken","Molten Egg 2"],"acts_visited":["Exordium","TheCity"],"potions_floor_usage":[16,29],"damage_taken":[{"damage":1,"enemies":"2 Louse","floor":1,"turns":3},{"damage":2,"enemies":"Small Slimes","floor":5,"turns":3},{"damage":0,"enemies":"Cultist","floor":7,"turns":3},{"damage":1,"enemies":"Looter","floor":8,"turns":3},{"damage":4,"enemies":"2 Fungi Beasts","floor":10,"turns":3},{"damage":1,"enemies":"Lots of Slimes","floor":11,"turns":4},{"damage":8,"enemies":"Gremlin Nob","floor":12,"turns":4},{"damage":34,"enemies":"Slime Boss","floor":16,"turns":11},{"damage":10,"enemies":"2 Thieves","floor":18,"turns":4},{"damage":5,"enemies":"Spheric Guardian","floor":19,"turns":3},{"damage":15,"enemies":"Snake Plant","floor":22,"turns":3},{"damage":22,"enemies":"HollowMod:Nosk","floor":23,"turns":5},{"damage":34,"enemies":"Slavers","floor":25,"turns":5},{"damage":0,"enemies":"Centurion and Healer","floor":27,"turns":4},{"damage":10,"enemies":"Cultist and Chosen","floor":29,"turns":3},{"damage":25,"enemies":"Gremlin Leader","floor":30,"turns":2}],"seed_played":"-1243557382772880483","potions_obtained":[{"floor":1,"key":"Poison Potion"},{"floor":7,"key":"Explosive Potion"},{"floor":8,"key":"DuplicationPotion"},{"floor":22,"key":"CultistPotion"},{"floor":23,"key":"SkillPotion"},{"floor":27,"key":"AttackPotion"}],"is_trial":false,"path_per_floor":["M","?","?","?","M","R","M","M","T","M","M","E","$","?","R","B",null,"M","M","?","$","M","E","R","E","T","M","R","M","E"],"character_chosen":"THE_SILENT","items_purchased":["Ice Cream","Acrobatics","Unload"],"campfire_rested":1,"item_purchase_floors":[13,13,21],"current_hp_per_floor":[69,69,58,58,56,56,56,55,55,51,50,42,57,62,62,28,75,65,60,60,75,60,38,60,28,28,30,30,22,0,0],"gold":398,"neow_bonus":"BOSS_RELIC","is_daily":false,"chose_seed":false,"campfire_upgraded":2,"win_rate":0.0,"timestamp":1613456333,"path_taken":["M","?","?","?","M","R","M","M","T","?","M","E","$","?","R","BOSS","M","M","?","$","M","E","R","E","T","M","R","M","E"],"items_purchased_type":["Relic","Card","Card"],"build_version":"2020-12-22","purchased_purges":1,"victory":false,"max_hp_per_floor":[70,70,70,70,70,70,70,70,70,70,70,70,70,75,75,75,75,75,75,75,75,75,75,75,75,75,75,75,75,75,75],"card_choices":[{"not_picked":["Underhanded Strike","Caltrops"],"picked":"Poisoned Stab","floor":1},{"not_picked":["Dagger Throw","Slice"],"picked":"Bane","floor":5},{"not_picked":["Dash","Quick Slash"],"picked":"Slice","floor":7},{"not_picked":["Slice","Crippling Poison"],"picked":"Bane","floor":8},{"not_picked":["Reflex","Outmaneuver"],"picked":"Bane","floor":10},{"not_picked":["Distraction","Finisher"],"picked":"Burst","floor":11},{"not_picked":["Backflip","Endless Agony"],"picked":"Bouncing Flask","floor":12},{"not_picked":["Malaise","Unload"],"picked":"Die Die Die","floor":16},{"not_picked":["Sucker Punch","Underhanded Strike"],"picked":"Outmaneuver","floor":18},{"not_picked":["Dagger Throw","Sucker Punch"],"picked":"Flechettes","floor":19},{"not_picked":["Eviscerate","Underhanded Strike+1"],"picked":"Endless Agony","floor":22},{"not_picked":["A Thousand Cuts","Backflip"],"picked":"Deflect","floor":23},{"not_picked":["All Out Attack+1","Underhanded Strike+1"],"picked":"Bullet Time","floor":25},{"not_picked":["Prepared","Dodge and Roll"],"picked":"Blade Dance+1","floor":27},{"not_picked":["Skewer+1","PiercingWail"],"picked":"Deadly Poison+1","floor":29}],"player_experience":101952,"relics_obtained":[{"floor":0,"key":"MealTicket"},{"floor":0,"key":"Paper Crane"},{"floor":0,"key":"Old Coin"},{"floor":9,"key":"Ninja Scroll"},{"floor":12,"key":"Akabeko"},{"floor":23,"key":"Centennial Puzzle"},{"floor":23,"key":"Blood Vial"},{"floor":25,"key":"Shuriken"},{"floor":25,"key":"Molten Egg 2"}],"event_choices":[{"cards_removed":["Strike_G"],"damage_healed":0,"gold_gain":0,"player_choice":"Card Removal","damage_taken":0,"max_hp_gain":0,"max_hp_loss":0,"event_name":"The Cleric","floor":2,"gold_loss":50},{"damage_healed":0,"gold_gain":75,"player_choice":"Gather Gold","damage_taken":11,"max_hp_gain":0,"max_hp_loss":0,"event_name":"World of Goop","floor":3,"gold_loss":0},{"cards_removed":["Defend_G"],"damage_healed":0,"gold_gain":0,"player_choice":"Purged","damage_taken":0,"max_hp_gain":0,"max_hp_loss":0,"event_name":"Purifier","floor":4,"gold_loss":0},{"damage_healed":0,"gold_gain":0,"player_choice":"Donut","damage_taken":0,"max_hp_gain":5,"max_hp_loss":0,"event_name":"Big Fish","floor":14,"gold_loss":0},{"damage_healed":0,"gold_gain":0,"player_choice":"Forge","damage_taken":0,"max_hp_gain":0,"max_hp_loss":0,"event_name":"Accursed Blacksmith","floor":20,"gold_loss":0,"cards_upgraded":["Bouncing Flask"]}],"is_beta":false,"boss_relics":[{"not_picked":["WristBlade","Velvet Choker"],"picked":"Black Star"}],"items_purged_floors":[13],"is_endless":false,"potions_floor_spawned":[1,7,8,22,23,27],"killed_by":"Gremlin Leader","ascension_level":1}}