{"host":"8anmd7ibyxevnonj","time":1613504544,"event":{"mods":["BaseMod","Curses Come First","Minty Spire (QoL Compilation)","Reliquary","StSLib"],"gold_per_floor":[111,126,141,152,327,327,347,347,347,347,347,360,370,398,398,500,500,516,516,533,544,555,590,590,921,921,921,921,921,921,933,933,1033,1033,1043,1062,1062,549,362,362,362,389,462,462,474,474,474],"floor_reached":46,"language":"ENG","playtime":2428,"items_purged":["Strike_R"],"score":517,"play_id":"4865ea2d-7c5f-4ba6-bb46-5a2f8fbba36d","local_time":"20210216204224","is_ascension_mode":false,"campfire_choices":[{"data":"Bludgeon","floor":6,"key":"SMITH"},{"data":"Rampage","floor":11,"key":"SMITH"},{"data":"Rupture","floor":15,"key":"SMITH"},{"floor":24,"key":"REST"},{"floor":27,"key":"REST"},{"data":"Limit Break","floor":28,"key":"SMITH"},{"floor":29,"key":"REST"},{"data":"Inflame","floor":32,"key":"SMITH"},{"data":"Disarm","floor":40,"key":"SMITH"},{"floor":44,"key":"REST"}],"circlet_count":0,"master_deck":["Defend_R","Defend_R","Defend_R","Defend_R","Bash","Clothesline","Rampage+1","Bludgeon+1","Pummel","Shrug It Off","Regret","Inflame+1","Twin Strike","Rupture+1","Limit Break+1","Thunderclap+1","Disarm+1","Iron Wave","Pummel","Shrug It Off+1","Strike_R","Blood for Blood+1","Feed","Sever Soul+1","Rupture+1","Impervious+1","Armaments+1","Pummel","Hemokinesis","Metallicize+1"],"relics":["Burning Blood","Self Forming Clay","WingedGreaves","Pantograph","reliquary:KinkedSpring","Lizard Tail","Old Coin","reliquary:MedicineBall","Astrolabe","FossilizedHelix","Bag of Marbles","reliquary:Aerogel","Regal Pillow","reliquary:Sideboard"],"acts_visited":["Exordium","TheCity","TheBeyond"],"potions_floor_usage":[12,14,16,23,23,33,41,42,46],"damage_taken":[{"damage":4,"enemies":"2 Louse","floor":1,"turns":4},{"damage":3,"enemies":"Small Slimes","floor":2,"turns":3},{"damage":6,"enemies":"Jaw Worm","floor":3,"turns":3},{"damage":11,"enemies":"Red Slaver","floor":4,"turns":3},{"damage":4,"enemies":"Exordium Wildlife","floor":7,"turns":4},{"damage":18,"enemies":"Gremlin Gang","floor":12,"turns":5},{"damage":8,"enemies":"Looter","floor":13,"turns":3},{"damage":10,"enemies":"Gremlin Nob","floor":14,"turns":3},{"damage":58,"enemies":"The Guardian","floor":16,"turns":8},{"damage":9,"enemies":"Shell Parasite","floor":18,"turns":5},{"damage":10,"enemies":"3 Byrds","floor":20,"turns":6},{"damage":35,"enemies":"Sentry and Sphere","floor":21,"turns":6},{"damage":15,"enemies":"Shelled Parasite and Fungi","floor":22,"turns":4},{"damage":29,"enemies":"Gremlin Leader","floor":23,"turns":7},{"damage":35,"enemies":"Slavers","floor":25,"turns":6},{"damage":25,"enemies":"Snecko","floor":31,"turns":6},{"damage":31,"enemies":"Champ","floor":33,"turns":9},{"damage":25,"enemies":"3 Shapes","floor":35,"turns":9},{"damage":39,"enemies":"3 Darklings","floor":36,"turns":8},{"damage":0,"enemies":"Writhing Mass","floor":41,"turns":1},{"damage":93,"enemies":"Giant Head","floor":42,"turns":10},{"damage":13,"enemies":"Jaw Worm Horde","floor":45,"turns":3},{"damage":60,"enemies":"Maw","floor":46,"turns":6}],"seed_played":"1519167898948211881","potions_obtained":[{"floor":7,"key":"GamblersBrew"},{"floor":12,"key":"BlessingOfTheForge"},{"floor":14,"key":"PowerPotion"},{"floor":16,"key":"Swift Potion"},{"floor":20,"key":"SmokeBomb"},{"floor":22,"key":"BlessingOfTheForge"},{"floor":25,"key":"Weak Potion"},{"floor":33,"key":"FearPotion"},{"floor":42,"key":"Swift Potion"},{"floor":45,"key":"LiquidBronze"}],"is_trial":false,"path_per_floor":["M","M","M","M","?","R","M","?","T","?","R","M","M","E","R","B",null,"M","?","M","M","M","E","R","E","T","R","R","R","?","M","R","B",null,"M","M","?","$","$","R","M","E","T","R","M","M"],"character_chosen":"IRONCLAD","items_purchased":["FossilizedHelix","Bag of Marbles","reliquary:Aerogel","Hemokinesis"],"campfire_rested":4,"item_purchase_floors":[38,38,39,39],"current_hp_per_floor":[80,80,80,75,75,75,77,70,70,70,70,58,56,52,52,25,80,77,77,73,44,35,12,36,7,7,31,31,55,55,36,36,36,80,64,34,34,34,34,34,40,24,24,65,58,0,0],"gold":474,"neow_bonus":"TRANSFORM_CARD","is_daily":false,"chose_seed":false,"campfire_upgraded":6,"win_rate":0.0,"timestamp":1613504544,"path_taken":["M","M","M","M","?","R","M","?","T","?","R","M","M","E","R","BOSS","M","?","M","M","M","E","R","E","T","R","R","R","?","M","R","BOSS","M","M","?","$","$","R","M","E","T","R","M","M"],"items_purchased_type":["Relic","Relic","Relic","Card"],"build_version":"2020-12-13","purchased_purges":1,"victory":false,"max_hp_per_floor":[80,80,80,80,80,80,80,80,80,80,80,80,80,80,80,80,80,80,80,80,80,80,80,80,80,80,80,80,80,80,80,80,80,80,83,86,86,86,86,86,86,89,89,89,89,89,89],"card_choices":[{"not_picked":["Body Slam","Seeing Red"],"picked":"Clothesline","floor":1},{"not_picked":["Dark Embrace","Iron Wave"],"picked":"Rampage","floor":2},{"not_picked":["Bloodletting","Flex"],"picked":"Bludgeon","floor":3},{"not_picked":["Uppercut","Infernal Blade"],"picked":"Pummel","floor":4},{"not_picked":["True Grit","Dropkick"],"picked":"Shrug It Off","floor":7},{"not_picked":["Headbutt","Twin Strike"],"picked":"Inflame","floor":12},{"not_picked":["Heavy Blade","Perfected Strike"],"picked":"Twin Strike","floor":13},{"not_picked":["Fiend Fire","Perfected Strike"],"picked":"Rupture","floor":14},{"not_picked":["Barricade","Corruption"],"picked":"Limit Break","floor":16},{"not_picked":["Perfected Strike","Warcry"],"picked":"Thunderclap+1","floor":18},{"not_picked":["Rampage","Burning Pact"],"picked":"Disarm","floor":20},{"not_picked":["Entrench","Thunderclap"],"picked":"Iron Wave","floor":21},{"not_picked":["Twin Strike","Heavy Blade"],"picked":"Pummel","floor":22},{"not_picked":["Dark Embrace","Sword Boomerang","Body Slam+1"],"picked":"SKIP","floor":23},{"not_picked":["Blood for Blood","Berserk"],"picked":"Shrug It Off+1","floor":25},{"not_picked":["Clothesline","Heavy Blade+1"],"picked":"Blood for Blood+1","floor":31},{"not_picked":["Brutality","Impervious"],"picked":"Feed","floor":33},{"not_picked":["Flex","Clothesline+1"],"picked":"Armaments+1","floor":35},{"not_picked":["Cleave","True Grit"],"picked":"Pummel","floor":36},{"not_picked":["Perfected Strike","Bludgeon"],"picked":"Metallicize+1","floor":42},{"not_picked":["True Grit+1","Clash+1"],"picked":"Pummel","floor":45}],"player_experience":8582,"relics_obtained":[{"floor":9,"key":"Self Forming Clay"},{"floor":14,"key":"Pantograph"},{"floor":23,"key":"Lizard Tail"},{"floor":25,"key":"Old Coin"},{"floor":26,"key":"reliquary:MedicineBall"},{"floor":42,"key":"Regal Pillow"},{"floor":43,"key":"reliquary:Sideboard"}],"event_choices":[{"damage_healed":0,"gold_gain":175,"player_choice":"AGREE","damage_taken":0,"max_hp_gain":0,"max_hp_loss":0,"event_name":"Liars Game","floor":5,"gold_loss":0,"cards_obtained":["Doubt"]},{"cards_removed":["Doubt"],"damage_healed":0,"gold_gain":0,"player_choice":"Card Removal","damage_taken":7,"max_hp_gain":0,"max_hp_loss":0,"event_name":"Golden Wing","floor":8,"gold_loss":0},{"damage_healed":0,"gold_gain":0,"player_choice":"Box","damage_taken":0,"relics_obtained":["WingedGreaves"],"max_hp_gain":0,"max_hp_loss":0,"event_name":"Big Fish","floor":10,"gold_loss":0,"cards_obtained":["Regret"]},{"damage_healed":0,"gold_gain":0,"player_choice":"Ignored","damage_taken":0,"max_hp_gain":0,"max_hp_loss":0,"event_name":"Ghosts","floor":19,"gold_loss":0},{"cards_removed":["Rampage"],"damage_healed":0,"gold_gain":0,"player_choice":"Took Card","damage_taken":0,"max_hp_gain":0,"max_hp_loss":0,"event_name":"NoteForYourself","floor":30,"gold_loss":0,"cards_obtained":["Strike_R"]},{"damage_healed":0,"gold_gain":0,"player_choice":"Ignored","damage_taken":0,"max_hp_gain":0,"max_hp_loss":0,"event_name":"The Moai Head","floor":37,"gold_loss":0}],"is_beta":false,"boss_relics":[{"not_picked":["reliquary:Craggleroot","Black Blood"],"picked":"reliquary:KinkedSpring"},{"not_picked":["Cursed Key","Runic Cube"],"picked":"Astrolabe"}],"items_purged_floors":[38],"is_endless":false,"potions_floor_spawned":[7,12,14,16,20,22,25,33,41,42,45],"killed_by":"Maw","ascension_level":0}}