{"host":"kg61lsvem4dxoat8","time":1613493903,"event":{"mods":["AchievementEnabler","BaseMod","Better Altar","Better Match","Better Sensory Stone","Better Skull","Block Reminder","Highlight Path","Minty Spire (QoL Compilation)","Quick Restart","Rare Cards Sparkle","Relic Sorter","Relic Stats","StSLib","Synergy Search","slay the spire mod where everything is the same but ironclad has a cowboy hat"],"gold_per_floor":[119,119,134,134,166,178,190,202,239,56,74,39,57,84,84,175,175,198,35,59,72,72,72,72],"floor_reached":23,"language":"ENG","playtime":598,"items_purged":["Strike_G"],"score":362,"play_id":"3869d5b4-1786-4f96-a4fa-17e72bb0d333","local_time":"20210217004503","is_ascension_mode":true,"campfire_choices":[{"data":"Cloak And Dagger","floor":6.0,"key":"SMITH"},{"floor":8.0,"key":"REST"},{"data":"Apotheosis","floor":15.0,"key":"SMITH"}],"circlet_count":0,"master_deck":["AscendersBane","Strike_G","Strike_G","Strike_G","Strike_G","Defend_G","Defend_G","Defend_G","Defend_G","Defend_G","Survivor","Neutralize","Bullet Time","Cloak And Dagger+1","Apotheosis+1","Phantasmal Killer","Blade Dance","Cloak And Dagger","Accuracy"],"relics":["Ring of the Snake","Bloody Idol","MawBank","Oddly Smooth Stone","Tiny Chest","Cursed Key"],"acts_visited":["Exordium","TheCity"],"potions_floor_usage":[23],"damage_taken":[{"damage":2.0,"enemies":"Jaw Worm","floor":1.0,"turns":6.0},{"damage":4.0,"enemies":"Cultist","floor":3.0,"turns":5.0},{"damage":1.0,"enemies":"2 Louse","floor":5.0,"turns":5.0},{"damage":6.0,"enemies":"Exordium Wildlife","floor":11.0,"turns":4.0},{"damage":6.0,"enemies":"Exordium Thugs","floor":13.0,"turns":5.0},{"damage":31.0,"enemies":"The Guardian","floor":16.0,"turns":18.0},{"damage":22.0,"enemies":"Spheric Guardian","floor":18.0,"turns":6.0},{"damage":5,"enemies":"3 Byrds","floor":20,"turns":5},{"damage":2,"enemies":"Snecko","floor":21,"turns":4},{"damage":25,"enemies":"Slavers","floor":23,"turns":3}],"seed_played":"-2988992143628727163","potions_obtained":[{"floor":3.0,"key":"ColorlessPotion"},{"floor":5.0,"key":"ColorlessPotion"},{"floor":21,"key":"Strength Potion"}],"is_trial":false,"path_per_floor":["M","?","M","?","M","R","$","R","T","$","M","?","M","T","R","B",null,"M","$","M","M","?","E"],"character_chosen":"THE_SILENT","items_purchased":["Apotheosis","Accuracy"],"campfire_rested":1,"item_purchase_floors":[10,19],"current_hp_per_floor":[57,57,53,35,34,34,34,52,52,52,46,60,54,54,54,23,51,29,29,24,22,21,0,0],"gold":72,"neow_bonus":"ONE_RANDOM_RARE_CARD","is_daily":false,"chose_seed":false,"campfire_upgraded":2,"win_rate":0.0,"timestamp":1613493903,"path_taken":["M","?","?","?","M","R","?","R","T","$","M","?","?","?","R","BOSS","M","$","?","M","?","E"],"items_purchased_type":["Card","Card"],"build_version":"2020-12-22","purchased_purges":1,"victory":false,"max_hp_per_floor":[66,60,60,60,60,60,60,60,60,60,60,60,60,60,60,60,60,60,60,60,60,60,60,60],"relic_stats":{"counters":[10,61],"Bloody Idol":0,"Tiny Chest":0,"MawBank":72,"Cursed Key":0,"obtain_stats":[{"Golden Idol":2,"Bloody Idol":22,"Oddly Smooth Stone":9,"Tiny Chest":14,"MawBank":4,"Cursed Key":17,"Ring of the Snake":0},{"Golden Idol":1,"Bloody Idol":9,"Oddly Smooth Stone":3,"Tiny Chest":5,"MawBank":2,"Cursed Key":6,"Ring of the Snake":0},{"Golden Idol":6,"Bloody Idol":58,"Oddly Smooth Stone":16,"Tiny Chest":25,"MawBank":11,"Cursed Key":43,"Ring of the Snake":0}],"Ring of the Snake":[20]},"card_choices":[{"not_picked":["Flying Knee","All Out Attack","Bane"],"picked":"SKIP","floor":1.0},{"not_picked":["All Out Attack","Choke"],"picked":"Cloak And Dagger","floor":3.0},{"not_picked":["Deflect","Bane","Deadly Poison"],"picked":"SKIP","floor":5.0},{"not_picked":["Masterful Stab","Underhanded Strike"],"picked":"Phantasmal Killer","floor":11.0},{"not_picked":["Dash","Outmaneuver"],"picked":"Blade Dance","floor":13.0},{"not_picked":["Masterful Stab","Backflip"],"picked":"Cloak And Dagger","floor":18.0},{"not_picked":["Heel Hook","PiercingWail","Bane"],"picked":"SKIP","floor":20},{"not_picked":["Concentrate","PiercingWail","Unload"],"picked":"SKIP","floor":21}],"player_experience":1552159,"relics_obtained":[{"floor":9.0,"key":"Oddly Smooth Stone"},{"floor":14.0,"key":"Tiny Chest"}],"event_choices":[{"damage_healed":0.0,"max_hp_gain":0.0,"max_hp_loss":6.0,"gold_gain":0.0,"event_name":"Golden Idol","player_choice":"Lose Max HP","floor":2.0,"gold_loss":0.0,"damage_taken":0.0,"relics_obtained":["Golden Idol"]},{"damage_healed":0.0,"max_hp_gain":0.0,"max_hp_loss":0.0,"gold_gain":0.0,"event_name":"Scrap Ooze","player_choice":"Success","floor":4.0,"gold_loss":0.0,"damage_taken":18.0,"relics_obtained":["MawBank"]},{"damage_healed":15.0,"max_hp_gain":0.0,"max_hp_loss":0.0,"gold_gain":0.0,"event_name":"The Cleric","player_choice":"Healed","floor":12.0,"gold_loss":35.0,"damage_taken":0.0},{"damage_healed":0,"gold_gain":0,"player_choice":" GoldIdol ","damage_taken":1,"relics_obtained":["Bloody Idol"],"max_hp_gain":22,"max_hp_loss":21,"event_name":"betterAltar:BetterAltar","floor":22,"potions_obtained":[],"relics_lost":["Golden Idol"],"gold_loss":0}],"is_beta":false,"boss_relics":[{"not_picked":["Black Star","Snecko Eye"],"picked":"Cursed Key"}],"items_purged_floors":[19],"is_endless":false,"potions_floor_spawned":[3,5,21],"killed_by":"Slavers","ascension_level":20}}