{"host":"Doisman","time":1613511802,"event":{"mods":["AchievementEnabler","BaseMod","Better Note","Curses Come First","Minty Spire (QoL Compilation)","Permanent Neow","Quick Restart","Relic Stats","Replay The Spire","StSLib","slay the spire mod where everything is the same but ironclad has a cowboy hat"],"gold_per_floor":[115,128,128,141,160,160,203,203,203,203,65,99,118,218,218,339,339,363,334,131,131,31,31,74,74,97,97,136,152,152,172,172,291,291,314,28,53,53,53,53,66,109,109,109,152,177,177,240,240,240],"floor_reached":51,"language":"ENG","playtime":2089,"items_purged":["Strike_B","Zap","Strike_B"],"score":865,"play_id":"4c1599a8-8395-4fc7-ac01-354978a95abd","local_time":"20210216154322","is_ascension_mode":true,"campfire_choices":[{"data":"Reprogram","floor":6,"key":"SMITH"},{"data":"Hologram","floor":8,"key":"SMITH"},{"floor":10,"key":"REST"},{"data":"Hologram","floor":15,"key":"SMITH"},{"data":"Go for the Eyes","floor":23,"key":"SMITH"},{"data":"Rip and Tear","floor":25,"key":"SMITH"},{"data":"Rip and Tear","floor":27,"key":"SMITH"},{"data":"Sweeping Beam","floor":30,"key":"SMITH"},{"floor":32,"key":"REST"},{"data":"Conserve Battery","floor":40,"key":"SMITH"},{"data":"Replay:Bootleg Shield Generator","floor":44,"key":"SMITH"},{"floor":47,"key":"REST"}],"circlet_count":0,"master_deck":["Defend_B","Defend_B","Defend_B","Defend_B","Dualcast","Go for the Eyes+1","Reprogram+1","Hologram+1","Leap","Finesse+1","Hologram+1","Rebound","Rebound+1","Rip and Tear+1","Rip and Tear+1","Sweeping Beam+1","Rip and Tear+1","Conserve Battery+1","Apotheosis+1","BootSequence+1","Replay:Bootleg Shield Generator+1","Replay:Bootleg Shield Generator","Gash+1","Go for the Eyes+1"],"relics":["Ring of Chaos","Golden Idol","Blue Doll","Regal Pillow","Bottled Flame","Replay:Grab Bag","Busted Crown","Sozu","Empty Cage","Membership Card","PreservedInsect","Vajra","Oddly Smooth Stone","ReplayTheSpireMod:Lightbulb","Runic Pyramid","Happy Flower","Chameleon Ring","Anchor","TungstenRod"],"acts_visited":["Exordium","TheCity","TheBeyond"],"potions_floor_usage":[7,7,12],"damage_taken":[{"damage":1,"enemies":"Jaw Worm","floor":1,"turns":4},{"damage":0,"enemies":"2 Louse","floor":2,"turns":3},{"damage":6,"enemies":"Cultist","floor":4,"turns":4},{"damage":13,"enemies":"Large Slime","floor":5,"turns":8},{"damage":0,"enemies":"Lagavulin","floor":7,"turns":7},{"damage":10,"enemies":"3 Sentries","floor":12,"turns":8},{"damage":0,"enemies":"Red Slaver","floor":13,"turns":7},{"damage":19,"enemies":"Slime Boss","floor":16,"turns":17},{"damage":10,"enemies":"3 Byrds","floor":18,"turns":10},{"damage":7,"enemies":"2 Thieves","floor":19,"turns":5},{"damage":0,"enemies":"Replay:Snechameleon","floor":24,"turns":6},{"damage":9,"enemies":"Slavers","floor":28,"turns":4},{"damage":2,"enemies":"Snecko","floor":29,"turns":4},{"damage":0,"enemies":"Snake Plant","floor":31,"turns":3},{"damage":20,"enemies":"Champ","floor":33,"turns":9},{"damage":0,"enemies":"3 Shapes","floor":35,"turns":4},{"damage":0,"enemies":"Orb Walker","floor":37,"turns":3},{"damage":0,"enemies":"Transient","floor":41,"turns":5},{"damage":0,"enemies":"R_Hoarder","floor":42,"turns":7},{"damage":18,"enemies":"Reptomancer","floor":45,"turns":5},{"damage":0,"enemies":"Maw","floor":46,"turns":8},{"damage":0,"enemies":"Mind Bloom Boss Battle","floor":48,"turns":8},{"damage":5,"enemies":"Donu and Deca","floor":50,"turns":12}],"seed_played":"-7604262714140631209","potions_obtained":[{"floor":2,"key":"SteroidPotion"},{"floor":5,"key":"SteroidPotion"},{"floor":7,"key":"PowerPotion"},{"floor":16,"key":"BlessingOfTheForge"}],"is_trial":false,"path_per_floor":["M","M","?","M","M","R","E","R","T","R","$","E","M","?","R","B",null,"M","M","$","?","$","R","E","R","T","R","E","M","R","M","R","B",null,"M","$","M","?","?","R","M","E","T","R","E","M","R","?","R","B",null],"character_chosen":"DEFECT","items_purchased":["Finesse+1","Membership Card","Rip and Tear","PreservedInsect","Apotheosis","BootSequence+1","Happy Flower","Replay:Bootleg Shield Generator"],"campfire_rested":3,"item_purchase_floors":[11,20,22,22,36,36,36,36],"current_hp_per_floor":[74,74,56,50,37,37,37,37,37,74,74,64,64,64,64,45,75,65,58,58,58,58,58,58,58,58,58,49,47,47,47,75,55,75,75,75,75,71,71,71,71,71,71,71,53,53,71,71,71,66],"gold":240,"neow_bonus":"BOSS_RELIC","is_daily":false,"chose_seed":false,"campfire_upgraded":9,"win_rate":0.0,"timestamp":1613511802,"path_taken":["M","M","?","M","M","R","E","R","T","R","$","E","M","?","R","BOSS","M","M","?","?","$","R","E","R","T","R","E","M","R","M","R","BOSS","M","$","M","?","?","R","?","E","T","R","E","M","R","?","R","BOSS"],"items_purchased_type":["Card","Relic","Card","Relic","Card","Card","Relic","Card"],"build_version":"2020-12-18","purchased_purges":3,"victory":true,"max_hp_per_floor":[75,75,75,75,75,75,75,75,75,75,75,75,75,75,75,75,75,75,75,75,75,75,75,75,75,75,75,75,75,75,75,75,75,75,75,75,75,71,71,71,71,71,71,71,71,71,71,71,71,71],"relic_stats":{"Sozu":6,"Regal Pillow":21,"Busted Crown":28,"Happy Flower":[16],"counters":[23,151],"Golden Idol":182,"PreservedInsect":209,"obtain_stats":[{"Regal Pillow":9,"Happy Flower":36,"Golden Idol":3,"Replay:Grab Bag":17,"Vajra":24,"Oddly Smooth Stone":26,"Blue Doll":7,"Ring of Chaos":0,"PreservedInsect":22,"Empty Cage":17,"Sozu":17,"Bottled Flame":12,"Anchor":45,"Busted Crown":17,"Chameleon Ring":43,"Membership Card":20,"Cracked Core":0,"ReplayTheSpireMod:Lightbulb":28,"TungstenRod":48,"Runic Pyramid":34},{"Regal Pillow":5,"Happy Flower":16,"Golden Idol":2,"Replay:Grab Bag":8,"Vajra":11,"Oddly Smooth Stone":11,"Blue Doll":5,"Ring of Chaos":0,"PreservedInsect":10,"Empty Cage":8,"Sozu":8,"Bottled Flame":6,"Anchor":20,"Busted Crown":8,"Chameleon Ring":19,"Membership Card":10,"Cracked Core":0,"ReplayTheSpireMod:Lightbulb":12,"TungstenRod":22,"Runic Pyramid":15},{"Regal Pillow":26,"Happy Flower":103,"Golden Idol":7,"Replay:Grab Bag":58,"Vajra":79,"Oddly Smooth Stone":79,"Blue Doll":26,"Ring of Chaos":0,"PreservedInsect":73,"Empty Cage":58,"Sozu":58,"Bottled Flame":34,"Anchor":123,"Busted Crown":58,"Chameleon Ring":118,"Membership Card":73,"Cracked Core":0,"ReplayTheSpireMod:Lightbulb":83,"TungstenRod":139,"Runic Pyramid":99}],"TungstenRod":2},"card_choices":[{"not_picked":["ReplaySort","Turbo"],"picked":"Go for the Eyes","floor":1},{"not_picked":["ReplaySolidLightProjector","ReplayTheSpireMod:Reroute Power"],"picked":"Reprogram","floor":2},{"not_picked":["Stack","ReplayTheSpireMod:Reroute Power","Panic Button"],"picked":"SKIP","floor":4},{"not_picked":["ReplayGash","Panic Button"],"picked":"Hologram","floor":5},{"not_picked":["Steam Power","Beam Cell"],"picked":"Leap","floor":7},{"not_picked":["Lockon","Amplify"],"picked":"Hologram","floor":12},{"not_picked":["Sweeping Beam","Chaos"],"picked":"Rebound","floor":13},{"not_picked":["Leap"],"picked":"SKIP","floor":18},{"not_picked":[],"picked":"Rebound+1","floor":19},{"not_picked":[],"picked":"Sweeping Beam","floor":24},{"not_picked":["Loop"],"picked":"SKIP","floor":28},{"not_picked":[],"picked":"Rip and Tear+1","floor":29},{"not_picked":["Panic Button"],"picked":"SKIP","floor":31},{"not_picked":[],"picked":"Conserve Battery","floor":35},{"not_picked":[],"picked":"Gash+1","floor":37},{"not_picked":["Sweeping Beam"],"picked":"SKIP","floor":41},{"not_picked":["Steam Power+1"],"picked":"SKIP","floor":42},{"not_picked":["ReplayTheSpireMod:Fabricate Wheel"],"picked":"SKIP","floor":45},{"not_picked":[],"picked":"Go for the Eyes+1","floor":46}],"player_experience":1144749,"relics_obtained":[{"floor":7,"key":"Blue Doll"},{"floor":9,"key":"Regal Pillow"},{"floor":12,"key":"Bottled Flame"},{"floor":24,"key":"Vajra"},{"floor":26,"key":"Oddly Smooth Stone"},{"floor":28,"key":"ReplayTheSpireMod:Lightbulb"},{"floor":43,"key":"Chameleon Ring"},{"floor":45,"key":"Anchor"},{"floor":48,"key":"TungstenRod"}],"event_choices":[{"damage_healed":0,"gold_gain":0,"player_choice":"Take Damage","damage_taken":18,"relics_obtained":["Golden Idol"],"max_hp_gain":0,"max_hp_loss":0,"event_name":"Golden Idol","floor":3,"gold_loss":0},{"damage_healed":0,"gold_gain":100,"player_choice":"Pray","damage_taken":0,"max_hp_gain":0,"max_hp_loss":0,"event_name":"Golden Shrine","floor":14,"gold_loss":0},{"damage_healed":0,"gold_gain":0,"player_choice":"Ignored","damage_taken":0,"max_hp_gain":0,"max_hp_loss":0,"event_name":"betterNote:BetterNote","floor":21,"gold_loss":0,"cards_obtained":["Die Die Die"]},{"damage_healed":0,"gold_gain":0,"player_choice":"Max HP","damage_taken":0,"max_hp_gain":0,"max_hp_loss":4,"event_name":"Winding Halls","floor":38,"gold_loss":0},{"damage_healed":0,"gold_gain":0,"player_choice":"Upgraded","damage_taken":0,"max_hp_gain":0,"max_hp_loss":0,"event_name":"Upgrade Shrine","floor":39,"gold_loss":0,"cards_upgraded":["Apotheosis"]},{"damage_healed":0,"gold_gain":0,"player_choice":"Fight","damage_taken":0,"max_hp_gain":0,"max_hp_loss":0,"event_name":"MindBloom","floor":48,"gold_loss":0}],"is_beta":true,"boss_relics":[{"not_picked":["Velvet Choker","Abe\u0027s Treasure"],"picked":"Replay:Grab Bag"},{"not_picked":["Coffee Dripper","Fusion Hammer"],"picked":"Busted Crown"},{"not_picked":["Cursed Key","Replay:Wanted Poster"],"picked":"Sozu"},{"not_picked":["SacredBark","Snecko Heart"],"picked":"Empty Cage"},{"not_picked":["Black Star","Honey Jar"],"picked":"Runic Pyramid"}],"items_purged_floors":[11,20,36],"is_endless":false,"potions_floor_spawned":[2,5,7,16,18,19,29,35,37,46],"ascension_level":1}}